#Date;TrdTime;Contract;ContractType;TrdTyp;Currency;TesId;Prc;Qty;TrdInd;Aggressor;Buy;Sell;Exch;InstrumentId;RelatedProdId;PrcDecomp
18.11.2024;10:50:51.166;2FE SI 20250619 PS AM C 400.00 0;SIMPLE_INSTRUMENT;BLOCK;EUR;7;38.65000000;100;EXCHANGE_LAST;;1;1;XEUR;9533688;57129;
18.11.2024;10:11:49.735;A2LV SI 20251219 CS;SIMPLE_INSTRUMENT;BLOCK;EUR;7;15.00000000;25;EXCHANGE_LAST;;1;1;XEUR;3681050;12;
18.11.2024;10:53:38.765;A2LV SI 20251219 CS;SIMPLE_INSTRUMENT;BLOCK;EUR;11;15.00000000;25;EXCHANGE_LAST;;1;1;XEUR;3681050;12;
18.11.2024;14:12:06.147;A2XA SI 20241220 CS;SIMPLE_INSTRUMENT;BLOCK;EUR;40;1.98000000;1291;EXCHANGE_LAST;;3;1;XEUR;3629711;17;
18.11.2024;14:12:21.796;A2XA SI 20251219 CS;SIMPLE_INSTRUMENT;BLOCK;EUR;41;2.08000000;1291;EXCHANGE_LAST;;3;1;XEUR;3681055;17;
18.11.2024;14:12:30.316;A2XA SI 20261218 CS;SIMPLE_INSTRUMENT;BLOCK;EUR;42;2.08000000;1291;EXCHANGE_LAST;;3;1;XEUR;4632093;17;
18.11.2024;14:12:40.279;A2XA SI 20271217 CS;SIMPLE_INSTRUMENT;BLOCK;EUR;43;1.95000000;1291;EXCHANGE_LAST;;3;1;XEUR;5914267;17;
18.11.2024;14:12:49.864;A2XA SI 20281215 CS;SIMPLE_INSTRUMENT;BLOCK;EUR;44;1.85000000;1291;EXCHANGE_LAST;;3;1;XEUR;6796967;17;
18.11.2024;09:37:25.663;AAR.O.241118.BRT.000101;STANDARD_OPTION_STRATEGY;BLOCK;EUR;2;0.33000000;2500;EXCHANGE_LAST;;1;1;XEUR;72264396713237658;48150;
18.11.2024;09:37:25.663;AAR SI 20250321 PS AM P 14.00 0;SIMPLE_INSTRUMENT;BLOCK;EUR;2;0.48000000;2500;PRC_DECOMP_EXCHANGE;;;;XEUR;10866531;48150;EXCHANGE
18.11.2024;09:37:25.663;AAR SI 20241220 PS AM P 14.00 0;SIMPLE_INSTRUMENT;BLOCK;EUR;2;0.15000000;2500;PRC_DECOMP_EXCHANGE;;;;XEUR;4636924;48150;EXCHANGE
18.11.2024;10:07:11.298;ADEN SI 20250321 PS AM P 22.00 0;SIMPLE_INSTRUMENT;BLOCK;CHF;9;0.81000000;1250;EXCHANGE_LAST;;1;1;XEUR;10827982;44;
18.11.2024;12:15:07.712;ADEN.O.241118.STG.000103;STANDARD_OPTION_STRATEGY;BLOCK;CHF;32;2.41000000;2000;EXCHANGE_LAST;;1;1;XEUR;72057783016514549;44;
18.11.2024;12:15:07.712;ADEN SI 20250919 PS AM C 26.00 0;SIMPLE_INSTRUMENT;BLOCK;CHF;32;1.08000000;2000;PRC_DECOMP_EXCHANGE;;;;XEUR;11870197;44;EXCHANGE
18.11.2024;12:15:07.712;ADEN SI 20250919 PS AM P 20.00 0;SIMPLE_INSTRUMENT;BLOCK;CHF;32;1.33000000;2000;PRC_DECOMP_EXCHANGE;;;;XEUR;11870213;44;EXCHANGE
18.11.2024;14:53:36.073;ADEN.O.241118.BRT.000104;STANDARD_OPTION_STRATEGY;BLOCK;CHF;62;1.42000000;2000;EXCHANGE_LAST;;1;1;XEUR;72057783016514550;44;
18.11.2024;14:53:36.073;ADEN SI 20250321 PS AM P 24.00 0;SIMPLE_INSTRUMENT;BLOCK;CHF;62;1.68000000;2000;PRC_DECOMP_EXCHANGE;;;;XEUR;10827978;44;EXCHANGE
18.11.2024;14:53:36.073;ADEN SI 20250919 PS AM P 24.00 0;SIMPLE_INSTRUMENT;BLOCK;CHF;62;3.10000000;2000;PRC_DECOMP_EXCHANGE;;;;XEUR;11870200;44;EXCHANGE
18.11.2024;15:33:05.679;ADS SI 20260619 PS AM P 200.00 0;SIMPLE_INSTRUMENT;BLOCK;EUR;10;21.50000000;500;EXCHANGE_LAST;;2;2;XEUR;9536502;50;
18.11.2024;10:05:32.932;ALV SI 20250321 PS AM C 300.00 0;SIMPLE_INSTRUMENT;BLOCK;EUR;1;7.00000000;450;EXCHANGE_LAST;;1;1;XEUR;10829574;74;
18.11.2024;10:05:32.991;ALV SI 20251219 PS AM P 260.00 0;SIMPLE_INSTRUMENT;BLOCK;EUR;2;11.30000000;450;EXCHANGE_LAST;;1;1;XEUR;10976920;74;
18.11.2024;10:14:10.108;ALV SI 20241220 PS AM P 240.00 0;SIMPLE_INSTRUMENT;BLOCK;EUR;3;0.44000000;300;EXCHANGE_LAST;;1;1;XEUR;4638030;74;
18.11.2024;13:58:43.249;ALV SI 20241220 PS AM C 300.00 0;SIMPLE_INSTRUMENT;BLOCK;EUR;10;1.16000000;700;EXCHANGE_LAST;;1;1;XEUR;10368143;74;
18.11.2024;14:58:42.711;ANN SI 20241220 PS AM P 22.00 0;SIMPLE_INSTRUMENT;BLOCK;EUR;10;0.03000000;822;EXCHANGE_LAST;;1;1;XEUR;9100936;45202;
18.11.2024;14:58:48.553;ANN SI 20241220 PS AM P 22.00 0;SIMPLE_INSTRUMENT;BLOCK;EUR;11;0.04000000;822;EXCHANGE_LAST;;1;1;XEUR;9100936;45202;
18.11.2024;16:08:46.371;ANN SI 20250919 PS AM P 28.00 0;SIMPLE_INSTRUMENT;BLOCK;EUR;15;2.61000000;1500;EXCHANGE_LAST;;1;1;XEUR;11906438;45202;
18.11.2024;16:36:42.185;ANN SI 20250620 PS AM P 26.00 0;SIMPLE_INSTRUMENT;BLOCK;EUR;16;1.42000000;2500;EXCHANGE_LAST;;2;1;XEUR;11386652;45202;
18.11.2024;15:11:48.168;ASG5 FI 20250515 PS EU P 23.5000 0;FLEXIBLE_INSTRUMENT;BLOCK;EUR;25;0.40000000;70000;EXCHANGE_LAST;;1;1;XEUR;1152921972758285306;109;
18.11.2024;15:12:59.780;ASG5 FI 20250515 PS EU C 31.0000 0;FLEXIBLE_INSTRUMENT;BLOCK;EUR;26;0.23000000;35000;EXCHANGE_LAST;;1;1;XEUR;1152921972758285307;109;
18.11.2024;10:32:32.517;AXA SI 20241220 PS AM P 32.00 0;SIMPLE_INSTRUMENT;BLOCK;EUR;10;0.26000000;2250;EXCHANGE_LAST;;1;1;XEUR;4638800;127;
18.11.2024;10:56:50.747;AXA SI 20241220 PS AM P 30.00 0;SIMPLE_INSTRUMENT;BLOCK;EUR;15;0.14000000;2500;EXCHANGE_LAST;;1;1;XEUR;9106592;127;
18.11.2024;13:54:01.742;AXA SI 20251219 PS AM P 26.00 0;SIMPLE_INSTRUMENT;BLOCK;EUR;33;0.76000000;1250;EXCHANGE_LAST;;1;1;XEUR;9654320;127;
18.11.2024;14:06:31.139;AXA FI 20281215 PS EU P 34.0000 0;FLEXIBLE_INSTRUMENT;BLOCK;EUR;35;6.70000000;14500;EXCHANGE_LAST;;1;1;XEUR;1152922050067703727;127;
18.11.2024;14:06:34.188;AXA FI 20281215 PS EU C 34.0000 0;FLEXIBLE_INSTRUMENT;BLOCK;EUR;36;3.20000000;14500;EXCHANGE_LAST;;1;1;XEUR;1152922050067703728;127;
18.11.2024;15:35:45.755;B2AS SI 20251219 CS;SIMPLE_INSTRUMENT;BLOCK;EUR;59;2.21500000;250;EXCHANGE_LAST;;3;1;XEUR;3681119;140;
18.11.2024;10:51:43.097;B2NP SI 20251219 CS;SIMPLE_INSTRUMENT;BLOCK;EUR;10;4.85000000;50;EXCHANGE_LAST;;1;1;XEUR;5914355;131;
18.11.2024;11:15:48.776;B2NP SI 20251219 CS;SIMPLE_INSTRUMENT;BLOCK;EUR;18;4.85500000;200;EXCHANGE_LAST;;1;1;XEUR;5914355;131;
18.11.2024;12:25:29.885;B2NP SI 20251219 CS;SIMPLE_INSTRUMENT;BLOCK;EUR;30;4.85500000;200;EXCHANGE_LAST;;1;1;XEUR;5914355;131;
18.11.2024;10:11:59.014;BAEN SI 20241220 PS AM P 42.00 0;SIMPLE_INSTRUMENT;BLOCK;CHF;10;0.17000000;800;EXCHANGE_LAST;;1;1;XEUR;10396592;159;
18.11.2024;14:55:02.056;BAEN SI 20250919 PS AM P 46.00 0;SIMPLE_INSTRUMENT;BLOCK;CHF;63;2.70000000;400;EXCHANGE_LAST;;1;1;XEUR;11872958;159;
18.11.2024;14:56:28.511;BAEN SI 20241220 PS AM P 50.00 0;SIMPLE_INSTRUMENT;BLOCK;CHF;64;0.85000000;400;EXCHANGE_LAST;;1;1;XEUR;10396580;159;
18.11.2024;12:39:56.740;BALN.N.241118.000102;NON_STANDARD_OPTION_STRATEGY;BLOCK;CHF;37;1.43000000;200;EXCHANGE_LAST;;1;1;XEUR;72058225398131544;147;
18.11.2024;12:39:56.740;BALN SI 20250620 PS AM P 130.00 0;SIMPLE_INSTRUMENT;BLOCK;CHF;37;1.24000000;400;PRC_DECOMP_EXCHANGE;;;;XEUR;11350568;147;EXCHANGE
18.11.2024;12:39:56.740;BALN SI 20250321 PS AM P 160.00 0;SIMPLE_INSTRUMENT;BLOCK;CHF;37;3.91000000;200;PRC_DECOMP_EXCHANGE;;;;XEUR;10830607;147;EXCHANGE
18.11.2024;13:48:00.865;BALN SI 20241220 PS AM C 174.00 0;SIMPLE_INSTRUMENT;BLOCK;CHF;46;0.72000000;1000;EXCHANGE_LAST;;2;1;XEUR;11872423;147;
18.11.2024;08:58:23.278;BARN.N.241118.000102;NON_STANDARD_OPTION_STRATEGY;BLOCK;CHF;3;45.70000000;200;EXCHANGE_LAST;;1;1;XEUR;72058233988061115;149;
18.11.2024;08:58:23.278;BARN SI 20241220 PS AM P 1360.00 0;SIMPLE_INSTRUMENT;BLOCK;CHF;3;56.08000000;200;PRC_DECOMP_EXCHANGE;;;;XEUR;8774064;149;EXCHANGE
18.11.2024;08:58:23.278;BARN SI 20260619 PS AM P 1040.00 0;SIMPLE_INSTRUMENT;BLOCK;CHF;3;50.89000000;400;PRC_DECOMP_EXCHANGE;;;;XEUR;11350603;149;EXCHANGE
18.11.2024;09:04:41.950;BAS.O.241118.BRT.000108;STANDARD_OPTION_STRATEGY;BLOCK;EUR;5;1.02000000;1000;EXCHANGE_LAST;;1;1;XEUR;72058238283089628;150;
18.11.2024;09:04:41.950;BAS SI 20250321 PS AM P 44.00 0;SIMPLE_INSTRUMENT;BLOCK;EUR;5;2.62000000;1000;PRC_DECOMP_MEMBER;;;;XEUR;10830944;150;MEMBER
18.11.2024;09:04:41.950;BAS SI 20241220 PS AM P 44.00 0;SIMPLE_INSTRUMENT;BLOCK;EUR;5;1.60000000;1000;PRC_DECOMP_MEMBER;;;;XEUR;4705204;150;MEMBER
18.11.2024;11:21:20.446;BAS SI 20241220 PS AM C 44.00 0;SIMPLE_INSTRUMENT;BLOCK;EUR;7;0.97000000;750;EXCHANGE_LAST;;1;1;XEUR;4705199;150;
18.11.2024;11:50:13.591;BAS.O.241118.BRT.000121;STANDARD_OPTION_STRATEGY;BLOCK;EUR;9;0.78000000;3000;EXCHANGE_LAST;;1;1;XEUR;72058238283089641;150;
18.11.2024;11:50:13.591;BAS SI 20251219 PS AM P 42.00 0;SIMPLE_INSTRUMENT;BLOCK;EUR;9;4.01000000;3000;PRC_DECOMP_EXCHANGE;;;;XEUR;7509842;150;EXCHANGE
18.11.2024;11:50:13.591;BAS SI 20250620 PS AM P 42.00 0;SIMPLE_INSTRUMENT;BLOCK;EUR;9;3.23000000;3000;PRC_DECOMP_EXCHANGE;;;;XEUR;11350808;150;EXCHANGE
18.11.2024;13:08:08.937;BAS SI 20241220 PS AM P 48.00 0;SIMPLE_INSTRUMENT;BLOCK;EUR;11;5.00000000;750;EXCHANGE_LAST;;1;1;XEUR;4639210;150;
18.11.2024;13:53:54.070;BAS SI 20241220 PS AM C 46.00 0;SIMPLE_INSTRUMENT;BLOCK;EUR;13;0.32000000;500;EXCHANGE_LAST;;1;1;XEUR;7509951;150;
18.11.2024;13:54:01.077;BAS SI 20241220 PS AM C 46.00 0;SIMPLE_INSTRUMENT;BLOCK;EUR;14;0.33000000;500;EXCHANGE_LAST;;1;1;XEUR;7509951;150;
18.11.2024;14:08:05.826;BAS SI 20241220 PS AM C 46.00 0;SIMPLE_INSTRUMENT;BLOCK;EUR;15;0.34000000;1000;EXCHANGE_LAST;;1;1;XEUR;7509951;150;
18.11.2024;09:16:36.099;BAY SI 20250919 PS AM P 18.00 0;SIMPLE_INSTRUMENT;BLOCK;EUR;6;1.56000000;3500;EXCHANGE_LAST;;1;1;XEUR;11873082;168;
18.11.2024;11:35:04.150;BAY.O.241118.STD.000130;STANDARD_OPTION_STRATEGY;BLOCK;EUR;8;5.45000000;2000;EXCHANGE_LAST;;1;1;XEUR;72058315592506191;168;
18.11.2024;11:35:04.150;BAY SI 20250919 PS AM P 21.00 0;SIMPLE_INSTRUMENT;BLOCK;EUR;8;2.95000000;2000;PRC_DECOMP_EXCHANGE;;;;XEUR;12231597;168;EXCHANGE
18.11.2024;11:35:04.150;BAY SI 20250919 PS AM C 21.00 0;SIMPLE_INSTRUMENT;BLOCK;EUR;8;2.50000000;2000;PRC_DECOMP_EXCHANGE;;;;XEUR;12231600;168;EXCHANGE
18.11.2024;11:52:37.828;BAY SI 20251219 PS AM P 18.00 0;SIMPLE_INSTRUMENT;BLOCK;EUR;10;1.84000000;1500;EXCHANGE_LAST;;1;1;XEUR;8112351;168;
18.11.2024;13:36:07.285;BAY SI 20250321 PS AM P 19.00 0;SIMPLE_INSTRUMENT;BLOCK;EUR;12;1.19000000;10000;EXCHANGE_LAST;;1;1;XEUR;10831451;168;
18.11.2024;08:27:42.644;BAYE SI 20250117 PS EU P 31.50 0;SIMPLE_INSTRUMENT;BLOCK;EUR;1;10.73000000;1500;EXCHANGE_LAST;;1;1;XEUR;12069200;175;
18.11.2024;11:45:45.565;BCVN SI 20250321 PS AM P 76.00 0;SIMPLE_INSTRUMENT;BLOCK;CHF;27;0.75000000;175;EXCHANGE_LAST;;1;1;XEUR;10831623;185;
18.11.2024;09:34:13.140;BMW SI 20241129 PS AM C 71.00 0;SIMPLE_INSTRUMENT;BLOCK;EUR;2;0.65000000;1600;EXCHANGE_LAST;;1;1;XEUR;12070011;210;
18.11.2024;13:29:10.168;BMW SI 20250321 PS AM C 72.00 0;SIMPLE_INSTRUMENT;BLOCK;EUR;9;3.10000000;2000;EXCHANGE_LAST;;1;1;XEUR;10832603;210;
18.11.2024;13:57:19.476;BMW SI 20241220 PS AM C 75.00 0;SIMPLE_INSTRUMENT;BLOCK;EUR;10;0.30000000;1000;EXCHANGE_LAST;;1;1;XEUR;11874581;210;
18.11.2024;14:24:39.770;BMW SI 20241220 PS AM C 75.00 0;SIMPLE_INSTRUMENT;BLOCK;EUR;14;0.31000000;1500;EXCHANGE_LAST;;1;1;XEUR;11874581;210;
18.11.2024;14:55:20.280;BMW SI 20241220 PS AM C 75.00 0;SIMPLE_INSTRUMENT;BLOCK;EUR;16;0.35000000;1000;EXCHANGE_LAST;;1;1;XEUR;11874581;210;
18.11.2024;16:36:20.831;BMW SI 20241220 PS AM P 60.00 0;SIMPLE_INSTRUMENT;BLOCK;EUR;20;0.29000000;1000;EXCHANGE_LAST;;1;1;XEUR;4640264;210;
18.11.2024;11:31:43.294;BNP SI 20250321 PS AM C 64.00 0;SIMPLE_INSTRUMENT;BLOCK;EUR;17;1.96000000;1300;EXCHANGE_LAST;;1;1;XEUR;10832961;237;
18.11.2024;11:31:45.610;BNP SI 20250321 PS AM P 60.00 0;SIMPLE_INSTRUMENT;BLOCK;EUR;18;2.91000000;1300;EXCHANGE_LAST;;1;1;XEUR;10832956;237;
18.11.2024;12:29:42.416;BNP.O.241118.BR23.000103;STANDARD_OPTION_STRATEGY;BLOCK;EUR;22;-9.20000000;1050;EXCHANGE_LAST;;1;2;XEUR;72058611945198535;237;
18.11.2024;12:29:42.416;BNP SI 20271217 PS AM P 40.00 0;SIMPLE_INSTRUMENT;BLOCK;EUR;22;4.10000000;3150;PRC_DECOMP_EXCHANGE;;;;XEUR;8776272;237;EXCHANGE
18.11.2024;12:29:42.416;BNP SI 20271217 PS AM P 56.00 0;SIMPLE_INSTRUMENT;BLOCK;EUR;22;10.75000000;2100;PRC_DECOMP_EXCHANGE;;;;XEUR;8776319;237;EXCHANGE
18.11.2024;09:12:57.228;BNRG SI 20250117 CS;SIMPLE_INSTRUMENT;BLOCK;EUR;2;60.36470000;100;EXCHANGE_LAST;;1;1;XEUR;10433168;44360;
18.11.2024;11:07:24.333;C2RT SI 20241220 CS;SIMPLE_INSTRUMENT;BLOCK;EUR;13;0.54100000;5266;EXCHANGE_LAST;;1;1;XEUR;4632257;151297;
18.11.2024;11:07:32.481;C2RT SI 20241220 CS;SIMPLE_INSTRUMENT;BLOCK;EUR;15;0.54000000;2257;EXCHANGE_LAST;;1;1;XEUR;4632257;151297;
18.11.2024;11:21:42.880;C2RT SI 20241220 CS;SIMPLE_INSTRUMENT;BLOCK;EUR;20;0.54100000;3408;EXCHANGE_LAST;;1;1;XEUR;4632257;151297;
18.11.2024;11:21:52.207;C2RT SI 20241220 CS;SIMPLE_INSTRUMENT;BLOCK;EUR;21;0.54000000;1460;EXCHANGE_LAST;;1;1;XEUR;4632257;151297;
18.11.2024;12:39:49.417;C2RT SI 20241220 CS;SIMPLE_INSTRUMENT;BLOCK;EUR;32;0.54000000;2124;EXCHANGE_LAST;;1;1;XEUR;4632257;151297;
18.11.2024;12:40:11.565;C2RT SI 20241220 CS;SIMPLE_INSTRUMENT;BLOCK;EUR;33;0.54100000;4956;EXCHANGE_LAST;;1;1;XEUR;4632257;151297;
18.11.2024;09:52:53.349;C4RI SI 20271217 CS;SIMPLE_INSTRUMENT;BLOCK;EUR;6;2.65000000;100;EXCHANGE_LAST;;1;1;XEUR;8408414;50862;
18.11.2024;10:23:54.796;CFR SI 20241220 PS AM P 120.00 0;SIMPLE_INSTRUMENT;BLOCK;CHF;11;3.80000000;850;EXCHANGE_LAST;;2;1;XEUR;9996582;313;
18.11.2024;11:20:43.740;CFR SI 20250919 PS AM C 100.00 0;SIMPLE_INSTRUMENT;BLOCK;CHF;22;25.70000000;300;EXCHANGE_LAST;;1;1;XEUR;11876326;313;
18.11.2024;08:46:18.389;CONI SI 20250117 CS;SIMPLE_INSTRUMENT;BLOCK;EUR;1;64.72240000;50;EXCHANGE_LAST;;1;1;XEUR;10453622;414627;
18.11.2024;11:05:31.668;CRTG SI 20241220 CS;SIMPLE_INSTRUMENT;BLOCK;EUR;12;5.63680000;85000;EXCHANGE_LAST;;1;1;XEUR;7033481;335;
18.11.2024;11:21:15.604;CRTG SI 20241220 CS;SIMPLE_INSTRUMENT;BLOCK;EUR;19;5.63680000;55000;EXCHANGE_LAST;;1;1;XEUR;7033481;335;
18.11.2024;12:39:41.414;CRTG SI 20241220 CS;SIMPLE_INSTRUMENT;BLOCK;EUR;31;5.62080000;80000;EXCHANGE_LAST;;1;1;XEUR;7033481;335;
18.11.2024;11:45:13.410;CSF SI 20250321 PS AM P 130.00 0;SIMPLE_INSTRUMENT;BLOCK;EUR;20;1.74000000;350;EXCHANGE_LAST;;1;1;XEUR;10834943;333;
18.11.2024;14:13:38.291;DAI SI 20241220 PS AM C 57.00 0;SIMPLE_INSTRUMENT;BLOCK;EUR;11;0.31000000;2000;EXCHANGE_LAST;;1;1;XEUR;11925518;443196;
18.11.2024;12:21:35.203;DB1 SI 20241220 PS AM P 180.00 0;SIMPLE_INSTRUMENT;BLOCK;EUR;4;0.15000000;270;EXCHANGE_LAST;;1;1;XEUR;4642488;361;
18.11.2024;14:26:15.372;DBK SI 20241220 PS AM C 17.00 0;SIMPLE_INSTRUMENT;BLOCK;EUR;6;0.18000000;3000;EXCHANGE_LAST;;1;1;XEUR;10401616;362;
18.11.2024;14:57:18.081;DBK SI 20241220 PS AM C 17.00 0;SIMPLE_INSTRUMENT;BLOCK;EUR;7;0.19000000;3000;EXCHANGE_LAST;;1;1;XEUR;10401616;362;
18.11.2024;15:30:05.432;DBK.O.241118.STD.000112;STANDARD_OPTION_STRATEGY;BLOCK;EUR;8;3.12000000;2500;EXCHANGE_LAST;;1;1;XEUR;72059148816158720;362;
18.11.2024;15:30:05.432;DBK SI 20250620 PS AM P 17.00 0;SIMPLE_INSTRUMENT;BLOCK;EUR;8;2.06000000;2500;PRC_DECOMP_EXCHANGE;;;;XEUR;11355635;362;EXCHANGE
18.11.2024;15:30:05.432;DBK SI 20250620 PS AM C 17.00 0;SIMPLE_INSTRUMENT;BLOCK;EUR;8;1.06000000;2500;PRC_DECOMP_EXCHANGE;;;;XEUR;11355632;362;EXCHANGE
18.11.2024;15:49:12.261;DBK SI 20250919 PS AM C 17.00 0;SIMPLE_INSTRUMENT;BLOCK;EUR;11;1.29000000;10000;EXCHANGE_LAST;;2;2;XEUR;11877442;362;
18.11.2024;13:33:07.271;DHE.O.241118.BUL.000103;STANDARD_OPTION_STRATEGY;BLOCK;EUR;6;0.30000000;250;EXCHANGE_LAST;;1;1;XEUR;72302986994399081;57135;
18.11.2024;13:33:07.271;DHE SI 20241220 PS AM C 42.00 0;SIMPLE_INSTRUMENT;BLOCK;EUR;6;0.73000000;250;PRC_DECOMP_EXCHANGE;;;;XEUR;7377984;57135;EXCHANGE
18.11.2024;13:33:07.271;DHE SI 20241220 PS AM C 45.00 0;SIMPLE_INSTRUMENT;BLOCK;EUR;6;0.43000000;250;PRC_DECOMP_EXCHANGE;;;;XEUR;12014254;57135;EXCHANGE
18.11.2024;10:17:36.382;DTE.O.241118.BUL.000111;STANDARD_OPTION_STRATEGY;BLOCK;EUR;3;0.23000000;1500;EXCHANGE_LAST;;1;1;XEUR;72059415104105823;424;
18.11.2024;10:17:36.382;DTE SI 20241220 PS AM C 29.00 0;SIMPLE_INSTRUMENT;BLOCK;EUR;3;0.33000000;1500;PRC_DECOMP_EXCHANGE;;;;XEUR;11878495;424;EXCHANGE
18.11.2024;10:17:36.382;DTE SI 20241220 PS AM C 30.00 0;SIMPLE_INSTRUMENT;BLOCK;EUR;3;0.10000000;1500;PRC_DECOMP_EXCHANGE;;;;XEUR;10402204;424;EXCHANGE
18.11.2024;09:34:38.909;E2NL SI 20261218 CS;SIMPLE_INSTRUMENT;BLOCK;EUR;4;0.45500000;500;EXCHANGE_LAST;;1;1;XEUR;4632356;471;
18.11.2024;15:11:17.679;E2NT SI 20241220 CS;SIMPLE_INSTRUMENT;BLOCK;EUR;50;0.97000000;2250;EXCHANGE_LAST;;2;1;XEUR;3629727;470;
18.11.2024;15:12:23.906;E2NT SI 20251219 CS;SIMPLE_INSTRUMENT;BLOCK;EUR;51;1.00000000;2250;EXCHANGE_LAST;;2;1;XEUR;3681294;470;
18.11.2024;15:12:51.394;E2NT SI 20261218 CS;SIMPLE_INSTRUMENT;BLOCK;EUR;52;0.97000000;2250;EXCHANGE_LAST;;2;1;XEUR;4632357;470;
18.11.2024;15:13:18.137;E2NT SI 20271217 CS;SIMPLE_INSTRUMENT;BLOCK;EUR;53;0.93000000;2250;EXCHANGE_LAST;;2;1;XEUR;5914575;470;
18.11.2024;10:10:38.208;EAD SI 20241220 PS AM P 130.00 0;SIMPLE_INSTRUMENT;BLOCK;EUR;9;1.54000000;300;EXCHANGE_LAST;;1;1;XEUR;11013843;465;
18.11.2024;09:42:22.839;ELVH SI 20250321 CS;SIMPLE_INSTRUMENT;BLOCK;EUR;5;42.97160000;1500;EXCHANGE_LAST;;1;1;XEUR;10720458;47535;
18.11.2024;12:48:04.728;ENL5.O.241118.STG.000102;STANDARD_OPTION_STRATEGY;BLOCK;EUR;14;1.04000000;1000;EXCHANGE_LAST;;1;1;XEUR;72059741521585543;500;
18.11.2024;12:48:04.728;ENL5 SI 20261217 PS AM P 5.60 0;SIMPLE_INSTRUMENT;BLOCK;EUR;14;0.42100000;1000;PRC_DECOMP_EXCHANGE;;;;XEUR;7147813;500;EXCHANGE
18.11.2024;12:48:04.728;ENL5 SI 20261217 PS AM C 6.40 0;SIMPLE_INSTRUMENT;BLOCK;EUR;14;0.61900000;1000;PRC_DECOMP_EXCHANGE;;;;XEUR;7147811;500;EXCHANGE
18.11.2024;14:31:55.945;ENR SI 20251219 PS AM P 20.00 0;SIMPLE_INSTRUMENT;BLOCK;EUR;7;0.49000000;600;EXCHANGE_LAST;;1;1;XEUR;5928370;298530;
18.11.2024;14:31:39.563;ENR SI 20251219 PS AM P 32.00 0;SIMPLE_INSTRUMENT;BLOCK;EUR;8;2.50000000;1200;EXCHANGE_LAST;;1;1;XEUR;5928376;298530;
18.11.2024;15:25:28.386;ENR SI 20251219 PS AM P 30.00 0;SIMPLE_INSTRUMENT;BLOCK;EUR;12;2.05000000;1500;EXCHANGE_LAST;;2;1;XEUR;6606434;298530;
18.11.2024;15:58:14.994;ENR SI 20241220 PS AM C 40.00 0;SIMPLE_INSTRUMENT;BLOCK;EUR;13;6.63000000;500;EXCHANGE_LAST;;1;1;XEUR;5909219;298530;
18.11.2024;15:58:14.993;ENR SI 20241220 PS AM C 50.00 0;SIMPLE_INSTRUMENT;BLOCK;EUR;14;1.29000000;2000;EXCHANGE_LAST;;1;1;XEUR;12193178;298530;
18.11.2024;16:49:00.906;ENR SI 20241220 PS AM C 48.00 0;SIMPLE_INSTRUMENT;BLOCK;EUR;17;1.78000000;24187;EXCHANGE_LAST;;1;1;XEUR;11861375;298530;
18.11.2024;16:49:11.424;ENR SI 20241220 PS AM C 48.00 0;SIMPLE_INSTRUMENT;BLOCK;EUR;18;1.76000000;1273;EXCHANGE_LAST;;1;1;XEUR;11861375;298530;
18.11.2024;09:47:51.782;ENT5.O.241118.COMBO.000101;STANDARD_OPTION_STRATEGY;BLOCK;EUR;4;0.02250000;2500;EXCHANGE_LAST;;1;1;XEUR;72059728636684172;497;
18.11.2024;09:47:51.782;ENT5 SI 20241219 PS AM P 13.00 0;SIMPLE_INSTRUMENT;BLOCK;EUR;4;0.06150000;2500;PRC_DECOMP_EXCHANGE;;;;XEUR;10381113;497;EXCHANGE
18.11.2024;09:47:51.782;ENT5 SI 20241219 PS AM C 15.00 0;SIMPLE_INSTRUMENT;BLOCK;EUR;4;0.03900000;2500;PRC_DECOMP_EXCHANGE;;;;XEUR;9885766;497;EXCHANGE
18.11.2024;14:54:47.324;ENT5 FI 20271216 PS EU C 13.0000 0;FLEXIBLE_INSTRUMENT;BLOCK;EUR;22;1.49000000;2500;EXCHANGE_LAST;;1;1;XEUR;1152923639205601160;497;
18.11.2024;14:55:04.603;ENT5 FI 20271216 PS EU C 13.0000 0;FLEXIBLE_INSTRUMENT;BLOCK;EUR;23;1.50000000;2500;EXCHANGE_LAST;;1;1;XEUR;1152923639205601160;497;
18.11.2024;14:55:27.161;ENT5 FI 20271216 PS EU P 13.0000 0;FLEXIBLE_INSTRUMENT;BLOCK;EUR;24;2.09000000;5000;EXCHANGE_LAST;;1;1;XEUR;1152923639205601159;497;
18.11.2024;09:39:08.845;EOA.O.241118.BRT.000104;STANDARD_OPTION_STRATEGY;BLOCK;EUR;3;0.38000000;2000;EXCHANGE_LAST;;1;1;XEUR;72268326608330342;49065;
18.11.2024;09:39:08.845;EOA SI 20241220 PS AM P 10.00 0;SIMPLE_INSTRUMENT;BLOCK;EUR;3;0.04000000;2000;PRC_DECOMP_EXCHANGE;;;;XEUR;4644608;49065;EXCHANGE
18.11.2024;09:39:08.845;EOA SI 20251219 PS AM P 10.00 0;SIMPLE_INSTRUMENT;BLOCK;EUR;3;0.42000000;2000;PRC_DECOMP_EXCHANGE;;;;XEUR;5928468;49065;EXCHANGE
18.11.2024;10:50:28.491;EOA SI 20251219 PS AM P 12.00 0;SIMPLE_INSTRUMENT;BLOCK;EUR;7;1.22000000;2000;EXCHANGE_LAST;;1;1;XEUR;5928470;49065;
18.11.2024;11:00:13.057;EOA SI 20261218 PS AM P 10.00 0;SIMPLE_INSTRUMENT;BLOCK;EUR;8;0.71000000;1750;EXCHANGE_LAST;;1;1;XEUR;7177810;49065;
18.11.2024;09:49:49.367;FBTP SI 20241206 PS;SIMPLE_INSTRUMENT;EFP_FIN;EUR;1;120.20000000;223;EXCHANGE_LAST;;1;1;XEUR;10804520;636;
18.11.2024;10:05:21.196;FBTP SI 20241206 PS;SIMPLE_INSTRUMENT;BLOCK;EUR;2;120.04000000;504;EXCHANGE_LAST;;1;1;XEUR;10804520;636;
18.11.2024;10:37:03.870;FBTP SI 20241206 PS;SIMPLE_INSTRUMENT;EFP_FIN;EUR;3;119.88000000;139;EXCHANGE_LAST;;1;1;XEUR;10804520;636;
18.11.2024;10:37:59.373;FBTP SI 20241206 PS;SIMPLE_INSTRUMENT;EFP_FIN;EUR;4;119.88000000;213;EXCHANGE_LAST;;1;1;XEUR;10804520;636;
18.11.2024;10:38:22.875;FBTP SI 20241206 PS;SIMPLE_INSTRUMENT;EFP_FIN;EUR;5;119.88000000;79;EXCHANGE_LAST;;1;1;XEUR;10804520;636;
18.11.2024;10:39:02.377;FBTP SI 20241206 PS;SIMPLE_INSTRUMENT;EFP_FIN;EUR;6;119.88000000;73;EXCHANGE_LAST;;1;1;XEUR;10804520;636;
18.11.2024;11:04:38.373;FBTP SI 20241206 PS;SIMPLE_INSTRUMENT;EFP_FIN;EUR;7;119.98000000;161;EXCHANGE_LAST;;1;1;XEUR;10804520;636;
18.11.2024;11:53:28.283;FBTP SI 20241206 PS;SIMPLE_INSTRUMENT;EFP_FIN;EUR;8;119.87000000;138;EXCHANGE_LAST;;1;1;XEUR;10804520;636;
18.11.2024;12:15:12.824;FBTP SI 20241206 PS;SIMPLE_INSTRUMENT;EFP_FIN;EUR;9;119.96000000;476;EXCHANGE_LAST;;1;1;XEUR;10804520;636;
18.11.2024;13:22:55.653;FBTP SI 20241206 PS;SIMPLE_INSTRUMENT;EFP_FIN;EUR;10;119.87000000;241;EXCHANGE_LAST;;1;1;XEUR;10804520;636;
18.11.2024;13:34:34.151;FBTP SI 20241206 PS;SIMPLE_INSTRUMENT;EFP_FIN;EUR;11;119.87000000;144;EXCHANGE_LAST;;1;1;XEUR;10804520;636;
18.11.2024;14:17:53.428;FBTP SI 20241206 PS;SIMPLE_INSTRUMENT;EFP_FIN;EUR;12;119.78000000;402;EXCHANGE_LAST;;1;1;XEUR;10804520;636;
18.11.2024;14:41:31.569;FBTP SI 20241206 PS;SIMPLE_INSTRUMENT;BLOCK;EUR;13;119.86000000;542;EXCHANGE_LAST;;1;1;XEUR;10804520;636;
18.11.2024;15:10:17.143;FBTP SI 20241206 PS;SIMPLE_INSTRUMENT;EFP_FIN;EUR;14;119.89000000;98;EXCHANGE_LAST;;1;1;XEUR;10804520;636;
18.11.2024;15:23:16.740;FBTP SI 20241206 PS;SIMPLE_INSTRUMENT;EFP_FIN;EUR;15;119.99000000;350;EXCHANGE_LAST;;1;1;XEUR;10804520;636;
18.11.2024;15:42:48.846;FBTP SI 20241206 PS;SIMPLE_INSTRUMENT;EFP_FIN;EUR;16;120.01000000;223;EXCHANGE_LAST;;1;1;XEUR;10804520;636;
18.11.2024;15:44:11.361;FBTP SI 20241206 PS;SIMPLE_INSTRUMENT;BLOCK;EUR;17;120.04000000;410;EXCHANGE_LAST;;1;1;XEUR;10804520;636;
18.11.2024;15:57:47.380;FBTP SI 20241206 PS;SIMPLE_INSTRUMENT;EFP_FIN;EUR;18;120.06000000;202;EXCHANGE_LAST;;1;1;XEUR;10804520;636;
18.11.2024;16:05:11.340;FBTP SI 20241206 PS;SIMPLE_INSTRUMENT;BLOCK;EUR;19;120.04000000;1384;EXCHANGE_LAST;;1;1;XEUR;10804520;636;
18.11.2024;16:20:35.477;FBTP SI 20241206 PS;SIMPLE_INSTRUMENT;BLOCK;EUR;20;120.19000000;285;EXCHANGE_LAST;;1;1;XEUR;10804520;636;
18.11.2024;16:34:13.681;FBTP SI 20241206 PS;SIMPLE_INSTRUMENT;EFP_FIN;EUR;21;119.89000000;98;EXCHANGE_LAST;;1;1;XEUR;10804520;636;
18.11.2024;09:19:19.650;FBTS SI 20241206 PS;SIMPLE_INSTRUMENT;EFP_FIN;EUR;3;107.21000000;1081;EXCHANGE_LAST;;1;1;XEUR;10804522;639;
18.11.2024;09:34:12.042;FBTS SI 20241206 PS;SIMPLE_INSTRUMENT;EFP_FIN;EUR;5;107.21000000;279;EXCHANGE_LAST;;1;1;XEUR;10804522;639;
18.11.2024;10:00:49.005;FBTS SI 20241206 PS;SIMPLE_INSTRUMENT;EFP_FIN;EUR;8;107.20000000;1410;EXCHANGE_LAST;;1;1;XEUR;10804522;639;
18.11.2024;10:56:19.949;FBTS SI 20241206 PS;SIMPLE_INSTRUMENT;EFP_FIN;EUR;15;107.20000000;361;EXCHANGE_LAST;;1;1;XEUR;10804522;639;
18.11.2024;11:06:38.679;FBTS SI 20241206 PS;SIMPLE_INSTRUMENT;EFP_FIN;EUR;17;107.20000000;270;EXCHANGE_LAST;;1;1;XEUR;10804522;639;
18.11.2024;11:09:08.029;FBTS SI 20241206 PS;SIMPLE_INSTRUMENT;EFP_FIN;EUR;18;107.19000000;2388;EXCHANGE_LAST;;1;1;XEUR;10804522;639;
18.11.2024;11:48:04.445;FBTS SI 20241206 PS;SIMPLE_INSTRUMENT;BLOCK;EUR;21;107.19000000;524;EXCHANGE_LAST;;1;1;XEUR;10804522;639;
18.11.2024;12:08:32.769;FBTS SI 20241206 PS;SIMPLE_INSTRUMENT;BLOCK;EUR;23;107.18000000;5265;EXCHANGE_LAST;;1;1;XEUR;10804522;639;
18.11.2024;12:48:49.707;FBTS SI 20241206 PS;SIMPLE_INSTRUMENT;BLOCK;EUR;25;107.15000000;482;EXCHANGE_LAST;;1;1;XEUR;10804522;639;
18.11.2024;13:43:04.067;FBTS SI 20241206 PS;SIMPLE_INSTRUMENT;EFP_FIN;EUR;26;107.11000000;285;EXCHANGE_LAST;;1;1;XEUR;10804522;639;
18.11.2024;14:27:22.757;FBTS SI 20241206 PS;SIMPLE_INSTRUMENT;EFP_FIN;EUR;27;107.13000000;94;EXCHANGE_LAST;;1;1;XEUR;10804522;639;
18.11.2024;14:39:06.009;FBTS SI 20241206 PS;SIMPLE_INSTRUMENT;BLOCK;EUR;28;107.14000000;295;EXCHANGE_LAST;;1;1;XEUR;10804522;639;
18.11.2024;14:53:31.048;FBTS SI 20241206 PS;SIMPLE_INSTRUMENT;EFP_FIN;EUR;29;107.13000000;169;EXCHANGE_LAST;;1;1;XEUR;10804522;639;
18.11.2024;15:11:31.679;FBTS SI 20241206 PS;SIMPLE_INSTRUMENT;BLOCK;EUR;30;107.15000000;1015;EXCHANGE_LAST;;1;1;XEUR;10804522;639;
18.11.2024;15:22:56.683;FBTS SI 20241206 PS;SIMPLE_INSTRUMENT;EFP_FIN;EUR;31;107.13000000;228;EXCHANGE_LAST;;1;1;XEUR;10804522;639;
18.11.2024;16:28:51.441;FBTS SI 20241206 PS;SIMPLE_INSTRUMENT;EFP_FIN;EUR;34;107.22000000;447;EXCHANGE_LAST;;1;1;XEUR;10804522;639;
18.11.2024;15:18:28.566;FCBU SI 20241203 CS;SIMPLE_INSTRUMENT;BLOCK;USD;4;0.17376000;200;EXCHANGE_LAST;;1;1;XEUR;10350809;570870;
18.11.2024;15:58:20.637;FCBU SI 20241203 CS;SIMPLE_INSTRUMENT;BLOCK;USD;5;0.17420000;275;EXCHANGE_LAST;;1;1;XEUR;10350809;570870;
18.11.2024;13:50:46.803;FCEU SI 20241216 PS;SIMPLE_INSTRUMENT;BLOCK;USD;3;1.05710000;1100;EXCHANGE_LAST;;1;1;XEUR;7140363;369376;
18.11.2024;08:08:18.934;FCIN SI 20241230 CS;SIMPLE_INSTRUMENT;BLOCK;USD;1;143.37000000;19;EXCHANGE_LAST;;1;1;XEUR;4680363;580;
18.11.2024;16:19:23.538;FCMU SI 20241216 CS;SIMPLE_INSTRUMENT;BLOCK;USD;6;0.04905000;100;EXCHANGE_LAST;;1;1;XEUR;10921066;570874;
18.11.2024;08:36:12.486;FCZU SI 20241216 CS;SIMPLE_INSTRUMENT;BLOCK;USD;1;0.05504000;200;EXCHANGE_LAST;;1;1;XEUR;10921064;570872;
18.11.2024;10:07:52.354;FCZU SI 20241216 CS;SIMPLE_INSTRUMENT;BLOCK;USD;2;0.05504000;200;EXCHANGE_LAST;;1;1;XEUR;10921064;570872;
18.11.2024;13:16:58.198;FD3D.S.DEC25.DEC26.SPD;FUTURES_SPREAD;BLOCK;EUR;36;1.50000000;500;EXCHANGE_LAST;;1;1;XEUR;72060119478700061;588;
18.11.2024;13:16:58.198;FD3D SI 20261218 CS;SIMPLE_INSTRUMENT;BLOCK;EUR;36;108.50000000;500;PRC_DECOMP_MEMBER;;;;XEUR;7158183;588;MEMBER
18.11.2024;13:16:58.198;FD3D SI 20251219 CS;SIMPLE_INSTRUMENT;BLOCK;EUR;36;110.00000000;500;PRC_DECOMP_MEMBER;;;;XEUR;5914068;588;MEMBER
18.11.2024;13:45:40.948;FD3D SI 20251219 CS;SIMPLE_INSTRUMENT;BLOCK;EUR;41;110.20000000;350;EXCHANGE_LAST;;1;1;XEUR;5914068;588;
18.11.2024;13:46:02.902;FD3D SI 20261218 CS;SIMPLE_INSTRUMENT;BLOCK;EUR;42;108.50000000;250;EXCHANGE_LAST;;1;1;XEUR;7158183;588;
18.11.2024;14:10:43.548;FD3D SI 20261218 CS;SIMPLE_INSTRUMENT;BLOCK;EUR;44;108.50000000;1450;EXCHANGE_LAST;;3;1;XEUR;7158183;588;
18.11.2024;14:18:36.105;FD3D SI 20251219 CS;SIMPLE_INSTRUMENT;BLOCK;EUR;45;110.00000000;250;EXCHANGE_LAST;;1;1;XEUR;5914068;588;
18.11.2024;16:07:59.794;FD3D SI 20261218 CS;SIMPLE_INSTRUMENT;BLOCK;EUR;63;108.60000000;250;EXCHANGE_LAST;;1;1;XEUR;7158183;588;
18.11.2024;16:45:46.252;FDAX SI 20241220 CS;SIMPLE_INSTRUMENT;EFP_IDX;EUR;1;19251.00000000;20;EXCHANGE_LAST;;1;1;XEUR;7296065;589;
18.11.2024;16:45:54.940;FDAX SI 20241220 CS;SIMPLE_INSTRUMENT;EFP_IDX;EUR;2;19252.00000000;5;EXCHANGE_LAST;;1;1;XEUR;7296065;589;
18.11.2024;11:55:03.765;FEBD SI 20251219 CS;SIMPLE_INSTRUMENT;BLOCK;EUR;32;10.13000000;875;EXCHANGE_LAST;;2;1;XEUR;5914075;597;
18.11.2024;15:07:18.412;FEBD SI 20251219 CS;SIMPLE_INSTRUMENT;BLOCK;EUR;51;10.10000000;2000;EXCHANGE_LAST;;1;1;XEUR;5914075;597;
18.11.2024;15:27:35.518;FEBD SI 20251219 CS;SIMPLE_INSTRUMENT;BLOCK;EUR;54;10.10000000;250;EXCHANGE_LAST;;1;1;XEUR;5914075;597;
18.11.2024;15:27:52.595;FEBD SI 20251219 CS;SIMPLE_INSTRUMENT;BLOCK;EUR;55;10.11000000;1000;EXCHANGE_LAST;;1;1;XEUR;5914075;597;
18.11.2024;15:32:19.037;FEBD SI 20251219 CS;SIMPLE_INSTRUMENT;BLOCK;EUR;56;10.10000000;1700;EXCHANGE_LAST;;4;1;XEUR;5914075;597;
18.11.2024;16:21:34.345;FEBD SI 20261218 CS;SIMPLE_INSTRUMENT;BLOCK;EUR;65;9.48000000;500;EXCHANGE_LAST;;1;1;XEUR;7158212;597;
18.11.2024;10:01:52.857;FECX SI 20241220 CS;SIMPLE_INSTRUMENT;BLOCK;EUR;10;164.47000000;50;EXCHANGE_LAST;;1;1;XEUR;10920731;410158;
18.11.2024;10:43:35.637;FECX SI 20241220 CS;SIMPLE_INSTRUMENT;BLOCK;EUR;23;164.37000000;125;EXCHANGE_LAST;;1;1;XEUR;10920731;410158;
18.11.2024;08:34:00.044;FEHY SI 20241220 CS;SIMPLE_INSTRUMENT;EFP_IDX;EUR;1;292.12000000;22;EXCHANGE_LAST;;1;1;XEUR;10921067;574047;
18.11.2024;08:35:38.197;FEHY SI 20241220 CS;SIMPLE_INSTRUMENT;EFP_IDX;EUR;2;292.14000000;78;EXCHANGE_LAST;;1;1;XEUR;10921067;574047;
18.11.2024;10:05:51.627;FEHY SI 20241220 CS;SIMPLE_INSTRUMENT;BLOCK;EUR;11;291.74000000;100;EXCHANGE_LAST;;1;1;XEUR;10921067;574047;
18.11.2024;14:20:52.005;FESB SI 20241220 CS;SIMPLE_INSTRUMENT;BLOCK;EUR;27;145.60000000;5000;EXCHANGE_LAST;;1;1;XEUR;10838895;605;
18.11.2024;14:43:25.305;FESB SI 20241220 CS;SIMPLE_INSTRUMENT;BLOCK;EUR;29;145.60000000;5000;EXCHANGE_LAST;;1;1;XEUR;10838895;605;
18.11.2024;11:40:03.552;FESB SI 20241220 CS;SIMPLE_INSTRUMENT;VOLA;EUR;603979788;146.25000000;840;EXCHANGE_LAST;;1;1;XEUR;10838895;605;
18.11.2024;13:31:55.229;FESB SI 20241220 CS;SIMPLE_INSTRUMENT;VOLA;EUR;603979795;146.10000000;300;EXCHANGE_LAST;;1;1;XEUR;10838895;605;
18.11.2024;12:21:42.880;FESH SI 20241220 CS;SIMPLE_INSTRUMENT;VOLA;EUR;603979792;801.00000000;57;EXCHANGE_LAST;;1;1;XEUR;10839522;686;
18.11.2024;12:26:03.468;FESU SI 20241220 CS;SIMPLE_INSTRUMENT;BLOCK;EUR;3;386.20000000;583;EXCHANGE_LAST;;1;1;XEUR;10839076;673;
18.11.2024;16:46:40.157;FESU SI 20241220 CS;SIMPLE_INSTRUMENT;EFP_IDX;EUR;10;386.20000000;60;EXCHANGE_LAST;;1;1;XEUR;10839076;673;
18.11.2024;16:47:11.592;FESU SI 20241220 CS;SIMPLE_INSTRUMENT;EFP_IDX;EUR;11;386.30000000;540;EXCHANGE_LAST;;1;1;XEUR;10839076;673;
18.11.2024;09:45:24.543;FESX SI 20241220 CS;SIMPLE_INSTRUMENT;BLOCK;EUR;1;4785.00000000;2500;EXCHANGE_LAST;;1;1;XEUR;7793479;675;
18.11.2024;10:26:28.802;FESX.S.DEC24.MAR25.SPD;FUTURES_SPREAD;BLOCK;EUR;2;-25.50000000;4500;EXCHANGE_LAST;;1;1;XEUR;72060493140861185;675;
18.11.2024;10:26:28.802;FESX SI 20241220 CS;SIMPLE_INSTRUMENT;BLOCK;EUR;2;4794.00000000;4500;PRC_DECOMP_MEMBER;;;;XEUR;7793479;675;MEMBER
18.11.2024;10:26:28.802;FESX SI 20250321 CS;SIMPLE_INSTRUMENT;BLOCK;EUR;2;4819.50000000;4500;PRC_DECOMP_MEMBER;;;;XEUR;7793482;675;MEMBER
18.11.2024;10:33:31.424;FESX SI 20241220 CS;SIMPLE_INSTRUMENT;BLOCK;EUR;3;4789.00000000;2500;EXCHANGE_LAST;;1;1;XEUR;7793479;675;
18.11.2024;11:22:17.268;FESX SI 20241220 CS;SIMPLE_INSTRUMENT;EFP_IDX;EUR;4;4790.00000000;2000;EXCHANGE_LAST;;1;1;XEUR;7793479;675;
18.11.2024;11:26:24.561;FESX SI 20241220 CS;SIMPLE_INSTRUMENT;EFP_IDX;EUR;5;4790.00000000;500;EXCHANGE_LAST;;1;1;XEUR;7793479;675;
18.11.2024;11:22:36.656;FESX SI 20241220 CS;SIMPLE_INSTRUMENT;EFP_IDX;EUR;7;4790.00000000;1500;EXCHANGE_LAST;;1;1;XEUR;7793479;675;
18.11.2024;11:31:26.853;FESX SI 20241220 CS;SIMPLE_INSTRUMENT;BLOCK;EUR;8;4797.00000000;2000;EXCHANGE_LAST;;1;1;XEUR;7793479;675;
18.11.2024;11:32:40.795;FESX SI 20241220 CS;SIMPLE_INSTRUMENT;EFP_IDX;EUR;9;4786.00000000;1000;EXCHANGE_LAST;;1;1;XEUR;7793479;675;
18.11.2024;11:34:10.709;FESX SI 20241220 CS;SIMPLE_INSTRUMENT;EFP_IDX;EUR;10;4789.00000000;1000;EXCHANGE_LAST;;1;1;XEUR;7793479;675;
18.11.2024;13:04:41.995;FESX SI 20241220 CS;SIMPLE_INSTRUMENT;BLOCK;EUR;11;4780.00000000;2000;EXCHANGE_LAST;;1;1;XEUR;7793479;675;
18.11.2024;14:26:16.232;FESX SI 20241220 CS;SIMPLE_INSTRUMENT;BLOCK;EUR;12;4777.00000000;2256;EXCHANGE_LAST;;1;1;XEUR;7793479;675;
18.11.2024;14:31:18.878;FESX SI 20241220 CS;SIMPLE_INSTRUMENT;BLOCK;EUR;13;4775.00000000;2000;EXCHANGE_LAST;;1;1;XEUR;7793479;675;
18.11.2024;16:09:33.553;FESX SI 20241220 CS;SIMPLE_INSTRUMENT;BLOCK;EUR;14;4800.00000000;2000;EXCHANGE_LAST;;1;1;XEUR;7793479;675;
18.11.2024;16:50:02.716;FESX SI 20241220 CS;SIMPLE_INSTRUMENT;EFP_IDX;EUR;19;4803.00000000;95;EXCHANGE_LAST;;1;1;XEUR;7793479;675;
18.11.2024;16:48:56.059;FESX SI 20241220 CS;SIMPLE_INSTRUMENT;EFP_IDX;EUR;20;4799.00000000;350;EXCHANGE_LAST;;1;1;XEUR;7793479;675;
18.11.2024;16:49:24.951;FESX SI 20241220 CS;SIMPLE_INSTRUMENT;EFP_IDX;EUR;21;4801.00000000;450;EXCHANGE_LAST;;1;1;XEUR;7793479;675;
18.11.2024;16:51:24.002;FESX SI 20241220 CS;SIMPLE_INSTRUMENT;EFP_IDX;EUR;22;4804.00000000;72;EXCHANGE_LAST;;1;1;XEUR;7793479;675;
18.11.2024;16:53:20.200;FESX SI 20241220 CS;SIMPLE_INSTRUMENT;EFP_IDX;EUR;23;4804.00000000;198;EXCHANGE_LAST;;1;1;XEUR;7793479;675;
18.11.2024;16:53:39.483;FESX SI 20241220 CS;SIMPLE_INSTRUMENT;EFP_IDX;EUR;24;4803.00000000;402;EXCHANGE_LAST;;1;1;XEUR;7793479;675;
18.11.2024;17:16:18.479;FESX SI 20241220 CS;SIMPLE_INSTRUMENT;BLOCK;EUR;25;4804.00000000;2000;EXCHANGE_LAST;;1;1;XEUR;7793479;675;
18.11.2024;18:59:22.304;FESX SI 20241220 CS;SIMPLE_INSTRUMENT;EFP_IDX;EUR;26;4804.00000000;231;EXCHANGE_LAST;;1;1;XEUR;7793479;675;
18.11.2024;18:59:11.692;FESX SI 20241220 CS;SIMPLE_INSTRUMENT;EFP_IDX;EUR;27;4803.00000000;469;EXCHANGE_LAST;;1;1;XEUR;7793479;675;
18.11.2024;08:36:37.967;FESX SI 20241220 CS;SIMPLE_INSTRUMENT;VOLA;EUR;637534214;4811.00000000;385;EXCHANGE_LAST;;1;1;XEUR;7793479;675;
18.11.2024;08:52:32.378;FESX SI 20241220 CS;SIMPLE_INSTRUMENT;VOLA;EUR;637534220;4795.00000000;180;EXCHANGE_LAST;;1;1;XEUR;7793479;675;
18.11.2024;08:53:31.567;FESX SI 20241220 CS;SIMPLE_INSTRUMENT;VOLA;EUR;637534221;4795.00000000;100;EXCHANGE_LAST;;1;1;XEUR;7793479;675;
18.11.2024;09:49:27.075;FESX SI 20241220 CS;SIMPLE_INSTRUMENT;VOLA;EUR;637534237;4791.00000000;416;EXCHANGE_LAST;;1;1;XEUR;7793479;675;
18.11.2024;09:53:05.894;FESX SI 20241220 CS;SIMPLE_INSTRUMENT;VOLA;EUR;637534238;4788.00000000;645;EXCHANGE_LAST;;1;1;XEUR;7793479;675;
18.11.2024;12:56:22.688;FESX SI 20241220 CS;SIMPLE_INSTRUMENT;VOLA;EUR;637534264;4785.00000000;285;EXCHANGE_LAST;;1;1;XEUR;7793479;675;
18.11.2024;14:21:55.982;FESX SI 20241220 CS;SIMPLE_INSTRUMENT;VOLA;EUR;637534288;4773.00000000;375;EXCHANGE_LAST;;1;1;XEUR;7793479;675;
18.11.2024;14:25:45.357;FESX SI 20241220 CS;SIMPLE_INSTRUMENT;VOLA;EUR;637534290;4795.00000000;10;EXCHANGE_LAST;;1;1;XEUR;7793479;675;
18.11.2024;14:27:35.147;FESX SI 20241220 CS;SIMPLE_INSTRUMENT;VOLA;EUR;637534295;4773.00000000;360;EXCHANGE_LAST;;1;1;XEUR;7793479;675;
18.11.2024;14:50:16.529;FESX SI 20241220 CS;SIMPLE_INSTRUMENT;VOLA;EUR;637534301;4789.00000000;5;EXCHANGE_LAST;;1;1;XEUR;7793479;675;
18.11.2024;10:16:38.304;FEXD SI 20251219 CS;SIMPLE_INSTRUMENT;BLOCK;EUR;15;158.70000000;285;EXCHANGE_LAST;;1;1;XEUR;1548120;693;
18.11.2024;10:16:42.764;FEXD SI 20251219 CS;SIMPLE_INSTRUMENT;BLOCK;EUR;16;158.80000000;285;EXCHANGE_LAST;;1;1;XEUR;1548120;693;
18.11.2024;11:28:42.865;FEXD SI 20271217 CS;SIMPLE_INSTRUMENT;BLOCK;EUR;30;146.30000000;200;EXCHANGE_LAST;;1;1;XEUR;2848338;693;
18.11.2024;13:44:35.893;FEXD SI 20261218 CS;SIMPLE_INSTRUMENT;BLOCK;EUR;40;152.50000000;400;EXCHANGE_LAST;;1;1;XEUR;2163053;693;
18.11.2024;14:58:14.443;FEXD SI 20261218 CS;SIMPLE_INSTRUMENT;BLOCK;EUR;49;153.00000000;500;EXCHANGE_LAST;;1;1;XEUR;2163053;693;
18.11.2024;15:02:11.485;FEXD SI 20261218 CS;SIMPLE_INSTRUMENT;BLOCK;EUR;50;153.00000000;150;EXCHANGE_LAST;;1;1;XEUR;2163053;693;
18.11.2024;15:20:45.376;FEXD SI 20251219 CS;SIMPLE_INSTRUMENT;BLOCK;EUR;52;158.80000000;555;EXCHANGE_LAST;;1;1;XEUR;1548120;693;
18.11.2024;15:22:12.863;FEXD SI 20251219 CS;SIMPLE_INSTRUMENT;BLOCK;EUR;53;158.80000000;440;EXCHANGE_LAST;;1;1;XEUR;1548120;693;
18.11.2024;15:49:29.523;FEXD SI 20251219 CS;SIMPLE_INSTRUMENT;BLOCK;EUR;57;159.40000000;300;EXCHANGE_LAST;;1;1;XEUR;1548120;693;
18.11.2024;15:52:27.047;FEXD SI 20261218 CS;SIMPLE_INSTRUMENT;BLOCK;EUR;59;153.10000000;470;EXCHANGE_LAST;;1;1;XEUR;2163053;693;
18.11.2024;16:11:44.839;FEXD SI 20251219 CS;SIMPLE_INSTRUMENT;BLOCK;EUR;62;159.00000000;430;EXCHANGE_LAST;;1;2;XEUR;1548120;693;
18.11.2024;16:19:04.507;FEXD SI 20261218 CS;SIMPLE_INSTRUMENT;BLOCK;EUR;64;153.00000000;200;EXCHANGE_LAST;;1;1;XEUR;2163053;693;
18.11.2024;11:36:52.676;FEXD SI 20261218 CS;SIMPLE_INSTRUMENT;VOLA;EUR;318767114;152.60000000;60;EXCHANGE_LAST;;1;1;XEUR;2163053;693;
18.11.2024;10:09:39.319;FGBC SI 20241220 CS;SIMPLE_INSTRUMENT;BLOCK;GBP;12;139.41000000;180;EXCHANGE_LAST;;1;1;XEUR;10921821;772679;
18.11.2024;08:36:52.805;FGBL SI 20241206 PS;SIMPLE_INSTRUMENT;EFS;EUR;1;131.99000000;982;EXCHANGE_LAST;;1;1;XEUR;10804524;688;
18.11.2024;08:41:54.589;FGBL SI 20241206 PS;SIMPLE_INSTRUMENT;EFS;EUR;2;131.92000000;218;EXCHANGE_LAST;;1;1;XEUR;10804524;688;
18.11.2024;09:07:20.213;FGBL SI 20241206 PS;SIMPLE_INSTRUMENT;EFP_FIN;EUR;3;131.84000000;213;EXCHANGE_LAST;;1;1;XEUR;10804524;688;
18.11.2024;09:06:53.636;FGBL SI 20241206 PS;SIMPLE_INSTRUMENT;EFS;EUR;4;131.81000000;983;EXCHANGE_LAST;;1;1;XEUR;10804524;688;
18.11.2024;09:25:25.161;FGBL SI 20241206 PS;SIMPLE_INSTRUMENT;EFP_FIN;EUR;5;131.84000000;168;EXCHANGE_LAST;;1;1;XEUR;10804524;688;
18.11.2024;09:10:13.202;FGBL SI 20241206 PS;SIMPLE_INSTRUMENT;EFS;EUR;6;131.85000000;233;EXCHANGE_LAST;;1;1;XEUR;10804524;688;
18.11.2024;09:11:19.255;FGBL SI 20241206 PS;SIMPLE_INSTRUMENT;EFP_FIN;EUR;7;131.84000000;215;EXCHANGE_LAST;;1;1;XEUR;10804524;688;
18.11.2024;09:13:56.194;FGBL SI 20241206 PS;SIMPLE_INSTRUMENT;EFS;EUR;8;131.90000000;466;EXCHANGE_LAST;;1;1;XEUR;10804524;688;
18.11.2024;09:17:27.128;FGBL SI 20241206 PS;SIMPLE_INSTRUMENT;EFS;EUR;9;131.95000000;218;EXCHANGE_LAST;;1;1;XEUR;10804524;688;
18.11.2024;09:19:20.579;FGBL SI 20241206 PS;SIMPLE_INSTRUMENT;EFS;EUR;10;131.95000000;218;EXCHANGE_LAST;;1;1;XEUR;10804524;688;
18.11.2024;09:26:15.003;FGBL SI 20241206 PS;SIMPLE_INSTRUMENT;EFS;EUR;11;131.97000000;218;EXCHANGE_LAST;;1;1;XEUR;10804524;688;
18.11.2024;09:27:00.033;FGBL SI 20241206 PS;SIMPLE_INSTRUMENT;EFS;EUR;12;131.95000000;218;EXCHANGE_LAST;;1;1;XEUR;10804524;688;
18.11.2024;09:30:01.731;FGBL SI 20241206 PS;SIMPLE_INSTRUMENT;EFS;EUR;13;131.88000000;246;EXCHANGE_LAST;;1;1;XEUR;10804524;688;
18.11.2024;09:30:50.734;FGBL SI 20241206 PS;SIMPLE_INSTRUMENT;EFS;EUR;14;131.88000000;246;EXCHANGE_LAST;;1;1;XEUR;10804524;688;
18.11.2024;09:38:20.351;FGBL SI 20241206 PS;SIMPLE_INSTRUMENT;EFS;EUR;15;131.94000000;930;EXCHANGE_LAST;;1;1;XEUR;10804524;688;
18.11.2024;09:40:35.764;FGBL SI 20241206 PS;SIMPLE_INSTRUMENT;EFS;EUR;16;131.84000000;983;EXCHANGE_LAST;;1;1;XEUR;10804524;688;
18.11.2024;09:59:11.843;FGBL SI 20241206 PS;SIMPLE_INSTRUMENT;EFS;EUR;17;131.85000000;218;EXCHANGE_LAST;;1;1;XEUR;10804524;688;
18.11.2024;10:01:02.378;FGBL SI 20241206 PS;SIMPLE_INSTRUMENT;EFS;EUR;18;131.75000000;436;EXCHANGE_LAST;;1;1;XEUR;10804524;688;
18.11.2024;10:03:39.495;FGBL SI 20241206 PS;SIMPLE_INSTRUMENT;EFS;EUR;19;131.85000000;465;EXCHANGE_LAST;;1;1;XEUR;10804524;688;
18.11.2024;10:03:47.482;FGBL SI 20241206 PS;SIMPLE_INSTRUMENT;EFS;EUR;20;131.73000000;218;EXCHANGE_LAST;;1;1;XEUR;10804524;688;
18.11.2024;10:16:19.228;FGBL SI 20241206 PS;SIMPLE_INSTRUMENT;EFS;EUR;21;131.67000000;390;EXCHANGE_LAST;;1;1;XEUR;10804524;688;
18.11.2024;10:25:12.732;FGBL SI 20241206 PS;SIMPLE_INSTRUMENT;EFP_FIN;EUR;22;131.69000000;71;EXCHANGE_LAST;;1;1;XEUR;10804524;688;
18.11.2024;10:17:53.036;FGBL SI 20241206 PS;SIMPLE_INSTRUMENT;EFS;EUR;23;131.93000000;197;EXCHANGE_LAST;;1;1;XEUR;10804524;688;
18.11.2024;10:21:31.693;FGBL SI 20241206 PS;SIMPLE_INSTRUMENT;EFP_FIN;EUR;24;131.69000000;421;EXCHANGE_LAST;;1;1;XEUR;10804524;688;
18.11.2024;10:21:37.719;FGBL SI 20241206 PS;SIMPLE_INSTRUMENT;EFS;EUR;25;131.69000000;700;EXCHANGE_LAST;;1;1;XEUR;10804524;688;
18.11.2024;10:24:59.404;FGBL SI 20241206 PS;SIMPLE_INSTRUMENT;EFP_FIN;EUR;26;131.69000000;211;EXCHANGE_LAST;;1;1;XEUR;10804524;688;
18.11.2024;10:25:08.186;FGBL SI 20241206 PS;SIMPLE_INSTRUMENT;EFP_FIN;EUR;27;131.69000000;210;EXCHANGE_LAST;;1;1;XEUR;10804524;688;
18.11.2024;10:27:50.721;FGBL SI 20241206 PS;SIMPLE_INSTRUMENT;EFS;EUR;28;131.70000000;388;EXCHANGE_LAST;;1;1;XEUR;10804524;688;
18.11.2024;10:31:15.825;FGBL SI 20241206 PS;SIMPLE_INSTRUMENT;EFS;EUR;29;131.66000000;436;EXCHANGE_LAST;;1;1;XEUR;10804524;688;
18.11.2024;11:00:54.793;FGBL SI 20241206 PS;SIMPLE_INSTRUMENT;EFS;EUR;30;131.95000000;465;EXCHANGE_LAST;;1;1;XEUR;10804524;688;
18.11.2024;11:04:35.469;FGBL SI 20241206 PS;SIMPLE_INSTRUMENT;EFP_FIN;EUR;31;131.73000000;775;EXCHANGE_LAST;;1;1;XEUR;10804524;688;
18.11.2024;11:08:15.904;FGBL SI 20241206 PS;SIMPLE_INSTRUMENT;EFP_FIN;EUR;32;131.70000000;2324;EXCHANGE_LAST;;1;1;XEUR;10804524;688;
18.11.2024;11:15:27.529;FGBL SI 20241206 PS;SIMPLE_INSTRUMENT;EFP_FIN;EUR;33;131.82000000;1069;EXCHANGE_LAST;;1;1;XEUR;10804524;688;
18.11.2024;11:17:00.833;FGBL SI 20241206 PS;SIMPLE_INSTRUMENT;EFS;EUR;34;131.81000000;492;EXCHANGE_LAST;;1;1;XEUR;10804524;688;
18.11.2024;11:22:20.572;FGBL SI 20241206 PS;SIMPLE_INSTRUMENT;EFS;EUR;35;131.85000000;487;EXCHANGE_LAST;;1;1;XEUR;10804524;688;
18.11.2024;11:23:52.311;FGBL SI 20241206 PS;SIMPLE_INSTRUMENT;EFS;EUR;36;131.82000000;150;EXCHANGE_LAST;;1;1;XEUR;10804524;688;
18.11.2024;11:27:58.567;FGBL SI 20241206 PS;SIMPLE_INSTRUMENT;EFP_FIN;EUR;37;131.82000000;969;EXCHANGE_LAST;;1;1;XEUR;10804524;688;
18.11.2024;11:25:34.976;FGBL SI 20241206 PS;SIMPLE_INSTRUMENT;EFS;EUR;38;131.79000000;436;EXCHANGE_LAST;;1;1;XEUR;10804524;688;
18.11.2024;11:26:57.083;FGBL SI 20241206 PS;SIMPLE_INSTRUMENT;EFS;EUR;39;131.85000000;465;EXCHANGE_LAST;;1;1;XEUR;10804524;688;
18.11.2024;11:36:42.114;FGBL SI 20241206 PS;SIMPLE_INSTRUMENT;EFS;EUR;40;131.78000000;1000;EXCHANGE_LAST;;1;1;XEUR;10804524;688;
18.11.2024;11:38:12.357;FGBL SI 20241206 PS;SIMPLE_INSTRUMENT;EFP_FIN;EUR;41;131.80000000;165;EXCHANGE_LAST;;1;1;XEUR;10804524;688;
18.11.2024;11:40:32.646;FGBL SI 20241206 PS;SIMPLE_INSTRUMENT;EFP_FIN;EUR;42;131.80000000;165;EXCHANGE_LAST;;1;1;XEUR;10804524;688;
18.11.2024;11:41:39.108;FGBL SI 20241206 PS;SIMPLE_INSTRUMENT;EFP_FIN;EUR;43;131.79000000;488;EXCHANGE_LAST;;1;1;XEUR;10804524;688;
18.11.2024;11:44:44.177;FGBL SI 20241206 PS;SIMPLE_INSTRUMENT;EFS;EUR;44;131.80000000;436;EXCHANGE_LAST;;1;1;XEUR;10804524;688;
18.11.2024;11:46:12.766;FGBL SI 20241206 PS;SIMPLE_INSTRUMENT;EFS;EUR;45;131.80000000;3500;EXCHANGE_LAST;;1;1;XEUR;10804524;688;
18.11.2024;11:52:05.388;FGBL SI 20241206 PS;SIMPLE_INSTRUMENT;EFP_FIN;EUR;46;131.79000000;976;EXCHANGE_LAST;;1;1;XEUR;10804524;688;
18.11.2024;11:52:30.316;FGBL SI 20241206 PS;SIMPLE_INSTRUMENT;EFS;EUR;47;131.80000000;436;EXCHANGE_LAST;;1;1;XEUR;10804524;688;
18.11.2024;11:55:34.769;FGBL SI 20241206 PS;SIMPLE_INSTRUMENT;EFS;EUR;48;131.80000000;436;EXCHANGE_LAST;;1;1;XEUR;10804524;688;
18.11.2024;11:55:53.877;FGBL SI 20241206 PS;SIMPLE_INSTRUMENT;EFS;EUR;49;131.81000000;174;EXCHANGE_LAST;;1;1;XEUR;10804524;688;
18.11.2024;11:56:58.055;FGBL SI 20241206 PS;SIMPLE_INSTRUMENT;EFS;EUR;50;131.80000000;436;EXCHANGE_LAST;;1;1;XEUR;10804524;688;
18.11.2024;11:57:03.098;FGBL SI 20241206 PS;SIMPLE_INSTRUMENT;EFS;EUR;51;131.80000000;218;EXCHANGE_LAST;;1;1;XEUR;10804524;688;
18.11.2024;11:57:56.538;FGBL SI 20241206 PS;SIMPLE_INSTRUMENT;EFP_FIN;EUR;52;131.84000000;279;EXCHANGE_LAST;;1;1;XEUR;10804524;688;
18.11.2024;12:07:14.680;FGBL SI 20241206 PS;SIMPLE_INSTRUMENT;EFS;EUR;53;131.80000000;492;EXCHANGE_LAST;;1;1;XEUR;10804524;688;
18.11.2024;12:11:04.134;FGBL SI 20241206 PS;SIMPLE_INSTRUMENT;EFS;EUR;54;131.76000000;436;EXCHANGE_LAST;;1;1;XEUR;10804524;688;
18.11.2024;12:11:24.149;FGBL SI 20241206 PS;SIMPLE_INSTRUMENT;EFS;EUR;55;131.76000000;218;EXCHANGE_LAST;;1;1;XEUR;10804524;688;
18.11.2024;12:14:29.272;FGBL SI 20241206 PS;SIMPLE_INSTRUMENT;EFS;EUR;56;131.72000000;218;EXCHANGE_LAST;;1;1;XEUR;10804524;688;
18.11.2024;12:14:44.284;FGBL SI 20241206 PS;SIMPLE_INSTRUMENT;EFS;EUR;57;131.76000000;436;EXCHANGE_LAST;;1;1;XEUR;10804524;688;
18.11.2024;12:48:15.011;FGBL SI 20241206 PS;SIMPLE_INSTRUMENT;EFS;EUR;58;131.71000000;436;EXCHANGE_LAST;;1;1;XEUR;10804524;688;
18.11.2024;12:53:29.129;FGBL SI 20241206 PS;SIMPLE_INSTRUMENT;EFP_FIN;EUR;59;131.71000000;3146;EXCHANGE_LAST;;1;1;XEUR;10804524;688;
18.11.2024;13:15:03.068;FGBL SI 20241206 PS;SIMPLE_INSTRUMENT;EFP_FIN;EUR;60;131.76000000;2794;EXCHANGE_LAST;;1;1;XEUR;10804524;688;
18.11.2024;13:17:37.386;FGBL SI 20241206 PS;SIMPLE_INSTRUMENT;EFP_FIN;EUR;61;131.62000000;1550;EXCHANGE_LAST;;1;1;XEUR;10804524;688;
18.11.2024;13:21:39.535;FGBL SI 20241206 PS;SIMPLE_INSTRUMENT;EFS;EUR;62;131.63000000;591;EXCHANGE_LAST;;1;1;XEUR;10804524;688;
18.11.2024;13:33:41.437;FGBL SI 20241206 PS;SIMPLE_INSTRUMENT;EFP_FIN;EUR;65;131.64000000;271;EXCHANGE_LAST;;1;1;XEUR;10804524;688;
18.11.2024;13:59:08.098;FGBL SI 20241206 PS;SIMPLE_INSTRUMENT;EFP_FIN;EUR;66;131.64000000;199;EXCHANGE_LAST;;1;1;XEUR;10804524;688;
18.11.2024;13:43:13.643;FGBL SI 20241206 PS;SIMPLE_INSTRUMENT;EFP_FIN;EUR;67;131.63000000;291;EXCHANGE_LAST;;1;1;XEUR;10804524;688;
18.11.2024;13:43:33.719;FGBL SI 20241206 PS;SIMPLE_INSTRUMENT;EFP_FIN;EUR;68;131.56000000;976;EXCHANGE_LAST;;1;1;XEUR;10804524;688;
18.11.2024;13:44:56.544;FGBL SI 20241206 PS;SIMPLE_INSTRUMENT;EFP_FIN;EUR;69;131.58000000;1549;EXCHANGE_LAST;;1;1;XEUR;10804524;688;
18.11.2024;13:46:01.731;FGBL SI 20241206 PS;SIMPLE_INSTRUMENT;EFS;EUR;70;131.64000000;436;EXCHANGE_LAST;;1;1;XEUR;10804524;688;
18.11.2024;13:50:28.032;FGBL SI 20241206 PS;SIMPLE_INSTRUMENT;EFS;EUR;71;131.69000000;436;EXCHANGE_LAST;;1;1;XEUR;10804524;688;
18.11.2024;13:51:34.928;FGBL SI 20241206 PS;SIMPLE_INSTRUMENT;EFP_FIN;EUR;72;131.60000000;778;EXCHANGE_LAST;;1;1;XEUR;10804524;688;
18.11.2024;13:56:58.023;FGBL SI 20241206 PS;SIMPLE_INSTRUMENT;EFP_FIN;EUR;74;131.67000000;655;EXCHANGE_LAST;;1;1;XEUR;10804524;688;
18.11.2024;13:59:34.241;FGBL SI 20241206 PS;SIMPLE_INSTRUMENT;EFS;EUR;75;131.65000000;436;EXCHANGE_LAST;;1;1;XEUR;10804524;688;
18.11.2024;14:02:24.388;FGBL SI 20241206 PS;SIMPLE_INSTRUMENT;EFS;EUR;76;131.68000000;218;EXCHANGE_LAST;;1;1;XEUR;10804524;688;
18.11.2024;14:03:35.623;FGBL SI 20241206 PS;SIMPLE_INSTRUMENT;EFP_FIN;EUR;77;131.68000000;853;EXCHANGE_LAST;;1;1;XEUR;10804524;688;
18.11.2024;14:17:40.816;FGBL SI 20241206 PS;SIMPLE_INSTRUMENT;EFS;EUR;78;131.73000000;436;EXCHANGE_LAST;;1;1;XEUR;10804524;688;
18.11.2024;14:18:22.805;FGBL SI 20241206 PS;SIMPLE_INSTRUMENT;EFS;EUR;79;131.71000000;436;EXCHANGE_LAST;;1;1;XEUR;10804524;688;
18.11.2024;14:19:35.859;FGBL SI 20241206 PS;SIMPLE_INSTRUMENT;EFS;EUR;80;131.74000000;436;EXCHANGE_LAST;;1;1;XEUR;10804524;688;
18.11.2024;14:22:54.490;FGBL SI 20241206 PS;SIMPLE_INSTRUMENT;EFS;EUR;81;131.74000000;436;EXCHANGE_LAST;;1;1;XEUR;10804524;688;
18.11.2024;14:23:43.587;FGBL SI 20241206 PS;SIMPLE_INSTRUMENT;EFP_FIN;EUR;82;131.67000000;388;EXCHANGE_LAST;;1;1;XEUR;10804524;688;
18.11.2024;14:27:25.494;FGBL SI 20241206 PS;SIMPLE_INSTRUMENT;EFP_FIN;EUR;83;131.72000000;168;EXCHANGE_LAST;;1;1;XEUR;10804524;688;
18.11.2024;14:33:17.329;FGBL SI 20241206 PS;SIMPLE_INSTRUMENT;EFP_FIN;EUR;84;131.67000000;387;EXCHANGE_LAST;;1;1;XEUR;10804524;688;
18.11.2024;14:33:37.677;FGBL SI 20241206 PS;SIMPLE_INSTRUMENT;EFS;EUR;85;131.73000000;436;EXCHANGE_LAST;;1;1;XEUR;10804524;688;
18.11.2024;14:55:55.962;FGBL SI 20241206 PS;SIMPLE_INSTRUMENT;EFS;EUR;86;131.66000000;532;EXCHANGE_LAST;;1;1;XEUR;10804524;688;
18.11.2024;15:05:29.404;FGBL SI 20241206 PS;SIMPLE_INSTRUMENT;EFS;EUR;87;131.71000000;872;EXCHANGE_LAST;;1;1;XEUR;10804524;688;
18.11.2024;15:16:08.881;FGBL SI 20241206 PS;SIMPLE_INSTRUMENT;EFP_FIN;EUR;88;131.72000000;165;EXCHANGE_LAST;;1;1;XEUR;10804524;688;
18.11.2024;15:16:41.883;FGBL SI 20241206 PS;SIMPLE_INSTRUMENT;EFP_FIN;EUR;89;131.72000000;165;EXCHANGE_LAST;;1;1;XEUR;10804524;688;
18.11.2024;15:26:08.484;FGBL SI 20241206 PS;SIMPLE_INSTRUMENT;EFP_FIN;EUR;90;131.72000000;1356;EXCHANGE_LAST;;1;1;XEUR;10804524;688;
18.11.2024;15:27:43.203;FGBL SI 20241206 PS;SIMPLE_INSTRUMENT;EFS;EUR;91;131.74000000;436;EXCHANGE_LAST;;1;1;XEUR;10804524;688;
18.11.2024;15:32:30.407;FGBL SI 20241206 PS;SIMPLE_INSTRUMENT;EFS;EUR;92;131.72000000;229;EXCHANGE_LAST;;1;1;XEUR;10804524;688;
18.11.2024;15:41:16.241;FGBL SI 20241206 PS;SIMPLE_INSTRUMENT;EFP_FIN;EUR;93;131.79000000;85;EXCHANGE_LAST;;1;1;XEUR;10804524;688;
18.11.2024;15:43:37.378;FGBL SI 20241206 PS;SIMPLE_INSTRUMENT;EFP_FIN;EUR;94;131.69000000;75;EXCHANGE_LAST;;1;1;XEUR;10804524;688;
18.11.2024;15:43:01.030;FGBL SI 20241206 PS;SIMPLE_INSTRUMENT;EFP_FIN;EUR;95;131.76000000;232;EXCHANGE_LAST;;1;1;XEUR;10804524;688;
18.11.2024;15:45:55.367;FGBL SI 20241206 PS;SIMPLE_INSTRUMENT;EFP_FIN;EUR;96;131.79000000;331;EXCHANGE_LAST;;1;1;XEUR;10804524;688;
18.11.2024;15:46:00.849;FGBL SI 20241206 PS;SIMPLE_INSTRUMENT;EFP_FIN;EUR;97;131.76000000;291;EXCHANGE_LAST;;1;1;XEUR;10804524;688;
18.11.2024;15:49:47.148;FGBL SI 20241206 PS;SIMPLE_INSTRUMENT;EFP_FIN;EUR;98;131.78000000;328;EXCHANGE_LAST;;1;1;XEUR;10804524;688;
18.11.2024;15:51:11.172;FGBL SI 20241206 PS;SIMPLE_INSTRUMENT;EFS;EUR;99;131.77000000;436;EXCHANGE_LAST;;1;1;XEUR;10804524;688;
18.11.2024;15:58:35.403;FGBL SI 20241206 PS;SIMPLE_INSTRUMENT;EFS;EUR;100;131.78000000;436;EXCHANGE_LAST;;1;1;XEUR;10804524;688;
18.11.2024;16:03:27.896;FGBL SI 20241206 PS;SIMPLE_INSTRUMENT;EFS;EUR;101;131.78000000;492;EXCHANGE_LAST;;1;1;XEUR;10804524;688;
18.11.2024;16:04:53.427;FGBL SI 20241206 PS;SIMPLE_INSTRUMENT;EFS;EUR;102;131.78000000;358;EXCHANGE_LAST;;1;1;XEUR;10804524;688;
18.11.2024;16:05:06.651;FGBL SI 20241206 PS;SIMPLE_INSTRUMENT;EFS;EUR;103;131.85000000;436;EXCHANGE_LAST;;1;1;XEUR;10804524;688;
18.11.2024;16:05:46.079;FGBL SI 20241206 PS;SIMPLE_INSTRUMENT;EFP_FIN;EUR;104;131.80000000;400;EXCHANGE_LAST;;1;1;XEUR;10804524;688;
18.11.2024;16:08:16.786;FGBL SI 20241206 PS;SIMPLE_INSTRUMENT;EFS;EUR;105;131.86000000;218;EXCHANGE_LAST;;1;1;XEUR;10804524;688;
18.11.2024;16:09:56.851;FGBL SI 20241206 PS;SIMPLE_INSTRUMENT;EFS;EUR;106;131.86000000;218;EXCHANGE_LAST;;1;1;XEUR;10804524;688;
18.11.2024;16:10:47.143;FGBL SI 20241206 PS;SIMPLE_INSTRUMENT;EFS;EUR;107;131.75000000;871;EXCHANGE_LAST;;1;1;XEUR;10804524;688;
18.11.2024;16:13:47.296;FGBL SI 20241206 PS;SIMPLE_INSTRUMENT;EFS;EUR;108;131.80000000;436;EXCHANGE_LAST;;1;1;XEUR;10804524;688;
18.11.2024;16:16:24.886;FGBL SI 20241206 PS;SIMPLE_INSTRUMENT;EFS;EUR;109;131.80000000;436;EXCHANGE_LAST;;1;1;XEUR;10804524;688;
18.11.2024;16:20:29.782;FGBL SI 20241206 PS;SIMPLE_INSTRUMENT;EFP_FIN;EUR;110;131.96000000;697;EXCHANGE_LAST;;1;1;XEUR;10804524;688;
18.11.2024;16:22:46.894;FGBL SI 20241206 PS;SIMPLE_INSTRUMENT;EFS;EUR;111;131.80000000;436;EXCHANGE_LAST;;1;1;XEUR;10804524;688;
18.11.2024;16:38:56.269;FGBL SI 20241206 PS;SIMPLE_INSTRUMENT;EFS;EUR;112;131.95000000;435;EXCHANGE_LAST;;1;1;XEUR;10804524;688;
18.11.2024;16:46:21.229;FGBL SI 20241206 PS;SIMPLE_INSTRUMENT;EFS;EUR;113;131.96000000;2000;EXCHANGE_LAST;;1;1;XEUR;10804524;688;
18.11.2024;16:47:35.395;FGBL SI 20241206 PS;SIMPLE_INSTRUMENT;EFS;EUR;114;131.93000000;218;EXCHANGE_LAST;;1;1;XEUR;10804524;688;
18.11.2024;17:18:52.234;FGBL SI 20241206 PS;SIMPLE_INSTRUMENT;EFS;EUR;115;131.93000000;348;EXCHANGE_LAST;;1;1;XEUR;10804524;688;
18.11.2024;08:10:47.314;FGBL SI 20241206 PS;SIMPLE_INSTRUMENT;VOLA;EUR;268435459;132.13000000;27;EXCHANGE_LAST;;1;1;XEUR;10804524;688;
18.11.2024;10:15:56.754;FGBL SI 20241206 PS;SIMPLE_INSTRUMENT;VOLA;EUR;268435470;131.81000000;21;EXCHANGE_LAST;;1;1;XEUR;10804524;688;
18.11.2024;10:26:20.280;FGBL SI 20241206 PS;SIMPLE_INSTRUMENT;VOLA;EUR;268435473;131.76000000;200;EXCHANGE_LAST;;1;1;XEUR;10804524;688;
18.11.2024;11:38:09.839;FGBL SI 20241206 PS;SIMPLE_INSTRUMENT;VOLA;EUR;268435477;131.78000000;35;EXCHANGE_LAST;;1;1;XEUR;10804524;688;
18.11.2024;11:38:10.458;FGBL SI 20241206 PS;SIMPLE_INSTRUMENT;VOLA;EUR;268435478;131.78000000;35;EXCHANGE_LAST;;1;1;XEUR;10804524;688;
18.11.2024;11:48:27.272;FGBL SI 20241206 PS;SIMPLE_INSTRUMENT;VOLA;EUR;268435492;131.76000000;210;EXCHANGE_LAST;;1;1;XEUR;10804524;688;
18.11.2024;13:09:31.976;FGBL SI 20241206 PS;SIMPLE_INSTRUMENT;VOLA;EUR;268435495;131.89000000;10;EXCHANGE_LAST;;1;1;XEUR;10804524;688;
18.11.2024;13:34:54.367;FGBL SI 20241206 PS;SIMPLE_INSTRUMENT;VOLA;EUR;268435497;131.60000000;15;EXCHANGE_LAST;;1;1;XEUR;10804524;688;
18.11.2024;14:46:20.201;FGBL SI 20241206 PS;SIMPLE_INSTRUMENT;VOLA;EUR;268435506;131.75000000;279;EXCHANGE_LAST;;1;1;XEUR;10804524;688;
18.11.2024;14:46:03.025;FGBL SI 20241206 PS;SIMPLE_INSTRUMENT;VOLA;EUR;268435507;131.75000000;279;EXCHANGE_LAST;;1;1;XEUR;10804524;688;
18.11.2024;15:15:33.193;FGBL SI 20241206 PS;SIMPLE_INSTRUMENT;VOLA;EUR;268435511;131.70000000;312;EXCHANGE_LAST;;1;1;XEUR;10804524;688;
18.11.2024;16:10:38.788;FGBL SI 20241206 PS;SIMPLE_INSTRUMENT;VOLA;EUR;268435518;131.82000000;210;EXCHANGE_LAST;;1;1;XEUR;10804524;688;
18.11.2024;08:15:34.871;FGBM SI 20241206 PS;SIMPLE_INSTRUMENT;EFS;EUR;1;118.42000000;442;EXCHANGE_LAST;;1;1;XEUR;10804525;689;
18.11.2024;08:19:12.977;FGBM SI 20241206 PS;SIMPLE_INSTRUMENT;EFS;EUR;2;118.45000000;443;EXCHANGE_LAST;;1;1;XEUR;10804525;689;
18.11.2024;08:34:45.162;FGBM SI 20241206 PS;SIMPLE_INSTRUMENT;EFS;EUR;3;118.48000000;435;EXCHANGE_LAST;;1;1;XEUR;10804525;689;
18.11.2024;08:36:03.445;FGBM SI 20241206 PS;SIMPLE_INSTRUMENT;EFS;EUR;4;118.46000000;1866;EXCHANGE_LAST;;1;1;XEUR;10804525;689;
18.11.2024;09:19:02.994;FGBM SI 20241206 PS;SIMPLE_INSTRUMENT;EFP_FIN;EUR;5;118.36000000;110;EXCHANGE_LAST;;1;1;XEUR;10804525;689;
18.11.2024;09:05:40.200;FGBM SI 20241206 PS;SIMPLE_INSTRUMENT;EFS;EUR;6;118.44000000;373;EXCHANGE_LAST;;1;1;XEUR;10804525;689;
18.11.2024;09:11:54.639;FGBM SI 20241206 PS;SIMPLE_INSTRUMENT;EFS;EUR;7;118.40000000;217;EXCHANGE_LAST;;1;1;XEUR;10804525;689;
18.11.2024;09:12:45.752;FGBM SI 20241206 PS;SIMPLE_INSTRUMENT;EFS;EUR;8;118.41000000;1770;EXCHANGE_LAST;;1;1;XEUR;10804525;689;
18.11.2024;09:24:40.714;FGBM SI 20241206 PS;SIMPLE_INSTRUMENT;EFP_FIN;EUR;9;118.48000000;1385;EXCHANGE_LAST;;1;1;XEUR;10804525;689;
18.11.2024;09:45:25.580;FGBM SI 20241206 PS;SIMPLE_INSTRUMENT;EFP_FIN;EUR;10;118.38000000;134;EXCHANGE_LAST;;1;1;XEUR;10804525;689;
18.11.2024;09:47:25.412;FGBM SI 20241206 PS;SIMPLE_INSTRUMENT;EFS;EUR;11;118.40000000;933;EXCHANGE_LAST;;1;1;XEUR;10804525;689;
18.11.2024;09:58:02.788;FGBM SI 20241206 PS;SIMPLE_INSTRUMENT;EFP_FIN;EUR;12;118.41000000;185;EXCHANGE_LAST;;1;1;XEUR;10804525;689;
18.11.2024;10:01:27.680;FGBM SI 20241206 PS;SIMPLE_INSTRUMENT;EFP_FIN;EUR;13;118.40000000;278;EXCHANGE_LAST;;1;1;XEUR;10804525;689;
18.11.2024;10:10:50.221;FGBM SI 20241206 PS;SIMPLE_INSTRUMENT;EFP_FIN;EUR;14;118.35000000;965;EXCHANGE_LAST;;1;1;XEUR;10804525;689;
18.11.2024;10:15:47.416;FGBM SI 20241206 PS;SIMPLE_INSTRUMENT;EFS;EUR;15;118.40000000;3000;EXCHANGE_LAST;;1;1;XEUR;10804525;689;
18.11.2024;11:05:57.293;FGBM SI 20241206 PS;SIMPLE_INSTRUMENT;EFS;EUR;16;118.31000000;4671;EXCHANGE_LAST;;1;1;XEUR;10804525;689;
18.11.2024;11:12:49.758;FGBM SI 20241206 PS;SIMPLE_INSTRUMENT;EFP_FIN;EUR;17;118.34000000;924;EXCHANGE_LAST;;1;1;XEUR;10804525;689;
18.11.2024;11:22:19.119;FGBM SI 20241206 PS;SIMPLE_INSTRUMENT;EFS;EUR;18;118.38000000;304;EXCHANGE_LAST;;1;1;XEUR;10804525;689;
18.11.2024;11:24:54.076;FGBM SI 20241206 PS;SIMPLE_INSTRUMENT;EFS;EUR;19;118.35000000;1768;EXCHANGE_LAST;;1;1;XEUR;10804525;689;
18.11.2024;11:43:21.771;FGBM SI 20241206 PS;SIMPLE_INSTRUMENT;EFS;EUR;20;118.36000000;934;EXCHANGE_LAST;;1;1;XEUR;10804525;689;
18.11.2024;11:43:26.682;FGBM SI 20241206 PS;SIMPLE_INSTRUMENT;EFS;EUR;21;118.38000000;868;EXCHANGE_LAST;;1;1;XEUR;10804525;689;
18.11.2024;11:53:35.845;FGBM SI 20241206 PS;SIMPLE_INSTRUMENT;EFS;EUR;22;118.37000000;3000;EXCHANGE_LAST;;1;1;XEUR;10804525;689;
18.11.2024;11:58:30.076;FGBM SI 20241206 PS;SIMPLE_INSTRUMENT;EFP_FIN;EUR;23;118.36000000;856;EXCHANGE_LAST;;1;1;XEUR;10804525;689;
18.11.2024;12:10:30.214;FGBM SI 20241206 PS;SIMPLE_INSTRUMENT;BLOCK;EUR;24;118.36000000;4127;EXCHANGE_LAST;;1;1;XEUR;10804525;689;
18.11.2024;12:13:04.218;FGBM SI 20241206 PS;SIMPLE_INSTRUMENT;EFS;EUR;25;118.33000000;870;EXCHANGE_LAST;;1;1;XEUR;10804525;689;
18.11.2024;12:29:30.833;FGBM SI 20241206 PS;SIMPLE_INSTRUMENT;EFS;EUR;26;118.29000000;870;EXCHANGE_LAST;;1;1;XEUR;10804525;689;
18.11.2024;12:30:02.592;FGBM SI 20241206 PS;SIMPLE_INSTRUMENT;EFS;EUR;27;118.30000000;2212;EXCHANGE_LAST;;1;1;XEUR;10804525;689;
18.11.2024;12:35:55.896;FGBM SI 20241206 PS;SIMPLE_INSTRUMENT;EFS;EUR;28;118.29000000;1835;EXCHANGE_LAST;;1;1;XEUR;10804525;689;
18.11.2024;12:41:17.732;FGBM SI 20241206 PS;SIMPLE_INSTRUMENT;EFP_FIN;EUR;29;118.29000000;380;EXCHANGE_LAST;;1;1;XEUR;10804525;689;
18.11.2024;12:49:04.524;FGBM SI 20241206 PS;SIMPLE_INSTRUMENT;EFS;EUR;30;118.29000000;115;EXCHANGE_LAST;;1;1;XEUR;10804525;689;
18.11.2024;12:53:53.758;FGBM SI 20241206 PS;SIMPLE_INSTRUMENT;EFS;EUR;31;118.25000000;870;EXCHANGE_LAST;;1;1;XEUR;10804525;689;
18.11.2024;12:55:36.429;FGBM SI 20241206 PS;SIMPLE_INSTRUMENT;EFP_FIN;EUR;32;118.29000000;147;EXCHANGE_LAST;;1;1;XEUR;10804525;689;
18.11.2024;12:58:30.317;FGBM SI 20241206 PS;SIMPLE_INSTRUMENT;EFS;EUR;33;118.24000000;435;EXCHANGE_LAST;;1;1;XEUR;10804525;689;
18.11.2024;13:12:35.837;FGBM SI 20241206 PS;SIMPLE_INSTRUMENT;EFS;EUR;34;118.26000000;870;EXCHANGE_LAST;;1;1;XEUR;10804525;689;
18.11.2024;13:24:10.725;FGBM SI 20241206 PS;SIMPLE_INSTRUMENT;EFP_FIN;EUR;35;118.29000000;147;EXCHANGE_LAST;;1;1;XEUR;10804525;689;
18.11.2024;13:55:14.214;FGBM SI 20241206 PS;SIMPLE_INSTRUMENT;EFP_FIN;EUR;36;118.25000000;313;EXCHANGE_LAST;;1;1;XEUR;10804525;689;
18.11.2024;13:56:25.186;FGBM SI 20241206 PS;SIMPLE_INSTRUMENT;EFS;EUR;37;118.24000000;1864;EXCHANGE_LAST;;1;1;XEUR;10804525;689;
18.11.2024;14:00:48.117;FGBM SI 20241206 PS;SIMPLE_INSTRUMENT;EFP_FIN;EUR;38;118.28000000;1074;EXCHANGE_LAST;;1;1;XEUR;10804525;689;
18.11.2024;14:08:46.976;FGBM SI 20241206 PS;SIMPLE_INSTRUMENT;EFS;EUR;39;118.27000000;935;EXCHANGE_LAST;;1;1;XEUR;10804525;689;
18.11.2024;14:11:24.706;FGBM SI 20241206 PS;SIMPLE_INSTRUMENT;EFP_FIN;EUR;40;118.28000000;62;EXCHANGE_LAST;;1;1;XEUR;10804525;689;
18.11.2024;14:15:24.682;FGBM SI 20241206 PS;SIMPLE_INSTRUMENT;EFS;EUR;41;118.29000000;435;EXCHANGE_LAST;;1;1;XEUR;10804525;689;
18.11.2024;14:21:48.672;FGBM SI 20241206 PS;SIMPLE_INSTRUMENT;EFS;EUR;42;118.30000000;823;EXCHANGE_LAST;;1;1;XEUR;10804525;689;
18.11.2024;14:39:35.979;FGBM SI 20241206 PS;SIMPLE_INSTRUMENT;EFS;EUR;43;118.30000000;3087;EXCHANGE_LAST;;1;1;XEUR;10804525;689;
18.11.2024;14:45:05.535;FGBM SI 20241206 PS;SIMPLE_INSTRUMENT;EFS;EUR;44;118.20000000;524;EXCHANGE_LAST;;1;1;XEUR;10804525;689;
18.11.2024;14:50:09.619;FGBM SI 20241206 PS;SIMPLE_INSTRUMENT;EFS;EUR;45;118.29000000;870;EXCHANGE_LAST;;1;1;XEUR;10804525;689;
18.11.2024;14:50:34.638;FGBM SI 20241206 PS;SIMPLE_INSTRUMENT;EFS;EUR;46;118.29000000;435;EXCHANGE_LAST;;1;1;XEUR;10804525;689;
18.11.2024;14:50:44.648;FGBM SI 20241206 PS;SIMPLE_INSTRUMENT;EFS;EUR;47;118.29000000;435;EXCHANGE_LAST;;1;1;XEUR;10804525;689;
18.11.2024;15:00:06.029;FGBM SI 20241206 PS;SIMPLE_INSTRUMENT;EFS;EUR;48;118.28000000;935;EXCHANGE_LAST;;1;1;XEUR;10804525;689;
18.11.2024;15:41:56.353;FGBM SI 20241206 PS;SIMPLE_INSTRUMENT;EFS;EUR;49;118.29000000;585;EXCHANGE_LAST;;1;1;XEUR;10804525;689;
18.11.2024;15:43:23.909;FGBM SI 20241206 PS;SIMPLE_INSTRUMENT;EFP_FIN;EUR;50;118.30000000;76;EXCHANGE_LAST;;1;1;XEUR;10804525;689;
18.11.2024;15:47:50.579;FGBM SI 20241206 PS;SIMPLE_INSTRUMENT;EFP_FIN;EUR;51;118.34000000;404;EXCHANGE_LAST;;1;1;XEUR;10804525;689;
18.11.2024;15:56:00.494;FGBM SI 20241206 PS;SIMPLE_INSTRUMENT;EFS;EUR;53;118.33000000;868;EXCHANGE_LAST;;1;1;XEUR;10804525;689;
18.11.2024;15:56:19.865;FGBM SI 20241206 PS;SIMPLE_INSTRUMENT;EFS;EUR;54;118.34000000;868;EXCHANGE_LAST;;1;1;XEUR;10804525;689;
18.11.2024;15:56:38.219;FGBM SI 20241206 PS;SIMPLE_INSTRUMENT;EFS;EUR;55;118.34000000;868;EXCHANGE_LAST;;1;1;XEUR;10804525;689;
18.11.2024;15:59:42.450;FGBM SI 20241206 PS;SIMPLE_INSTRUMENT;EFP_FIN;EUR;56;118.33000000;2416;EXCHANGE_LAST;;1;1;XEUR;10804525;689;
18.11.2024;16:03:44.262;FGBM SI 20241206 PS;SIMPLE_INSTRUMENT;EFP_FIN;EUR;57;118.35000000;1002;EXCHANGE_LAST;;1;1;XEUR;10804525;689;
18.11.2024;16:04:12.978;FGBM SI 20241206 PS;SIMPLE_INSTRUMENT;EFS;EUR;58;118.34000000;870;EXCHANGE_LAST;;1;1;XEUR;10804525;689;
18.11.2024;16:04:16.614;FGBM SI 20241206 PS;SIMPLE_INSTRUMENT;EFS;EUR;59;118.34000000;870;EXCHANGE_LAST;;1;1;XEUR;10804525;689;
18.11.2024;16:04:54.250;FGBM SI 20241206 PS;SIMPLE_INSTRUMENT;EFS;EUR;60;118.37000000;868;EXCHANGE_LAST;;1;1;XEUR;10804525;689;
18.11.2024;16:05:20.298;FGBM SI 20241206 PS;SIMPLE_INSTRUMENT;EFS;EUR;61;118.34000000;870;EXCHANGE_LAST;;1;1;XEUR;10804525;689;
18.11.2024;16:06:01.689;FGBM SI 20241206 PS;SIMPLE_INSTRUMENT;EFS;EUR;62;118.34000000;870;EXCHANGE_LAST;;1;1;XEUR;10804525;689;
18.11.2024;16:09:41.843;FGBM SI 20241206 PS;SIMPLE_INSTRUMENT;EFS;EUR;63;118.41000000;869;EXCHANGE_LAST;;1;1;XEUR;10804525;689;
18.11.2024;16:11:28.599;FGBM SI 20241206 PS;SIMPLE_INSTRUMENT;EFP_FIN;EUR;64;118.34000000;442;EXCHANGE_LAST;;1;1;XEUR;10804525;689;
18.11.2024;16:17:57.188;FGBM SI 20241206 PS;SIMPLE_INSTRUMENT;EFS;EUR;65;118.44000000;869;EXCHANGE_LAST;;1;1;XEUR;10804525;689;
18.11.2024;16:18:24.722;FGBM SI 20241206 PS;SIMPLE_INSTRUMENT;EFS;EUR;66;118.44000000;434;EXCHANGE_LAST;;1;1;XEUR;10804525;689;
18.11.2024;16:20:12.476;FGBM SI 20241206 PS;SIMPLE_INSTRUMENT;EFS;EUR;67;118.32000000;1065;EXCHANGE_LAST;;1;1;XEUR;10804525;689;
18.11.2024;16:23:30.699;FGBM SI 20241206 PS;SIMPLE_INSTRUMENT;EFS;EUR;68;118.39000000;706;EXCHANGE_LAST;;1;1;XEUR;10804525;689;
18.11.2024;16:25:02.506;FGBM SI 20241206 PS;SIMPLE_INSTRUMENT;EFS;EUR;69;118.44000000;869;EXCHANGE_LAST;;1;1;XEUR;10804525;689;
18.11.2024;16:27:44.533;FGBM SI 20241206 PS;SIMPLE_INSTRUMENT;EFS;EUR;70;118.44000000;434;EXCHANGE_LAST;;1;1;XEUR;10804525;689;
18.11.2024;16:31:38.356;FGBM SI 20241206 PS;SIMPLE_INSTRUMENT;EFS;EUR;71;118.44000000;434;EXCHANGE_LAST;;1;1;XEUR;10804525;689;
18.11.2024;16:45:12.572;FGBM SI 20241206 PS;SIMPLE_INSTRUMENT;EFS;EUR;72;118.45000000;500;EXCHANGE_LAST;;1;1;XEUR;10804525;689;
18.11.2024;17:24:29.666;FGBM SI 20241206 PS;SIMPLE_INSTRUMENT;EFS;EUR;73;118.43000000;434;EXCHANGE_LAST;;1;1;XEUR;10804525;689;
18.11.2024;11:44:10.371;FGBM SI 20241206 PS;SIMPLE_INSTRUMENT;VOLA;EUR;268435483;118.37000000;195;EXCHANGE_LAST;;1;1;XEUR;10804525;689;
18.11.2024;09:06:12.633;FGBS SI 20241206 PS;SIMPLE_INSTRUMENT;EFS;EUR;1;106.72000000;2723;EXCHANGE_LAST;;1;1;XEUR;10804527;690;
18.11.2024;09:07:53.203;FGBS SI 20241206 PS;SIMPLE_INSTRUMENT;EFS;EUR;2;106.73500000;1089;EXCHANGE_LAST;;1;1;XEUR;10804527;690;
18.11.2024;09:11:01.816;FGBS SI 20241206 PS;SIMPLE_INSTRUMENT;EFS;EUR;3;106.72000000;2581;EXCHANGE_LAST;;1;1;XEUR;10804527;690;
18.11.2024;09:35:55.359;FGBS SI 20241206 PS;SIMPLE_INSTRUMENT;EFP_FIN;EUR;4;106.72000000;234;EXCHANGE_LAST;;1;1;XEUR;10804527;690;
18.11.2024;09:39:08.759;FGBS SI 20241206 PS;SIMPLE_INSTRUMENT;EFS;EUR;5;106.72000000;2723;EXCHANGE_LAST;;1;1;XEUR;10804527;690;
18.11.2024;09:56:44.129;FGBS SI 20241206 PS;SIMPLE_INSTRUMENT;EFS;EUR;6;106.71000000;2578;EXCHANGE_LAST;;1;1;XEUR;10804527;690;
18.11.2024;09:59:56.824;FGBS SI 20241206 PS;SIMPLE_INSTRUMENT;EFS;EUR;7;106.71000000;2723;EXCHANGE_LAST;;1;1;XEUR;10804527;690;
18.11.2024;10:03:36.822;FGBS SI 20241206 PS;SIMPLE_INSTRUMENT;EFS;EUR;8;106.70000000;2408;EXCHANGE_LAST;;1;1;XEUR;10804527;690;
18.11.2024;10:08:59.279;FGBS SI 20241206 PS;SIMPLE_INSTRUMENT;EFS;EUR;9;106.70000000;2578;EXCHANGE_LAST;;1;1;XEUR;10804527;690;
18.11.2024;10:34:18.623;FGBS SI 20241206 PS;SIMPLE_INSTRUMENT;EFS;EUR;10;106.68000000;818;EXCHANGE_LAST;;1;1;XEUR;10804527;690;
18.11.2024;10:44:30.849;FGBS SI 20241206 PS;SIMPLE_INSTRUMENT;EFS;EUR;11;106.68000000;1362;EXCHANGE_LAST;;1;1;XEUR;10804527;690;
18.11.2024;10:49:27.343;FGBS SI 20241206 PS;SIMPLE_INSTRUMENT;EFS;EUR;12;106.69000000;2583;EXCHANGE_LAST;;1;1;XEUR;10804527;690;
18.11.2024;10:59:53.170;FGBS SI 20241206 PS;SIMPLE_INSTRUMENT;EFS;EUR;13;106.72000000;2578;EXCHANGE_LAST;;1;1;XEUR;10804527;690;
18.11.2024;11:02:30.998;FGBS SI 20241206 PS;SIMPLE_INSTRUMENT;EFS;EUR;14;106.69000000;13621;EXCHANGE_LAST;;1;1;XEUR;10804527;690;
18.11.2024;11:19:14.060;FGBS SI 20241206 PS;SIMPLE_INSTRUMENT;EFS;EUR;15;106.71000000;2577;EXCHANGE_LAST;;1;1;XEUR;10804527;690;
18.11.2024;11:21:08.935;FGBS SI 20241206 PS;SIMPLE_INSTRUMENT;EFP_FIN;EUR;16;106.69500000;736;EXCHANGE_LAST;;1;1;XEUR;10804527;690;
18.11.2024;11:24:32.185;FGBS SI 20241206 PS;SIMPLE_INSTRUMENT;EFS;EUR;17;106.70000000;2584;EXCHANGE_LAST;;1;1;XEUR;10804527;690;
18.11.2024;11:28:39.124;FGBS SI 20241206 PS;SIMPLE_INSTRUMENT;EFP_FIN;EUR;18;106.71000000;2837;EXCHANGE_LAST;;1;1;XEUR;10804527;690;
18.11.2024;11:39:13.021;FGBS SI 20241206 PS;SIMPLE_INSTRUMENT;BLOCK;EUR;19;106.70000000;5170;EXCHANGE_LAST;;1;1;XEUR;10804527;690;
18.11.2024;11:42:32.691;FGBS SI 20241206 PS;SIMPLE_INSTRUMENT;EFS;EUR;20;106.70000000;2724;EXCHANGE_LAST;;1;1;XEUR;10804527;690;
18.11.2024;11:44:03.882;FGBS SI 20241206 PS;SIMPLE_INSTRUMENT;EFP_FIN;EUR;21;106.70000000;1336;EXCHANGE_LAST;;1;1;XEUR;10804527;690;
18.11.2024;11:48:23.212;FGBS SI 20241206 PS;SIMPLE_INSTRUMENT;EFS;EUR;22;106.70500000;2724;EXCHANGE_LAST;;1;1;XEUR;10804527;690;
18.11.2024;11:50:15.465;FGBS SI 20241206 PS;SIMPLE_INSTRUMENT;EFP_FIN;EUR;23;106.69000000;278;EXCHANGE_LAST;;1;1;XEUR;10804527;690;
18.11.2024;11:53:06.162;FGBS SI 20241206 PS;SIMPLE_INSTRUMENT;EFS;EUR;24;106.71000000;2723;EXCHANGE_LAST;;1;1;XEUR;10804527;690;
18.11.2024;11:58:21.597;FGBS SI 20241206 PS;SIMPLE_INSTRUMENT;EFP_FIN;EUR;25;106.71000000;1454;EXCHANGE_LAST;;1;1;XEUR;10804527;690;
18.11.2024;12:04:44.973;FGBS SI 20241206 PS;SIMPLE_INSTRUMENT;EFS;EUR;26;106.70500000;2724;EXCHANGE_LAST;;1;1;XEUR;10804527;690;
18.11.2024;12:05:32.088;FGBS SI 20241206 PS;SIMPLE_INSTRUMENT;EFS;EUR;27;106.70500000;2724;EXCHANGE_LAST;;1;1;XEUR;10804527;690;
18.11.2024;12:06:35.221;FGBS SI 20241206 PS;SIMPLE_INSTRUMENT;EFS;EUR;28;106.70500000;2724;EXCHANGE_LAST;;1;1;XEUR;10804527;690;
18.11.2024;12:08:52.643;FGBS SI 20241206 PS;SIMPLE_INSTRUMENT;EFS;EUR;29;106.70500000;2724;EXCHANGE_LAST;;1;1;XEUR;10804527;690;
18.11.2024;12:08:43.123;FGBS SI 20241206 PS;SIMPLE_INSTRUMENT;EFS;EUR;30;106.70500000;2724;EXCHANGE_LAST;;1;1;XEUR;10804527;690;
18.11.2024;12:48:54.320;FGBS SI 20241206 PS;SIMPLE_INSTRUMENT;EFS;EUR;31;106.68000000;2725;EXCHANGE_LAST;;1;1;XEUR;10804527;690;
18.11.2024;12:53:02.105;FGBS SI 20241206 PS;SIMPLE_INSTRUMENT;EFP_FIN;EUR;32;106.69000000;422;EXCHANGE_LAST;;1;1;XEUR;10804527;690;
18.11.2024;13:04:41.022;FGBS SI 20241206 PS;SIMPLE_INSTRUMENT;EFS;EUR;33;106.69000000;2724;EXCHANGE_LAST;;1;1;XEUR;10804527;690;
18.11.2024;13:05:47.421;FGBS SI 20241206 PS;SIMPLE_INSTRUMENT;BLOCK;EUR;34;106.66000000;14000;EXCHANGE_LAST;;1;1;XEUR;10804527;690;
18.11.2024;13:16:45.493;FGBS SI 20241206 PS;SIMPLE_INSTRUMENT;EFP_FIN;EUR;35;106.66000000;406;EXCHANGE_LAST;;1;1;XEUR;10804527;690;
18.11.2024;13:19:20.965;FGBS SI 20241206 PS;SIMPLE_INSTRUMENT;EFS;EUR;36;106.66500000;2725;EXCHANGE_LAST;;1;1;XEUR;10804527;690;
18.11.2024;13:20:12.645;FGBS SI 20241206 PS;SIMPLE_INSTRUMENT;EFS;EUR;37;106.66000000;3270;EXCHANGE_LAST;;1;1;XEUR;10804527;690;
18.11.2024;13:26:16.979;FGBS SI 20241206 PS;SIMPLE_INSTRUMENT;EFS;EUR;38;106.67000000;2725;EXCHANGE_LAST;;1;1;XEUR;10804527;690;
18.11.2024;13:39:36.148;FGBS SI 20241206 PS;SIMPLE_INSTRUMENT;EFS;EUR;39;106.66000000;2726;EXCHANGE_LAST;;1;1;XEUR;10804527;690;
18.11.2024;13:44:49.644;FGBS SI 20241206 PS;SIMPLE_INSTRUMENT;BLOCK;EUR;40;106.67000000;4088;EXCHANGE_LAST;;1;1;XEUR;10804527;690;
18.11.2024;13:54:55.527;FGBS SI 20241206 PS;SIMPLE_INSTRUMENT;EFS;EUR;41;106.67000000;2723;EXCHANGE_LAST;;1;1;XEUR;10804527;690;
18.11.2024;14:06:37.969;FGBS SI 20241206 PS;SIMPLE_INSTRUMENT;EFP_FIN;EUR;42;106.66500000;1454;EXCHANGE_LAST;;1;1;XEUR;10804527;690;
18.11.2024;14:22:46.868;FGBS SI 20241206 PS;SIMPLE_INSTRUMENT;EFP_FIN;EUR;43;106.68000000;473;EXCHANGE_LAST;;1;1;XEUR;10804527;690;
18.11.2024;14:29:08.032;FGBS SI 20241206 PS;SIMPLE_INSTRUMENT;EFS;EUR;44;106.68000000;2725;EXCHANGE_LAST;;1;1;XEUR;10804527;690;
18.11.2024;14:28:44.797;FGBS SI 20241206 PS;SIMPLE_INSTRUMENT;EFS;EUR;45;106.68000000;2725;EXCHANGE_LAST;;1;1;XEUR;10804527;690;
18.11.2024;14:30:39.233;FGBS SI 20241206 PS;SIMPLE_INSTRUMENT;EFS;EUR;46;106.68500000;2721;EXCHANGE_LAST;;1;1;XEUR;10804527;690;
18.11.2024;14:43:36.599;FGBS SI 20241206 PS;SIMPLE_INSTRUMENT;EFS;EUR;47;106.65000000;1526;EXCHANGE_LAST;;1;1;XEUR;10804527;690;
18.11.2024;14:49:34.129;FGBS SI 20241206 PS;SIMPLE_INSTRUMENT;EFP_FIN;EUR;48;106.68000000;498;EXCHANGE_LAST;;1;1;XEUR;10804527;690;
18.11.2024;14:45:38.826;FGBS SI 20241206 PS;SIMPLE_INSTRUMENT;EFS;EUR;49;106.68000000;2725;EXCHANGE_LAST;;1;1;XEUR;10804527;690;
18.11.2024;14:51:33.141;FGBS SI 20241206 PS;SIMPLE_INSTRUMENT;EFP_FIN;EUR;50;106.68000000;213;EXCHANGE_LAST;;1;1;XEUR;10804527;690;
18.11.2024;14:52:20.021;FGBS SI 20241206 PS;SIMPLE_INSTRUMENT;EFS;EUR;51;106.68000000;2725;EXCHANGE_LAST;;1;1;XEUR;10804527;690;
18.11.2024;14:57:31.489;FGBS SI 20241206 PS;SIMPLE_INSTRUMENT;EFS;EUR;52;106.67500000;2725;EXCHANGE_LAST;;1;1;XEUR;10804527;690;
18.11.2024;15:13:10.964;FGBS SI 20241206 PS;SIMPLE_INSTRUMENT;EFS;EUR;53;106.68000000;2725;EXCHANGE_LAST;;1;1;XEUR;10804527;690;
18.11.2024;15:14:54.641;FGBS SI 20241206 PS;SIMPLE_INSTRUMENT;EFS;EUR;54;106.68000000;1281;EXCHANGE_LAST;;1;1;XEUR;10804527;690;
18.11.2024;15:16:59.896;FGBS SI 20241206 PS;SIMPLE_INSTRUMENT;EFP_FIN;EUR;55;106.68000000;473;EXCHANGE_LAST;;1;1;XEUR;10804527;690;
18.11.2024;15:20:28.443;FGBS SI 20241206 PS;SIMPLE_INSTRUMENT;EFS;EUR;56;106.68000000;2725;EXCHANGE_LAST;;1;1;XEUR;10804527;690;
18.11.2024;15:22:59.110;FGBS SI 20241206 PS;SIMPLE_INSTRUMENT;EFS;EUR;57;106.68500000;4087;EXCHANGE_LAST;;1;1;XEUR;10804527;690;
18.11.2024;15:30:06.909;FGBS SI 20241206 PS;SIMPLE_INSTRUMENT;EFP_FIN;EUR;58;106.66000000;1051;EXCHANGE_LAST;;1;1;XEUR;10804527;690;
18.11.2024;15:43:06.936;FGBS SI 20241206 PS;SIMPLE_INSTRUMENT;EFS;EUR;59;106.68500000;2724;EXCHANGE_LAST;;1;1;XEUR;10804527;690;
18.11.2024;16:01:52.373;FGBS SI 20241206 PS;SIMPLE_INSTRUMENT;EFS;EUR;60;106.69000000;1362;EXCHANGE_LAST;;1;1;XEUR;10804527;690;
18.11.2024;16:03:55.339;FGBS SI 20241206 PS;SIMPLE_INSTRUMENT;EFS;EUR;61;106.69000000;2343;EXCHANGE_LAST;;1;1;XEUR;10804527;690;
18.11.2024;16:17:21.872;FGBS SI 20241206 PS;SIMPLE_INSTRUMENT;EFP_FIN;EUR;62;106.70500000;2837;EXCHANGE_LAST;;1;1;XEUR;10804527;690;
18.11.2024;16:24:12.101;FGBS SI 20241206 PS;SIMPLE_INSTRUMENT;EFS;EUR;63;106.72000000;2723;EXCHANGE_LAST;;1;1;XEUR;10804527;690;
18.11.2024;16:43:52.861;FGBS SI 20241206 PS;SIMPLE_INSTRUMENT;EFS;EUR;64;106.72500000;5200;EXCHANGE_LAST;;1;1;XEUR;10804527;690;
18.11.2024;08:17:18.054;FGBX SI 20241206 PS;SIMPLE_INSTRUMENT;EFS;EUR;1;132.58000000;15;EXCHANGE_LAST;;1;1;XEUR;10804526;691;
18.11.2024;09:07:32.640;FGBX SI 20241206 PS;SIMPLE_INSTRUMENT;EFS;EUR;2;132.24000000;183;EXCHANGE_LAST;;1;1;XEUR;10804526;691;
18.11.2024;09:21:47.705;FGBX SI 20241206 PS;SIMPLE_INSTRUMENT;EFP_FIN;EUR;4;132.34000000;90;EXCHANGE_LAST;;1;1;XEUR;10804526;691;
18.11.2024;09:45:31.779;FGBX SI 20241206 PS;SIMPLE_INSTRUMENT;EFS;EUR;6;132.24000000;183;EXCHANGE_LAST;;1;1;XEUR;10804526;691;
18.11.2024;09:58:50.679;FGBX SI 20241206 PS;SIMPLE_INSTRUMENT;EFS;EUR;7;132.68000000;172;EXCHANGE_LAST;;1;1;XEUR;10804526;691;
18.11.2024;10:15:26.674;FGBX SI 20241206 PS;SIMPLE_INSTRUMENT;EFS;EUR;9;132.10000000;70;EXCHANGE_LAST;;1;1;XEUR;10804526;691;
18.11.2024;10:18:08.351;FGBX SI 20241206 PS;SIMPLE_INSTRUMENT;EFP_FIN;EUR;10;132.16000000;338;EXCHANGE_LAST;;1;1;XEUR;10804526;691;
18.11.2024;10:22:27.352;FGBX SI 20241206 PS;SIMPLE_INSTRUMENT;EFS;EUR;11;132.06000000;260;EXCHANGE_LAST;;1;1;XEUR;10804526;691;
18.11.2024;10:36:20.055;FGBX SI 20241206 PS;SIMPLE_INSTRUMENT;EFP_FIN;EUR;12;132.08000000;86;EXCHANGE_LAST;;1;1;XEUR;10804526;691;
18.11.2024;10:39:01.658;FGBX SI 20241206 PS;SIMPLE_INSTRUMENT;EFP_FIN;EUR;13;131.98000000;50;EXCHANGE_LAST;;1;1;XEUR;10804526;691;
18.11.2024;10:43:08.792;FGBX SI 20250306 PS;SIMPLE_INSTRUMENT;EFP_FIN;EUR;14;131.92000000;408;EXCHANGE_LAST;;1;1;XEUR;11286682;691;
18.11.2024;10:57:57.276;FGBX SI 20241206 PS;SIMPLE_INSTRUMENT;EFP_FIN;EUR;16;132.16000000;86;EXCHANGE_LAST;;1;1;XEUR;10804526;691;
18.11.2024;11:18:20.378;FGBX SI 20241206 PS;SIMPLE_INSTRUMENT;EFS;EUR;19;132.36000000;183;EXCHANGE_LAST;;1;1;XEUR;10804526;691;
18.11.2024;11:42:32.691;FGBX SI 20241206 PS;SIMPLE_INSTRUMENT;EFP_FIN;EUR;20;132.36000000;75;EXCHANGE_LAST;;1;1;XEUR;10804526;691;
18.11.2024;11:59:58.825;FGBX SI 20241206 PS;SIMPLE_INSTRUMENT;EFP_FIN;EUR;22;132.40000000;148;EXCHANGE_LAST;;1;1;XEUR;10804526;691;
18.11.2024;12:15:28.228;FGBX SI 20241206 PS;SIMPLE_INSTRUMENT;BLOCK;EUR;24;132.38000000;184;EXCHANGE_LAST;;1;1;XEUR;10804526;691;
18.11.2024;16:04:17.632;FGBX SI 20241206 PS;SIMPLE_INSTRUMENT;EFS;EUR;32;132.50000000;91;EXCHANGE_LAST;;1;1;XEUR;10804526;691;
18.11.2024;16:28:42.504;FGBX SI 20241206 PS;SIMPLE_INSTRUMENT;EFS;EUR;33;132.46000000;182;EXCHANGE_LAST;;1;1;XEUR;10804526;691;
18.11.2024;16:54:44.584;FGBX SI 20241206 PS;SIMPLE_INSTRUMENT;BLOCK;EUR;35;132.74000000;184;EXCHANGE_LAST;;1;1;XEUR;10804526;691;
18.11.2024;11:44:16.588;FGBX SI 20250306 PS;SIMPLE_INSTRUMENT;VOLA;EUR;268435484;132.00000000;50;EXCHANGE_LAST;;1;1;XEUR;11286682;691;
18.11.2024;11:44:41.591;FGBX SI 20250306 PS;SIMPLE_INSTRUMENT;VOLA;EUR;268435485;132.00000000;30;EXCHANGE_LAST;;1;1;XEUR;11286682;691;
18.11.2024;11:45:03.595;FGBX SI 20250306 PS;SIMPLE_INSTRUMENT;VOLA;EUR;268435486;132.00000000;30;EXCHANGE_LAST;;1;1;XEUR;11286682;691;
18.11.2024;10:55:41.994;FHZN SI 20250117 PS AM P 195.0 0;SIMPLE_INSTRUMENT;BLOCK;CHF;14;3.30000000;1826;EXCHANGE_LAST;;1;1;XEUR;12093566;45379;
18.11.2024;10:09:04.577;FIA5 SI 20241219 PS AM C 14.00 0;SIMPLE_INSTRUMENT;BLOCK;EUR;5;0.12500000;4000;EXCHANGE_LAST;;1;2;XEUR;8767622;48227;
18.11.2024;10:51:01.758;FIA5 SI 20250220 PS AM C 14.80 0;SIMPLE_INSTRUMENT;BLOCK;EUR;8;0.21650000;2404;EXCHANGE_LAST;;1;1;XEUR;12233706;48227;
18.11.2024;16:05:10.256;FIA5 SI 20260618 PS AM P 12.00 0;SIMPLE_INSTRUMENT;BLOCK;EUR;27;1.69000000;750;EXCHANGE_LAST;;1;1;XEUR;11340150;48227;
18.11.2024;16:10:21.199;FIA5 SI 20260618 PS AM C 14.00 0;SIMPLE_INSTRUMENT;BLOCK;EUR;29;1.00000000;750;EXCHANGE_LAST;;1;1;XEUR;11340151;48227;
18.11.2024;02:22:06.895;FMEA SI 20241220 CS;SIMPLE_INSTRUMENT;BLOCK;USD;2;691.60000000;406;EXCHANGE_LAST;;1;1;XEUR;7191938;12395;
18.11.2024;03:00:46.092;FMEA SI 20241220 CS;SIMPLE_INSTRUMENT;BLOCK;USD;4;692.30000000;406;EXCHANGE_LAST;;1;1;XEUR;7191938;12395;
18.11.2024;08:10:52.180;FMEN SI 20241220 CS;SIMPLE_INSTRUMENT;BLOCK;EUR;20;516.93600000;40;EXCHANGE_LAST;;1;1;XEUR;7192297;30652;
18.11.2024;08:15:39.070;FMEN SI 20241220 CS;SIMPLE_INSTRUMENT;BLOCK;EUR;24;516.67800000;178;EXCHANGE_LAST;;1;1;XEUR;7192297;30652;
18.11.2024;07:38:01.796;FMES SI 20241220 CS;SIMPLE_INSTRUMENT;EFP_IDX;EUR;11;554.96400000;4;EXCHANGE_LAST;;1;1;XEUR;7194760;221291;
18.11.2024;08:20:45.251;FMES SI 20241220 CS;SIMPLE_INSTRUMENT;EFP_IDX;EUR;25;554.20400000;220;EXCHANGE_LAST;;1;1;XEUR;7194760;221291;
18.11.2024;07:54:58.048;FMGC SI 20241220 CS;SIMPLE_INSTRUMENT;BLOCK;USD;16;12921.96000000;3870;EXCHANGE_LAST;;1;1;XEUR;7193447;48916;
18.11.2024;14:41:25.110;FMGO SI 20241220 CS;SIMPLE_INSTRUMENT;BLOCK;USD;28;5217.00000000;203;EXCHANGE_LAST;;1;1;XEUR;8609363;583623;
18.11.2024;02:17:23.085;FMHK SI 20241220 CS;SIMPLE_INSTRUMENT;BLOCK;USD;1;56855.56400000;69;EXCHANGE_LAST;;1;1;XEUR;7192592;45282;
18.11.2024;07:57:39.953;FMHK SI 20241220 CS;SIMPLE_INSTRUMENT;BLOCK;USD;17;57050.00000000;41;EXCHANGE_LAST;;1;1;XEUR;7192592;45282;
18.11.2024;08:09:16.164;FMHK SI 20241220 CS;SIMPLE_INSTRUMENT;BLOCK;USD;19;57015.00000000;41;EXCHANGE_LAST;;1;1;XEUR;7192592;45282;
18.11.2024;04:03:37.856;FMIN SI 20241220 CS;SIMPLE_INSTRUMENT;BLOCK;USD;6;1259.08000000;15;EXCHANGE_LAST;;1;1;XEUR;7191968;12404;
18.11.2024;03:41:16.775;FMJP SI 20241220 CS;SIMPLE_INSTRUMENT;BLOCK;USD;5;8548.15600000;2214;EXCHANGE_LAST;;1;2;XEUR;7190889;661;
18.11.2024;04:23:01.442;FMJP SI 20241220 CS;SIMPLE_INSTRUMENT;BLOCK;USD;7;8548.15600000;1196;EXCHANGE_LAST;;1;1;XEUR;7190889;661;
18.11.2024;08:15:41.231;FMJP SI 20241220 CS;SIMPLE_INSTRUMENT;BLOCK;USD;22;8548.15800000;176;EXCHANGE_LAST;;1;1;XEUR;7190889;661;
18.11.2024;07:34:41.170;FMMX SI 20241220 CS;SIMPLE_INSTRUMENT;EFP_IDX;USD;9;602.74000000;182;EXCHANGE_LAST;;1;1;XEUR;7191984;12545;
18.11.2024;07:35:03.298;FMMY SI 20241220 CS;SIMPLE_INSTRUMENT;BLOCK;USD;10;382.92000000;200;EXCHANGE_LAST;;1;1;XEUR;7191971;12405;
18.11.2024;07:40:54.760;FMWF SI 20241220 CS;SIMPLE_INSTRUMENT;EFP_IDX;USD;12;348.03900000;311;EXCHANGE_LAST;;1;1;XEUR;7194568;124313;
18.11.2024;07:52:54.234;FMWN SI 20241220 CS;SIMPLE_INSTRUMENT;EFP_IDX;EUR;14;571.60000000;55;EXCHANGE_LAST;;1;1;XEUR;7192300;30654;
18.11.2024;09:27:45.532;FMWN SI 20241220 CS;SIMPLE_INSTRUMENT;BLOCK;EUR;26;570.60000000;274;EXCHANGE_LAST;;1;1;XEUR;7192300;30654;
18.11.2024;07:32:25.394;FMWO SI 20241220 CS;SIMPLE_INSTRUMENT;BLOCK;USD;8;11781.63000000;750;EXCHANGE_LAST;;1;1;XEUR;7191849;7059;
18.11.2024;07:50:33.472;FMWO SI 20241220 CS;SIMPLE_INSTRUMENT;EFP_IDX;USD;13;11785.88000000;112;EXCHANGE_LAST;;1;1;XEUR;7191849;7059;
18.11.2024;07:52:01.936;FMWO SI 20241220 CS;SIMPLE_INSTRUMENT;EFP_IDX;USD;15;11786.53000000;137;EXCHANGE_LAST;;1;1;XEUR;7191849;7059;
18.11.2024;08:14:28.852;FMWO SI 20241220 CS;SIMPLE_INSTRUMENT;BLOCK;USD;21;11785.28000000;840;EXCHANGE_LAST;;1;1;XEUR;7191849;7059;
18.11.2024;08:19:38.443;FMWO SI 20241220 CS;SIMPLE_INSTRUMENT;EFP_IDX;USD;23;11782.03000000;10;EXCHANGE_LAST;;1;1;XEUR;7191849;7059;
18.11.2024;08:48:21.938;FOAT SI 20241206 PS;SIMPLE_INSTRUMENT;EFP_FIN;EUR;1;124.91000000;220;EXCHANGE_LAST;;1;1;XEUR;10804528;749;
18.11.2024;09:44:45.392;FOAT SI 20241206 PS;SIMPLE_INSTRUMENT;BLOCK;EUR;2;124.82000000;525;EXCHANGE_LAST;;1;1;XEUR;10804528;749;
18.11.2024;10:50:56.455;FOAT SI 20241206 PS;SIMPLE_INSTRUMENT;BLOCK;EUR;3;124.65000000;262;EXCHANGE_LAST;;1;1;XEUR;10804528;749;
18.11.2024;11:01:14.076;FOAT SI 20241206 PS;SIMPLE_INSTRUMENT;EFP_FIN;EUR;4;124.65000000;653;EXCHANGE_LAST;;1;1;XEUR;10804528;749;
18.11.2024;11:12:55.058;FOAT SI 20241206 PS;SIMPLE_INSTRUMENT;EFP_FIN;EUR;5;124.67000000;415;EXCHANGE_LAST;;1;1;XEUR;10804528;749;
18.11.2024;11:14:17.472;FOAT SI 20241206 PS;SIMPLE_INSTRUMENT;EFP_FIN;EUR;6;124.67000000;415;EXCHANGE_LAST;;1;1;XEUR;10804528;749;
18.11.2024;11:19:59.755;FOAT SI 20241206 PS;SIMPLE_INSTRUMENT;EFP_FIN;EUR;7;124.75000000;1489;EXCHANGE_LAST;;1;1;XEUR;10804528;749;
18.11.2024;11:23:57.520;FOAT SI 20241206 PS;SIMPLE_INSTRUMENT;EFP_FIN;EUR;8;124.70000000;1661;EXCHANGE_LAST;;1;1;XEUR;10804528;749;
18.11.2024;11:27:44.957;FOAT SI 20241206 PS;SIMPLE_INSTRUMENT;EFP_FIN;EUR;9;124.67000000;1080;EXCHANGE_LAST;;1;1;XEUR;10804528;749;
18.11.2024;12:01:34.396;FOAT SI 20241206 PS;SIMPLE_INSTRUMENT;EFP_FIN;EUR;10;124.71000000;415;EXCHANGE_LAST;;1;1;XEUR;10804528;749;
18.11.2024;12:05:15.385;FOAT SI 20241206 PS;SIMPLE_INSTRUMENT;EFP_FIN;EUR;11;124.70000000;415;EXCHANGE_LAST;;1;1;XEUR;10804528;749;
18.11.2024;12:10:54.759;FOAT SI 20241206 PS;SIMPLE_INSTRUMENT;BLOCK;EUR;12;124.68000000;523;EXCHANGE_LAST;;1;1;XEUR;10804528;749;
18.11.2024;12:16:25.752;FOAT SI 20241206 PS;SIMPLE_INSTRUMENT;EFP_FIN;EUR;13;124.72000000;176;EXCHANGE_LAST;;1;1;XEUR;10804528;749;
18.11.2024;12:18:19.768;FOAT SI 20241206 PS;SIMPLE_INSTRUMENT;EFP_FIN;EUR;14;124.69000000;88;EXCHANGE_LAST;;1;1;XEUR;10804528;749;
18.11.2024;12:56:51.942;FOAT SI 20241206 PS;SIMPLE_INSTRUMENT;EFP_FIN;EUR;15;124.62000000;221;EXCHANGE_LAST;;1;1;XEUR;10804528;749;
18.11.2024;12:58:42.585;FOAT SI 20241206 PS;SIMPLE_INSTRUMENT;EFP_FIN;EUR;16;124.62000000;176;EXCHANGE_LAST;;1;1;XEUR;10804528;749;
18.11.2024;13:26:34.806;FOAT SI 20241206 PS;SIMPLE_INSTRUMENT;EFP_FIN;EUR;17;124.57000000;352;EXCHANGE_LAST;;1;1;XEUR;10804528;749;
18.11.2024;13:43:25.150;FOAT SI 20241206 PS;SIMPLE_INSTRUMENT;EFS;EUR;18;124.50000000;999;EXCHANGE_LAST;;1;1;XEUR;10804528;749;
18.11.2024;14:30:17.174;FOAT SI 20241206 PS;SIMPLE_INSTRUMENT;EFP_FIN;EUR;19;124.48000000;415;EXCHANGE_LAST;;1;1;XEUR;10804528;749;
18.11.2024;14:48:53.152;FOAT SI 20241206 PS;SIMPLE_INSTRUMENT;EFS;EUR;20;124.60000000;300;EXCHANGE_LAST;;1;1;XEUR;10804528;749;
18.11.2024;14:55:35.312;FOAT SI 20241206 PS;SIMPLE_INSTRUMENT;EFP_FIN;EUR;21;124.65000000;486;EXCHANGE_LAST;;1;1;XEUR;10804528;749;
18.11.2024;15:14:38.691;FOAT SI 20241206 PS;SIMPLE_INSTRUMENT;EFP_FIN;EUR;22;124.70000000;830;EXCHANGE_LAST;;1;1;XEUR;10804528;749;
18.11.2024;15:30:13.882;FOAT SI 20241206 PS;SIMPLE_INSTRUMENT;EFP_FIN;EUR;23;124.59000000;262;EXCHANGE_LAST;;1;1;XEUR;10804528;749;
18.11.2024;15:43:11.200;FOAT SI 20241206 PS;SIMPLE_INSTRUMENT;EFP_FIN;EUR;24;124.79000000;532;EXCHANGE_LAST;;1;1;XEUR;10804528;749;
18.11.2024;15:54:17.874;FOAT SI 20241206 PS;SIMPLE_INSTRUMENT;EFP_FIN;EUR;25;124.70000000;653;EXCHANGE_LAST;;1;1;XEUR;10804528;749;
18.11.2024;15:50:50.790;FOAT SI 20241206 PS;SIMPLE_INSTRUMENT;EFP_FIN;EUR;26;124.70000000;261;EXCHANGE_LAST;;1;1;XEUR;10804528;749;
18.11.2024;15:59:19.605;FOAT SI 20241206 PS;SIMPLE_INSTRUMENT;EFP_FIN;EUR;27;124.79000000;498;EXCHANGE_LAST;;1;1;XEUR;10804528;749;
18.11.2024;16:13:27.427;FOAT SI 20241206 PS;SIMPLE_INSTRUMENT;EFP_FIN;EUR;28;124.59000000;632;EXCHANGE_LAST;;1;1;XEUR;10804528;749;
18.11.2024;16:08:59.901;FOAT SI 20241206 PS;SIMPLE_INSTRUMENT;EFP_FIN;EUR;29;124.59000000;154;EXCHANGE_LAST;;1;1;XEUR;10804528;749;
18.11.2024;16:24:37.824;FOAT SI 20241206 PS;SIMPLE_INSTRUMENT;EFP_FIN;EUR;30;124.83000000;2408;EXCHANGE_LAST;;1;1;XEUR;10804528;749;
18.11.2024;16:34:53.351;FOAT SI 20241206 PS;SIMPLE_INSTRUMENT;EFP_FIN;EUR;31;124.84000000;830;EXCHANGE_LAST;;1;1;XEUR;10804528;749;
18.11.2024;16:35:24.105;FOAT SI 20241206 PS;SIMPLE_INSTRUMENT;EFP_FIN;EUR;32;124.84000000;623;EXCHANGE_LAST;;1;1;XEUR;10804528;749;
18.11.2024;16:21:59.426;FRE SI 20241220 PS AM P 32.00 0;SIMPLE_INSTRUMENT;BLOCK;EUR;12;0.59000000;500;EXCHANGE_LAST;;1;1;XEUR;4837296;760;
18.11.2024;16:38:54.593;FSCP SI 20241220 CS;SIMPLE_INSTRUMENT;EFP_IDX;EUR;69;332.60000000;12;EXCHANGE_LAST;;1;1;XEUR;10840104;764;
18.11.2024;16:39:10.372;FSCP SI 20241220 CS;SIMPLE_INSTRUMENT;EFP_IDX;EUR;70;332.70000000;98;EXCHANGE_LAST;;1;1;XEUR;10840104;764;
18.11.2024;16:41:13.259;FSCP SI 20241220 CS;SIMPLE_INSTRUMENT;EFP_IDX;EUR;73;332.60000000;140;EXCHANGE_LAST;;1;1;XEUR;10840104;764;
18.11.2024;16:41:22.623;FSCP SI 20241220 CS;SIMPLE_INSTRUMENT;EFP_IDX;EUR;74;332.80000000;114;EXCHANGE_LAST;;1;1;XEUR;10840104;764;
18.11.2024;16:40:51.942;FSEG SI 20241220 CS;SIMPLE_INSTRUMENT;EFP_IDX;EUR;71;187.20000000;82;EXCHANGE_LAST;;1;1;XEUR;10871764;109977;
18.11.2024;16:41:03.475;FSEG SI 20241220 CS;SIMPLE_INSTRUMENT;EFP_IDX;EUR;72;187.00000000;101;EXCHANGE_LAST;;1;1;XEUR;10871764;109977;
18.11.2024;16:47:43.807;FSEG SI 20241220 CS;SIMPLE_INSTRUMENT;EFP_IDX;EUR;76;187.10000000;37;EXCHANGE_LAST;;1;1;XEUR;10871764;109977;
18.11.2024;16:47:57.892;FSEG SI 20241220 CS;SIMPLE_INSTRUMENT;EFP_IDX;EUR;77;187.00000000;4;EXCHANGE_LAST;;1;1;XEUR;10871764;109977;
18.11.2024;17:08:42.948;FSMI SI 20241220 CS;SIMPLE_INSTRUMENT;BLOCK;CHF;1;11620.00000000;500;EXCHANGE_LAST;;1;1;XEUR;7793735;757;
18.11.2024;16:51:00.069;FSMX SI 20241220 CS;SIMPLE_INSTRUMENT;BLOCK;EUR;78;26277.00000000;274;EXCHANGE_LAST;;1;1;XEUR;10882019;396422;
18.11.2024;16:51:00.069;FSMX SI 20241220 CS;SIMPLE_INSTRUMENT;BLOCK;EUR;79;26279.00000000;308;EXCHANGE_LAST;;1;1;XEUR;10882019;396422;
18.11.2024;15:42:09.822;FSTA SI 20241220 CS;SIMPLE_INSTRUMENT;VOLA;EUR;603979817;533.00000000;29;EXCHANGE_LAST;;1;1;XEUR;10839562;715;
18.11.2024;16:24:45.191;FSTE SI 20241220 CS;SIMPLE_INSTRUMENT;BLOCK;EUR;8;343.20000000;324;EXCHANGE_LAST;;1;1;XEUR;10839564;719;
18.11.2024;16:25:42.317;FSTE SI 20241220 CS;SIMPLE_INSTRUMENT;BLOCK;EUR;9;343.60000000;341;EXCHANGE_LAST;;1;1;XEUR;10839564;719;
18.11.2024;17:12:58.255;FSTE SI 20241220 CS;SIMPLE_INSTRUMENT;EFP_IDX;EUR;12;343.20000000;40;EXCHANGE_LAST;;1;1;XEUR;10839564;719;
18.11.2024;17:13:13.264;FSTE SI 20241220 CS;SIMPLE_INSTRUMENT;EFP_IDX;EUR;13;343.10000000;161;EXCHANGE_LAST;;1;1;XEUR;10839564;719;
18.11.2024;16:22:57.085;FSTG SI 20241220 CS;SIMPLE_INSTRUMENT;BLOCK;EUR;66;876.90000000;340;EXCHANGE_LAST;;1;1;XEUR;10839565;717;
18.11.2024;14:08:23.100;FSTH SI 20241220 CS;SIMPLE_INSTRUMENT;BLOCK;EUR;4;1102.70000000;260;EXCHANGE_LAST;;1;1;XEUR;10839563;716;
18.11.2024;14:08:27.255;FSTH SI 20241220 CS;SIMPLE_INSTRUMENT;BLOCK;EUR;5;1102.60000000;606;EXCHANGE_LAST;;1;1;XEUR;10839563;716;
18.11.2024;15:11:32.650;FSTH SI 20241220 CS;SIMPLE_INSTRUMENT;BLOCK;EUR;7;1098.00000000;345;EXCHANGE_LAST;;1;1;XEUR;10839563;716;
18.11.2024;17:07:04.957;FSTI SI 20241220 CS;SIMPLE_INSTRUMENT;BLOCK;EUR;80;404.20000000;297;EXCHANGE_LAST;;1;1;XEUR;10839555;707;
18.11.2024;17:07:27.660;FSTI SI 20241220 CS;SIMPLE_INSTRUMENT;BLOCK;EUR;81;404.40000000;958;EXCHANGE_LAST;;1;1;XEUR;10839555;707;
18.11.2024;10:33:42.895;FSTI SI 20241220 CS;SIMPLE_INSTRUMENT;VOLA;EUR;603979782;403.60000000;24;EXCHANGE_LAST;;1;1;XEUR;10839555;707;
18.11.2024;17:08:43.031;FSTL SI 20241220 CS;SIMPLE_INSTRUMENT;BLOCK;EUR;82;127.30000000;1933;EXCHANGE_LAST;;1;1;XEUR;10839554;706;
18.11.2024;17:09:02.182;FSTL SI 20241220 CS;SIMPLE_INSTRUMENT;BLOCK;EUR;83;127.40000000;419;EXCHANGE_LAST;;1;1;XEUR;10839554;706;
18.11.2024;14:52:55.218;FSTS SI 20241220 CS;SIMPLE_INSTRUMENT;VOLA;EUR;603979812;530.00000000;50;EXCHANGE_LAST;;1;1;XEUR;10839557;709;
18.11.2024;09:13:31.972;FSTY SI 20241220 CS;SIMPLE_INSTRUMENT;BLOCK;EUR;2;761.70000000;500;EXCHANGE_LAST;;1;1;XEUR;10839569;729;
18.11.2024;14:52:21.335;FSTY SI 20241220 CS;SIMPLE_INSTRUMENT;BLOCK;EUR;6;759.10000000;380;EXCHANGE_LAST;;1;1;XEUR;10839569;729;
18.11.2024;14:48:38.540;FSTY SI 20241220 CS;SIMPLE_INSTRUMENT;VOLA;EUR;603979809;760.00000000;22;EXCHANGE_LAST;;1;1;XEUR;10839569;729;
18.11.2024;14:52:41.703;FUEM SI 20241220 CS;SIMPLE_INSTRUMENT;BLOCK;USD;48;113.77000000;300;EXCHANGE_LAST;;1;1;XEUR;10921824;772680;
18.11.2024;14:52:10.375;FUHY SI 20241220 CS;SIMPLE_INSTRUMENT;BLOCK;USD;47;682.03000000;150;EXCHANGE_LAST;;1;1;XEUR;11850131;909660;
18.11.2024;14:49:44.273;FUIG SI 20241220 CS;SIMPLE_INSTRUMENT;BLOCK;USD;46;3307.70000000;150;EXCHANGE_LAST;;1;1;XEUR;11850127;909659;
18.11.2024;16:44:55.767;FXXP SI 20241220 CS;SIMPLE_INSTRUMENT;BLOCK;EUR;30;504.10000000;666;EXCHANGE_LAST;;1;1;XEUR;7793976;816;
18.11.2024;16:45:00.503;FXXP SI 20241220 CS;SIMPLE_INSTRUMENT;BLOCK;EUR;31;504.00000000;444;EXCHANGE_LAST;;1;1;XEUR;7793976;816;
18.11.2024;14:42:57.073;FXXP SI 20241220 CS;SIMPLE_INSTRUMENT;VOLA;EUR;603979805;501.80000000;90;EXCHANGE_LAST;;1;1;XEUR;7793976;816;
18.11.2024;13:47:48.092;G3ZF SI 20251219 CS;SIMPLE_INSTRUMENT;BLOCK;EUR;39;1.44500000;400;EXCHANGE_LAST;;1;2;XEUR;5914677;144760;
18.11.2024;09:21:40.690;GLEN SI 20251219 PS AM P 280 0;SIMPLE_INSTRUMENT;BLOCK;GBX;1;11.00000000;1000;EXCHANGE_LAST;;1;1;XEUR;10407547;864;
18.11.2024;16:37:54.937;GLEN SI 20241220 PS AM C 420 0;SIMPLE_INSTRUMENT;BLOCK;GBX;7;4.50000000;1505;EXCHANGE_LAST;;1;1;XEUR;11883026;864;
18.11.2024;10:50:42.876;GXI SI 20250321 PS AM P 64.00 0;SIMPLE_INSTRUMENT;BLOCK;EUR;6;3.06000000;400;EXCHANGE_LAST;;1;1;XEUR;10841110;852;
18.11.2024;09:54:44.199;GZF.O.241118.STD.000101;STANDARD_OPTION_STRATEGY;BLOCK;EUR;6;0.71000000;1500;EXCHANGE_LAST;;1;1;XEUR;72061266234979913;855;
18.11.2024;09:54:44.199;GZF SI 20241220 PS AM P 16.00 0;SIMPLE_INSTRUMENT;BLOCK;EUR;6;0.57000000;1500;PRC_DECOMP_EXCHANGE;;;;XEUR;4647412;855;EXCHANGE
18.11.2024;09:54:44.199;GZF SI 20241220 PS AM C 16.00 0;SIMPLE_INSTRUMENT;BLOCK;EUR;6;0.14000000;1500;PRC_DECOMP_EXCHANGE;;;;XEUR;4647411;855;EXCHANGE
18.11.2024;13:38:49.641;HELN SI 20241220 PS AM C 155.00 0;SIMPLE_INSTRUMENT;BLOCK;CHF;44;0.85000000;5000;EXCHANGE_LAST;;1;1;XEUR;11882453;838;
18.11.2024;10:42:49.163;HNK.O.241118.STG.000102;STANDARD_OPTION_STRATEGY;BLOCK;EUR;6;3.85000000;500;EXCHANGE_LAST;;1;1;XEUR;72061661371965878;947;
18.11.2024;10:42:49.163;HNK SI 20250321 PS AM P 68.00 0;SIMPLE_INSTRUMENT;BLOCK;EUR;6;1.95000000;500;PRC_DECOMP_MEMBER;;;;XEUR;10842949;947;MEMBER
18.11.2024;10:42:49.163;HNK SI 20250321 PS AM C 76.00 0;SIMPLE_INSTRUMENT;BLOCK;EUR;6;1.90000000;500;PRC_DECOMP_MEMBER;;;;XEUR;10842955;947;MEMBER
18.11.2024;14:33:00.810;HOLN SI 20241220 PS AM P 72.00 0;SIMPLE_INSTRUMENT;BLOCK;CHF;56;0.10000000;750;EXCHANGE_LAST;;1;1;XEUR;10349107;943;
18.11.2024;14:33:01.762;HOLN SI 20260619 PS AM P 68.00 0;SIMPLE_INSTRUMENT;BLOCK;CHF;57;3.47000000;750;EXCHANGE_LAST;;1;1;XEUR;9551578;943;
18.11.2024;16:31:26.537;I2BE SI 20261218 CS;SIMPLE_INSTRUMENT;BLOCK;EUR;76;0.60700000;375;EXCHANGE_LAST;;1;2;XEUR;4632507;923;
18.11.2024;16:31:23.549;I2BE SI 20261218 CS;SIMPLE_INSTRUMENT;BLOCK;EUR;77;0.60800000;375;EXCHANGE_LAST;;1;2;XEUR;4632507;923;
18.11.2024;10:26:12.076;I3ES SI 20251219 CS;SIMPLE_INSTRUMENT;BLOCK;EUR;9;0.33800000;1000;EXCHANGE_LAST;;1;1;XEUR;5914756;913;
18.11.2024;13:09:08.079;I3ES SI 20251219 CS;SIMPLE_INSTRUMENT;BLOCK;EUR;36;0.33800000;1000;EXCHANGE_LAST;;1;1;XEUR;5914756;913;
18.11.2024;13:26:42.904;I3ES SI 20251219 CS;SIMPLE_INSTRUMENT;BLOCK;EUR;37;0.33800000;500;EXCHANGE_LAST;;1;1;XEUR;5914756;913;
18.11.2024;13:32:49.672;I3ES SI 20251219 CS;SIMPLE_INSTRUMENT;BLOCK;EUR;38;0.33800000;500;EXCHANGE_LAST;;1;1;XEUR;5914756;913;
18.11.2024;12:24:51.209;I4NN SI 20251219 CS;SIMPLE_INSTRUMENT;BLOCK;EUR;29;1.05000000;500;EXCHANGE_LAST;;1;1;XEUR;9488383;669776;
18.11.2024;11:05:36.303;IBE SI 20250221 PS AM P 12.00 0;SIMPLE_INSTRUMENT;BLOCK;EUR;10;0.08000000;3055;EXCHANGE_LAST;;1;1;XEUR;12247117;908;
18.11.2024;11:05:56.962;IBE SI 20250221 PS AM P 12.00 0;SIMPLE_INSTRUMENT;BLOCK;EUR;11;0.10000000;8366;EXCHANGE_LAST;;1;1;XEUR;12247117;908;
18.11.2024;09:49:53.724;IES5.O.241118.BER.000101;STANDARD_OPTION_STRATEGY;BLOCK;EUR;3;0.16500000;2500;EXCHANGE_LAST;;1;2;XEUR;72061459508502760;900;
18.11.2024;09:49:53.724;IES5 SI 20251218 PS AM P 3.20 0;SIMPLE_INSTRUMENT;BLOCK;EUR;3;0.22100000;2500;PRC_DECOMP_EXCHANGE;;;;XEUR;5912465;900;EXCHANGE
18.11.2024;09:49:53.724;IES5 SI 20251218 PS AM P 3.60 0;SIMPLE_INSTRUMENT;BLOCK;EUR;3;0.38600000;2500;PRC_DECOMP_EXCHANGE;;;;XEUR;6173340;900;EXCHANGE
18.11.2024;15:16:08.225;IESI.S.DEC24.MAR25.SPD;FUTURES_SPREAD;BLOCK;EUR;55;-0.03050000;2000;EXCHANGE_LAST;;1;1;XEUR;72061463803462904;901;
18.11.2024;15:16:08.225;IESI SI 20241219 CS;SIMPLE_INSTRUMENT;BLOCK;EUR;55;3.75570000;2000;PRC_DECOMP_EXCHANGE;;;;XEUR;7028775;901;EXCHANGE
18.11.2024;15:16:08.225;IESI SI 20250320 CS;SIMPLE_INSTRUMENT;BLOCK;EUR;55;3.78620000;2000;PRC_DECOMP_EXCHANGE;;;;XEUR;10688352;901;EXCHANGE
18.11.2024;11:19:12.665;IFX SI 20241220 PS AM C 32.00 0;SIMPLE_INSTRUMENT;BLOCK;EUR;1;0.54000000;1000;EXCHANGE_LAST;;1;1;XEUR;4648443;902;
18.11.2024;12:04:29.009;IFX SI 20261218 PS AM P 28.00 0;SIMPLE_INSTRUMENT;BLOCK;EUR;2;4.40000000;1250;EXCHANGE_LAST;;1;1;XEUR;7160321;902;
18.11.2024;12:16:43.712;IFX.O.241118.BLT.000115;STANDARD_OPTION_STRATEGY;BLOCK;EUR;3;0.76000000;1500;EXCHANGE_LAST;;1;1;XEUR;72061468098467744;902;
18.11.2024;12:16:43.712;IFX SI 20250321 PS AM C 32.00 0;SIMPLE_INSTRUMENT;BLOCK;EUR;3;1.60000000;1500;PRC_DECOMP_EXCHANGE;;;;XEUR;10842313;902;EXCHANGE
18.11.2024;12:16:43.712;IFX SI 20250620 PS AM C 32.00 0;SIMPLE_INSTRUMENT;BLOCK;EUR;3;2.36000000;1500;PRC_DECOMP_EXCHANGE;;;;XEUR;7905931;902;EXCHANGE
18.11.2024;13:45:19.497;IFX SI 20250117 PS AM C 34.00 0;SIMPLE_INSTRUMENT;BLOCK;EUR;4;0.37000000;3964;EXCHANGE_LAST;;1;1;XEUR;12077012;902;
18.11.2024;13:45:25.498;IFX SI 20250117 PS AM C 34.00 0;SIMPLE_INSTRUMENT;BLOCK;EUR;5;0.38000000;1118;EXCHANGE_LAST;;1;1;XEUR;12077012;902;
18.11.2024;15:16:52.738;IGLN SI 20241220 PS AM P 49.00 0;SIMPLE_INSTRUMENT;BLOCK;USD;5;0.29000000;18000;EXCHANGE_LAST;;1;1;XEUR;10802517;75966;
18.11.2024;15:16:52.738;IGLN SI 20241220 PS AM P 49.00 0;SIMPLE_INSTRUMENT;BLOCK;USD;6;0.28000000;2000;EXCHANGE_LAST;;1;1;XEUR;10802517;75966;
18.11.2024;10:54:35.598;INN SI 20281215 PS AM P 12.00 0;SIMPLE_INSTRUMENT;BLOCK;EUR;9;1.91000000;2250;EXCHANGE_LAST;;1;1;XEUR;10410370;1014;
18.11.2024;12:39:27.364;INN SI 20250321 PS AM C 17.00 0;SIMPLE_INSTRUMENT;BLOCK;EUR;12;0.19000000;8851;EXCHANGE_LAST;;1;1;XEUR;10844144;1014;
18.11.2024;12:39:21.665;INN SI 20250321 PS AM C 17.00 0;SIMPLE_INSTRUMENT;BLOCK;EUR;13;0.20000000;8852;EXCHANGE_LAST;;1;1;XEUR;10844144;1014;
18.11.2024;09:02:20.668;ISPA.O.241118.PDIA.000102;STANDARD_OPTION_STRATEGY;BLOCK;EUR;1;1.13000000;1250;EXCHANGE_LAST;;1;1;XEUR;72061906185106775;1004;
18.11.2024;09:02:20.668;ISPA SI 20241220 PS AM P 20.00 0;SIMPLE_INSTRUMENT;BLOCK;EUR;1;0.07000000;1250;PRC_DECOMP_EXCHANGE;;;;XEUR;4649104;1004;EXCHANGE
18.11.2024;09:02:20.668;ISPA SI 20250620 PS AM P 22.00 0;SIMPLE_INSTRUMENT;BLOCK;EUR;1;1.20000000;1250;PRC_DECOMP_EXCHANGE;;;;XEUR;7906895;1004;EXCHANGE
18.11.2024;12:14:45.105;ITK SI 20250620 PS AM P 52.00 0;SIMPLE_INSTRUMENT;BLOCK;EUR;4;2.66000000;1000;EXCHANGE_LAST;;1;1;XEUR;7906741;999;
18.11.2024;12:07:56.199;KDBI SI 20241220 CS;SIMPLE_INSTRUMENT;BLOCK;EUR;24;70.95150000;10000;EXCHANGE_LAST;;1;1;XEUR;11420388;840012;
18.11.2024;12:19:22.433;KDBI SI 20241220 CS;SIMPLE_INSTRUMENT;BLOCK;EUR;27;70.89130000;10000;EXCHANGE_LAST;;1;1;XEUR;11420388;840012;
18.11.2024;10:47:26.353;LIF SI 20241220 PS AM C 24.00 0;SIMPLE_INSTRUMENT;BLOCK;EUR;13;4.98000000;1500;EXCHANGE_LAST;;1;1;XEUR;8788799;1125;
18.11.2024;12:51:16.652;LONE SI 20250620 PS EU C 480.00 0;SIMPLE_INSTRUMENT;BLOCK;CHF;38;59.00000000;1000;EXCHANGE_LAST;;1;1;XEUR;7929833;298515;
18.11.2024;10:02:26.152;LONN.O.241118.STG.000104;STANDARD_OPTION_STRATEGY;BLOCK;CHF;8;60.00000000;1000;EXCHANGE_LAST;;1;1;XEUR;72062494595634979;1141;
18.11.2024;10:02:26.152;LONN SI 20250620 PS AM P 500.00 0;SIMPLE_INSTRUMENT;BLOCK;CHF;8;35.63000000;1000;PRC_DECOMP_MEMBER;;;;XEUR;10641247;1141;MEMBER
18.11.2024;10:02:26.152;LONN SI 20250620 PS AM C 560.00 0;SIMPLE_INSTRUMENT;BLOCK;CHF;8;24.37000000;1000;PRC_DECOMP_MEMBER;;;;XEUR;7908043;1141;MEMBER
18.11.2024;11:55:47.434;LONN SI 20241220 PS AM C 530.00 0;SIMPLE_INSTRUMENT;BLOCK;CHF;30;10.90000000;500;EXCHANGE_LAST;;1;1;XEUR;10628421;1141;
18.11.2024;14:26:48.466;LONN.O.241118.BRT12.000108;STANDARD_OPTION_STRATEGY;BLOCK;CHF;54;19.85000000;1000;EXCHANGE_LAST;;1;1;XEUR;72062494595634983;1141;
18.11.2024;14:26:48.466;LONN SI 20260619 PS AM P 400.00 0;SIMPLE_INSTRUMENT;BLOCK;CHF;54;25.41000000;1000;PRC_DECOMP_EXCHANGE;;;;XEUR;9554985;1141;EXCHANGE
18.11.2024;14:26:48.466;LONN SI 20241220 PS AM P 440.00 0;SIMPLE_INSTRUMENT;BLOCK;CHF;54;2.78000000;2000;PRC_DECOMP_EXCHANGE;;;;XEUR;8725399;1141;EXCHANGE
18.11.2024;11:51:17.578;LOR SI 20250321 PS AM C 360.00 0;SIMPLE_INSTRUMENT;BLOCK;EUR;21;8.65000000;250;EXCHANGE_LAST;;1;1;XEUR;10846061;1140;
18.11.2024;15:13:00.626;LOR SI 20261218 PS AM P 320.00 0;SIMPLE_INSTRUMENT;BLOCK;EUR;39;37.85000000;150;EXCHANGE_LAST;;1;1;XEUR;7162559;1140;
18.11.2024;16:12:01.439;MOH SI 20250321 PS AM C 700.00 0;SIMPLE_INSTRUMENT;BLOCK;EUR;41;7.30000000;250;EXCHANGE_LAST;;2;2;XEUR;12059486;1074;
18.11.2024;11:25:48.998;MRK SI 20250321 PS AM P 140.00 0;SIMPLE_INSTRUMENT;BLOCK;EUR;7;6.51000000;400;EXCHANGE_LAST;;1;1;XEUR;10848575;1223;
18.11.2024;11:26:20.169;MRK SI 20250321 PS AM P 156.00 0;SIMPLE_INSTRUMENT;BLOCK;EUR;8;15.96000000;400;EXCHANGE_LAST;;1;1;XEUR;11475000;1223;
18.11.2024;10:36:42.615;MUV2 SI 20241220 PS AM P 470.00 0;SIMPLE_INSTRUMENT;BLOCK;EUR;4;8.80000000;200;EXCHANGE_LAST;;1;1;XEUR;11890637;1234;
18.11.2024;16:09:54.639;N2ES SI 20251219 CS;SIMPLE_INSTRUMENT;BLOCK;CHF;73;3.11000000;50;EXCHANGE_LAST;;1;1;XEUR;5914928;1240;
18.11.2024;11:05:29.855;N4OV SI 20250321 CS;SIMPLE_INSTRUMENT;BLOCK;CHF;17;3.30000000;35;EXCHANGE_LAST;;1;1;XEUR;10462863;724743;
18.11.2024;12:55:22.474;N4OV SI 20250321 CS;SIMPLE_INSTRUMENT;BLOCK;CHF;35;3.30000000;35;EXCHANGE_LAST;;1;1;XEUR;10462863;724743;
18.11.2024;16:02:57.752;NESG SI 20241220 CS;SIMPLE_INSTRUMENT;BLOCK;CHF;60;78.50000000;6000;EXCHANGE_LAST;;1;1;XEUR;7041289;1256;
18.11.2024;11:09:17.539;NESN SI 20241220 PS AM C 81.00 0;SIMPLE_INSTRUMENT;BLOCK;CHF;20;0.69000000;1500;EXCHANGE_LAST;;1;1;XEUR;10620402;1263;
18.11.2024;13:09:29.463;NESN SI 20261218 PS AM P 68.00 0;SIMPLE_INSTRUMENT;BLOCK;CHF;39;3.75000000;1250;EXCHANGE_LAST;;1;1;XEUR;8134408;1263;
18.11.2024;13:31:36.899;NESN SI 20250321 PS AM P 76.00 0;SIMPLE_INSTRUMENT;BLOCK;CHF;41;1.81000000;2000;EXCHANGE_LAST;;1;1;XEUR;10849732;1263;
18.11.2024;10:33:34.992;NOVE.O.241118.COMBO.000102;STANDARD_OPTION_STRATEGY;BLOCK;CHF;13;0.81000000;2000;EXCHANGE_LAST;;1;1;XEUR;75170345815903317;724744;
18.11.2024;10:33:34.992;NOVE SI 20250321 PS EU C 98.00 0;SIMPLE_INSTRUMENT;BLOCK;CHF;13;0.89000000;2000;PRC_DECOMP_EXCHANGE;;;;XEUR;11788174;724744;EXCHANGE
18.11.2024;10:33:34.992;NOVE SI 20250321 PS EU P 84.00 0;SIMPLE_INSTRUMENT;BLOCK;CHF;13;1.70000000;2000;PRC_DECOMP_EXCHANGE;;;;XEUR;10891557;724744;EXCHANGE
18.11.2024;16:09:41.280;NOVE.O.241118.RTSP.000110;STANDARD_OPTION_STRATEGY;BLOCK;CHF;71;-1.87000000;3000;EXCHANGE_LAST;;2;1;XEUR;75170345815903325;724744;
18.11.2024;16:09:41.280;NOVE SI 20250321 PS EU P 88.00 0;SIMPLE_INSTRUMENT;BLOCK;CHF;71;3.08000000;3000;PRC_DECOMP_EXCHANGE;;;;XEUR;10891573;724744;EXCHANGE
18.11.2024;16:09:41.280;NOVE SI 20250620 PS EU C 100.00 0;SIMPLE_INSTRUMENT;BLOCK;CHF;71;1.21000000;3000;PRC_DECOMP_EXCHANGE;;;;XEUR;10038268;724744;EXCHANGE
18.11.2024;16:29:40.509;NOVE.O.241118.CNV.000111;STANDARD_OPTION_STRATEGY;BLOCK;CHF;73;-2.80000000;2000;EXCHANGE_LAST;;1;1;XEUR;75170345815903326;724744;
18.11.2024;16:29:40.509;NOVE SI 20250620 PS EU P 92.00 0;SIMPLE_INSTRUMENT;BLOCK;CHF;73;6.18000000;2000;PRC_DECOMP_EXCHANGE;;;;XEUR;10038275;724744;EXCHANGE
18.11.2024;16:29:40.509;NOVE SI 20250620 PS EU C 92.00 0;SIMPLE_INSTRUMENT;BLOCK;CHF;73;3.38000000;2000;PRC_DECOMP_EXCHANGE;;;;XEUR;10038284;724744;EXCHANGE
18.11.2024;11:05:14.172;NOVH SI 20250321 CS;SIMPLE_INSTRUMENT;BLOCK;CHF;16;88.84000000;500;EXCHANGE_LAST;;1;1;XEUR;10739776;724742;
18.11.2024;12:54:23.897;NOVH SI 20250321 CS;SIMPLE_INSTRUMENT;BLOCK;CHF;34;88.85000000;500;EXCHANGE_LAST;;1;1;XEUR;10739776;724742;
18.11.2024;14:01:08.633;NOVN SI 20271217 PS AM P 68.00 0;SIMPLE_INSTRUMENT;BLOCK;CHF;52;3.51000000;300;EXCHANGE_LAST;;1;1;XEUR;10036790;724745;
18.11.2024;15:16:08.853;NOVN.O.241118.BER.000121;STANDARD_OPTION_STRATEGY;BLOCK;CHF;66;10.57000000;1000;EXCHANGE_LAST;;1;1;XEUR;75170350110874446;724745;
18.11.2024;15:16:08.853;NOVN SI 20251219 PS AM P 80.00 0;SIMPLE_INSTRUMENT;BLOCK;CHF;66;2.85000000;1000;PRC_DECOMP_EXCHANGE;;;;XEUR;10821372;724745;EXCHANGE
18.11.2024;15:16:08.853;NOVN SI 20251219 PS AM P 100.00 0;SIMPLE_INSTRUMENT;BLOCK;CHF;66;13.42000000;1000;PRC_DECOMP_EXCHANGE;;;;XEUR;10037420;724745;EXCHANGE
18.11.2024;16:01:53.574;NOVN SI 20241220 PS AM C 86.00 0;SIMPLE_INSTRUMENT;BLOCK;CHF;72;5.63000000;500;EXCHANGE_LAST;;1;1;XEUR;11091115;724745;
18.11.2024;17:13:58.514;NOVN SI 20241220 PS AM P 92.00 0;SIMPLE_INSTRUMENT;BLOCK;CHF;75;2.36000000;1000;EXCHANGE_LAST;;1;1;XEUR;10038070;724745;
18.11.2024;10:45:27.249;NXS SI 20241220 PS AM P 110.00 0;SIMPLE_INSTRUMENT;BLOCK;EUR;12;3.33000000;300;EXCHANGE_LAST;;1;1;XEUR;10413030;1160;
18.11.2024;13:50:06.794;OCI1.O.241118.STD.000101;STANDARD_OPTION_STRATEGY;BLOCK;EUR;15;5.00000000;400;EXCHANGE_LAST;;1;1;XEUR;72062623444632643;1171;
18.11.2024;13:50:06.794;OCI1 SI 20250620 PS AM C 42.00 0;SIMPLE_INSTRUMENT;BLOCK;EUR;15;2.35000000;400;PRC_DECOMP_MEMBER;;;;XEUR;10413019;1171;MEMBER
18.11.2024;13:50:06.794;OCI1 SI 20250620 PS AM P 42.00 0;SIMPLE_INSTRUMENT;BLOCK;EUR;15;2.65000000;400;PRC_DECOMP_MEMBER;;;;XEUR;10413025;1171;MEMBER
18.11.2024;13:19:33.958;ODAX.O.241118.BRT.000286;STANDARD_OPTION_STRATEGY;BLOCK;EUR;5;44.60000000;400;EXCHANGE_LAST;;1;1;XEUR;72062644920388762;1176;
18.11.2024;13:19:33.958;ODAX SI 20241122 CS EU P 18950 0;SIMPLE_INSTRUMENT;BLOCK;EUR;5;68.10000000;400;PRC_DECOMP_EXCHANGE;;;;XEUR;12042899;1176;EXCHANGE
18.11.2024;13:19:33.958;ODAX SI 20241129 CS EU P 18950 0;SIMPLE_INSTRUMENT;BLOCK;EUR;5;112.70000000;400;PRC_DECOMP_EXCHANGE;;;;XEUR;12080740;1176;EXCHANGE
18.11.2024;09:12:13.842;ODAX.V.241118.CALL-U.000223;OPTION_VOLATILITY_STRATEGY;BLOCK;EUR;671088641;212.80000000;2;EXCHANGE_LAST;;1;1;XEUR;72062644920388699;1176;
18.11.2024;09:12:13.842;FDAX SI 20241220 CS;SIMPLE_INSTRUMENT;BLOCK;EUR;671088641;19300.00000000;28;PRC_DECOMP_EXCHANGE;;;;XEUR;7296065;1176;EXCHANGE
18.11.2024;09:12:13.842;ODAX SI 20241220 CS EU C 19500 0;SIMPLE_INSTRUMENT;BLOCK;EUR;671088641;212.80000000;350;PRC_DECOMP_EXCHANGE;;;;XEUR;11144407;1176;EXCHANGE
18.11.2024;09:46:01.156;ODAX.V.241118.CALL-U.000245;OPTION_VOLATILITY_STRATEGY;BLOCK;EUR;671088642;337.00000000;1;EXCHANGE_LAST;;1;1;XEUR;72062644920388721;1176;
18.11.2024;09:46:01.156;ODAX SI 20241220 CS EU C 19200 0;SIMPLE_INSTRUMENT;BLOCK;EUR;671088642;337.00000000;500;PRC_DECOMP_EXCHANGE;;;;XEUR;10382366;1176;EXCHANGE
18.11.2024;09:46:01.156;FDAX SI 20241220 CS;SIMPLE_INSTRUMENT;BLOCK;EUR;671088642;19230.00000000;53;PRC_DECOMP_EXCHANGE;;;;XEUR;7296065;1176;EXCHANGE
18.11.2024;10:30:41.842;ODAX.V.241118.STD-U.000263;OPTION_VOLATILITY_STRATEGY;BLOCK;EUR;671088643;1287.00000000;5;EXCHANGE_LAST;;1;1;XEUR;72062644920388739;1176;
18.11.2024;10:30:41.842;ODAX SI 20250321 CS EU C 19300 0;SIMPLE_INSTRUMENT;BLOCK;EUR;671088643;713.30000000;750;PRC_DECOMP_EXCHANGE;;;;XEUR;10958116;1176;EXCHANGE
18.11.2024;10:30:41.842;FDAX SI 20241220 CS;SIMPLE_INSTRUMENT;BLOCK;EUR;671088643;19240.00000000;15;PRC_DECOMP_EXCHANGE;;;;XEUR;7296065;1176;EXCHANGE
18.11.2024;10:30:41.842;ODAX SI 20250321 CS EU P 19300 0;SIMPLE_INSTRUMENT;BLOCK;EUR;671088643;573.70000000;750;PRC_DECOMP_EXCHANGE;;;;XEUR;10958121;1176;EXCHANGE
