#Date;TrdTime;Contract;ContractType;TrdTyp;Currency;TesId;Prc;Qty;TrdInd;Aggressor;Buy;Sell;Exch;InstrumentId;RelatedProdId;PrcDecomp
19.03.2025;16:14:38.197;A2SG SI 20250620 CS;SIMPLE_INSTRUMENT;BLOCK;EUR;341;1.43000000;356;EXCHANGE_LAST;;1;2;XEUR;10827627;14;
19.03.2025;09:12:03.128;A2SM SI 20261218 CS;SIMPLE_INSTRUMENT;BLOCK;EUR;21;8.35000000;200;EXCHANGE_LAST;;1;1;XEUR;6796961;15;
19.03.2025;09:38:00.833;A2SM SI 20261218 CS;SIMPLE_INSTRUMENT;BLOCK;EUR;62;8.35000000;50;EXCHANGE_LAST;;1;1;XEUR;6796961;15;
19.03.2025;09:37:14.901;A2XA SI 20271217 CS;SIMPLE_INSTRUMENT;BLOCK;EUR;61;2.15000000;400;EXCHANGE_LAST;;1;1;XEUR;5914267;17;
19.03.2025;14:15:59.479;ABBG SI 20250321 CS;SIMPLE_INSTRUMENT;BLOCK;CHF;265;50.62000000;3500;EXCHANGE_LAST;;2;1;XEUR;10736154;574520;
19.03.2025;16:05:58.258;ABBN.O.250319.CDIA.000007;STANDARD_OPTION_STRATEGY;BLOCK;CHF;60;-0.78000000;1000;EXCHANGE_LAST;;1;1;XEUR;74525125763937823;574517;
19.03.2025;16:05:58.258;ABBN SI 20250417 PS AM C 51.00 0;SIMPLE_INSTRUMENT;BLOCK;CHF;60;1.56000000;1000;PRC_DECOMP_EXCHANGE;;;;XEUR;12656865;574517;EXCHANGE
19.03.2025;16:05:58.258;ABBN SI 20250321 PS AM C 49.00 0;SIMPLE_INSTRUMENT;BLOCK;CHF;60;2.34000000;1000;PRC_DECOMP_EXCHANGE;;;;XEUR;11849006;574517;EXCHANGE
19.03.2025;11:59:13.109;ADEF SI 20250321 CS;SIMPLE_INSTRUMENT;BLOCK;CHF;187;29.60000000;6800;EXCHANGE_LAST;;1;2;XEUR;10692264;47;
19.03.2025;11:46:24.062;AIR SI 20251219 PS AM P 150.00 0;SIMPLE_INSTRUMENT;BLOCK;EUR;30;2.80000000;600;EXCHANGE_LAST;;1;1;XEUR;12431437;64;
19.03.2025;09:24:35.165;ALV SI 20250919 PS AM C 360.00 0;SIMPLE_INSTRUMENT;BLOCK;EUR;2;14.20000000;300;EXCHANGE_LAST;;1;1;XEUR;11871542;74;
19.03.2025;08:45:37.960;ALVG.S.MAR25.APR25.SPD;FUTURES_SPREAD;BLOCK;EUR;8;-0.72690000;24500;EXCHANGE_LAST;;1;1;XEUR;72057959110148369;85;
19.03.2025;08:45:37.960;ALVG SI 20250321 CS;SIMPLE_INSTRUMENT;BLOCK;EUR;8;358.42920000;24500;PRC_DECOMP_EXCHANGE;;;;XEUR;10693113;85;EXCHANGE
19.03.2025;08:45:37.960;ALVG SI 20250417 CS;SIMPLE_INSTRUMENT;BLOCK;EUR;8;359.15610000;24500;PRC_DECOMP_EXCHANGE;;;;XEUR;10829113;85;EXCHANGE
19.03.2025;08:45:52.760;ALVP.S.MAR25.APR25.SPD;FUTURES_SPREAD;BLOCK;EUR;9;-0.69790000;24500;EXCHANGE_LAST;;1;1;XEUR;72591458472820810;124300;
19.03.2025;08:45:52.760;ALVP SI 20250417 PS;SIMPLE_INSTRUMENT;BLOCK;EUR;9;359.14160000;24500;PRC_DECOMP_EXCHANGE;;;;XEUR;10872407;124300;EXCHANGE
19.03.2025;08:45:52.760;ALVP SI 20250321 PS;SIMPLE_INSTRUMENT;BLOCK;EUR;9;358.44370000;24500;PRC_DECOMP_EXCHANGE;;;;XEUR;10725391;124300;EXCHANGE
19.03.2025;09:20:03.137;ANN SI 20251219 PS AM C 30.00 0;SIMPLE_INSTRUMENT;BLOCK;EUR;4;1.13000000;4000;EXCHANGE_LAST;;1;2;XEUR;9466242;45202;
19.03.2025;09:38:41.008;ANN SI 20291221 PS AM P 20.00 0;SIMPLE_INSTRUMENT;BLOCK;EUR;5;4.01000000;1000;EXCHANGE_LAST;;1;1;XEUR;12469693;45202;
19.03.2025;12:15:35.648;ANN SI 20251219 PS AM P 22.00 0;SIMPLE_INSTRUMENT;BLOCK;EUR;26;1.70000000;900;EXCHANGE_LAST;;1;1;XEUR;11520939;45202;
19.03.2025;12:36:22.451;ANN.O.250319.PDIA.000022;STANDARD_OPTION_STRATEGY;BLOCK;EUR;32;2.26000000;1750;EXCHANGE_LAST;;1;2;XEUR;72251735149669918;45202;
19.03.2025;12:36:22.451;ANN SI 20250321 PS AM P 25.00 0;SIMPLE_INSTRUMENT;BLOCK;EUR;32;0.31000000;1750;PRC_DECOMP_EXCHANGE;;;;XEUR;12233563;45202;EXCHANGE
19.03.2025;12:36:22.451;ANN SI 20251219 PS AM P 24.00 0;SIMPLE_INSTRUMENT;BLOCK;EUR;32;2.57000000;1750;PRC_DECOMP_EXCHANGE;;;;XEUR;7733120;45202;EXCHANGE
19.03.2025;15:45:43.785;ANN.O.250319.BUL.000029;STANDARD_OPTION_STRATEGY;BLOCK;EUR;48;1.00000000;5000;EXCHANGE_LAST;;1;2;XEUR;72251735149669925;45202;
19.03.2025;15:45:43.785;ANN SI 20251219 PS AM C 33.00 0;SIMPLE_INSTRUMENT;BLOCK;EUR;48;0.60000000;5000;PRC_DECOMP_EXCHANGE;;;;XEUR;11780347;45202;EXCHANGE
19.03.2025;15:45:43.785;ANN SI 20251219 PS AM C 28.00 0;SIMPLE_INSTRUMENT;BLOCK;EUR;48;1.60000000;5000;PRC_DECOMP_EXCHANGE;;;;XEUR;7644475;45202;EXCHANGE
19.03.2025;09:59:49.520;ANNG SI 20250321 CS;SIMPLE_INSTRUMENT;BLOCK;EUR;88;25.56000000;3000;EXCHANGE_LAST;;1;1;XEUR;10734682;464374;
19.03.2025;08:01:14.852;ARG.O.250319.STD.000001;STANDARD_OPTION_STRATEGY;BLOCK;EUR;1;169.00000000;150;EXCHANGE_LAST;;1;2;XEUR;73584175738784761;355435;
19.03.2025;08:01:14.852;ARG SI 20260619 PS AM P 600.00 0;SIMPLE_INSTRUMENT;BLOCK;EUR;1;89.00000000;150;PRC_DECOMP_MEMBER;;;;XEUR;12984571;355435;MEMBER
19.03.2025;08:01:14.852;ARG SI 20260619 PS AM C 600.00 0;SIMPLE_INSTRUMENT;BLOCK;EUR;1;80.00000000;150;PRC_DECOMP_MEMBER;;;;XEUR;12984573;355435;MEMBER
19.03.2025;14:49:22.312;ASG5 SI 20250918 PS AM P 26.00 0;SIMPLE_INSTRUMENT;BLOCK;EUR;14;0.36000000;22000;EXCHANGE_LAST;;5;2;XEUR;11862719;109;
19.03.2025;11:51:22.107;ASGF SI 20250320 CS;SIMPLE_INSTRUMENT;BLOCK;EUR;176;32.62000000;10000;EXCHANGE_LAST;;1;1;XEUR;12186973;949862;
19.03.2025;16:17:54.843;ASGF SI 20250619 CS;SIMPLE_INSTRUMENT;BLOCK;EUR;340;31.65000000;4000;EXCHANGE_LAST;;1;2;XEUR;12186943;949862;
19.03.2025;10:48:03.251;ASGG SI 20250320 CS;SIMPLE_INSTRUMENT;BLOCK;EUR;148;32.75000000;350;EXCHANGE_LAST;;1;1;XEUR;10687433;106;
19.03.2025;12:27:56.121;ASGG SI 20250320 CS;SIMPLE_INSTRUMENT;BLOCK;EUR;227;32.62000000;860;EXCHANGE_LAST;;1;1;XEUR;10687433;106;
19.03.2025;14:23:14.506;ASMH SI 20250321 CS;SIMPLE_INSTRUMENT;BLOCK;EUR;268;668.80000000;31;EXCHANGE_LAST;;1;1;XEUR;10717245;3979;
19.03.2025;16:42:19.379;AT1F SI 20251219 CS;SIMPLE_INSTRUMENT;BLOCK;EUR;354;2.44700000;6500;EXCHANGE_LAST;;1;1;XEUR;8699503;108041;
19.03.2025;12:18:28.564;ATL SI 20250321 PS AM P 172.00 0;SIMPLE_INSTRUMENT;BLOCK;SEK;5;1.60000000;6984;EXCHANGE_LAST;;1;1;XEUR;12856827;720141;
19.03.2025;14:51:57.876;AXA SI 20250321 PS AM C 38.00 0;SIMPLE_INSTRUMENT;BLOCK;EUR;41;1.96000000;2000;EXCHANGE_LAST;;1;1;XEUR;10830439;127;
19.03.2025;10:21:47.681;AXAG SI 20250321 CS;SIMPLE_INSTRUMENT;BLOCK;EUR;134;39.92000000;6500;EXCHANGE_LAST;;1;2;XEUR;10693637;125;
19.03.2025;08:42:34.316;B2NP SI 20261218 CS;SIMPLE_INSTRUMENT;BLOCK;EUR;6;4.90000000;170;EXCHANGE_LAST;;1;1;XEUR;6798320;131;
19.03.2025;09:48:00.160;B2NP SI 20251219 CS;SIMPLE_INSTRUMENT;BLOCK;EUR;67;7.37000000;150;EXCHANGE_LAST;;1;1;XEUR;5914355;131;
19.03.2025;12:34:50.003;B2NP SI 20261218 CS;SIMPLE_INSTRUMENT;BLOCK;EUR;230;4.91000000;50;EXCHANGE_LAST;;1;1;XEUR;6798320;131;
19.03.2025;14:08:26.918;B2NP SI 20271217 CS;SIMPLE_INSTRUMENT;BLOCK;EUR;260;3.98500000;502;EXCHANGE_LAST;;1;1;XEUR;7086925;131;
19.03.2025;16:06:17.747;B2NP SI 20271217 CS;SIMPLE_INSTRUMENT;BLOCK;EUR;343;4.61500000;250;EXCHANGE_LAST;;1;1;XEUR;7086925;131;
19.03.2025;16:32:31.527;B2NP SI 20261218 CS;SIMPLE_INSTRUMENT;BLOCK;EUR;348;4.91500000;250;EXCHANGE_LAST;;1;1;XEUR;6798320;131;
19.03.2025;14:15:03.380;B2YG SI 20271217 CS;SIMPLE_INSTRUMENT;BLOCK;EUR;264;1.92000000;750;EXCHANGE_LAST;;1;1;XEUR;8405340;45713;
19.03.2025;15:39:47.809;B2YG SI 20271217 CS;SIMPLE_INSTRUMENT;BLOCK;EUR;330;1.92000000;612;EXCHANGE_LAST;;1;1;XEUR;8405340;45713;
19.03.2025;11:00:16.503;B3BV SI 20261218 CS;SIMPLE_INSTRUMENT;BLOCK;EUR;152;0.67000000;1500;EXCHANGE_LAST;;2;1;XEUR;6798345;135;
19.03.2025;10:58:03.705;BAEN SI 20261218 PS AM P 52.00 0;SIMPLE_INSTRUMENT;BLOCK;CHF;11;5.03000000;500;EXCHANGE_LAST;;1;1;XEUR;7153570;159;
19.03.2025;15:11:50.710;BAEN SI 20250417 PS AM C 60.00 0;SIMPLE_INSTRUMENT;BLOCK;CHF;50;2.89000000;600;EXCHANGE_LAST;;1;1;XEUR;12615193;159;
19.03.2025;09:02:33.493;BALN SI 20250620 PS AM C 180.00 0;SIMPLE_INSTRUMENT;BLOCK;CHF;2;6.08000000;500;EXCHANGE_LAST;;1;1;XEUR;7898933;147;
19.03.2025;09:02:04.581;BALN SI 20260619 PS AM C 180.00 0;SIMPLE_INSTRUMENT;BLOCK;CHF;3;10.73000000;500;EXCHANGE_LAST;;1;1;XEUR;9538931;147;
19.03.2025;09:26:00.955;BAS.O.250319.STG.000010;STANDARD_OPTION_STRATEGY;BLOCK;EUR;1;6.48000000;700;EXCHANGE_LAST;;1;1;XEUR;72058238283092595;150;
19.03.2025;09:26:00.955;BAS SI 20251219 PS AM C 58.00 0;SIMPLE_INSTRUMENT;BLOCK;EUR;1;2.75000000;700;PRC_DECOMP_MEMBER;;;;XEUR;12749021;150;MEMBER
19.03.2025;09:26:00.955;BAS SI 20251219 PS AM P 49.00 0;SIMPLE_INSTRUMENT;BLOCK;EUR;1;3.73000000;700;PRC_DECOMP_MEMBER;;;;XEUR;7509831;150;MEMBER
19.03.2025;13:37:52.393;BAS SI 20261218 PS AM C 76.00 0;SIMPLE_INSTRUMENT;BLOCK;EUR;8;1.19000000;10000;EXCHANGE_LAST;;1;1;XEUR;7153484;150;
19.03.2025;13:37:55.108;BAS SI 20250919 PS AM C 52.00 0;SIMPLE_INSTRUMENT;BLOCK;EUR;9;3.79000000;2500;EXCHANGE_LAST;;1;1;XEUR;11873033;150;
19.03.2025;13:37:54.929;BAS SI 20250919 PS AM P 46.00 0;SIMPLE_INSTRUMENT;BLOCK;EUR;10;2.35000000;2500;EXCHANGE_LAST;;1;1;XEUR;11873023;150;
19.03.2025;15:34:01.381;BAS SI 20250321 PS AM C 52.00 0;SIMPLE_INSTRUMENT;BLOCK;EUR;13;0.54000000;3000;EXCHANGE_LAST;;1;2;XEUR;10831049;150;
19.03.2025;16:12:34.021;BAS.O.250319.BER.000028;STANDARD_OPTION_STRATEGY;BLOCK;EUR;17;4.45000000;1000;EXCHANGE_LAST;;1;1;XEUR;72058238283092613;150;
19.03.2025;16:12:34.021;BAS SI 20261218 PS AM P 48.00 0;SIMPLE_INSTRUMENT;BLOCK;EUR;17;5.68000000;1000;PRC_DECOMP_EXCHANGE;;;;XEUR;7153480;150;EXCHANGE
19.03.2025;16:12:34.021;BAS SI 20261218 PS AM P 32.00 0;SIMPLE_INSTRUMENT;BLOCK;EUR;17;1.23000000;1000;PRC_DECOMP_EXCHANGE;;;;XEUR;7660298;150;EXCHANGE
19.03.2025;10:25:00.086;BASG SI 20250321 CS;SIMPLE_INSTRUMENT;BLOCK;EUR;135;52.59000000;16202;EXCHANGE_LAST;;1;2;XEUR;10694474;171;
19.03.2025;12:14:25.405;BASG SI 20250321 CS;SIMPLE_INSTRUMENT;BLOCK;EUR;203;52.00000000;1500;EXCHANGE_LAST;;1;1;XEUR;10694474;171;
19.03.2025;09:58:50.400;BAY SI 20250919 PS AM P 23.00 0;SIMPLE_INSTRUMENT;BLOCK;EUR;2;2.00000000;1000;EXCHANGE_LAST;;1;1;XEUR;12231607;168;
19.03.2025;11:37:23.520;BAY SI 20250919 PS AM C 27.50 0;SIMPLE_INSTRUMENT;BLOCK;EUR;4;1.76000000;4000;EXCHANGE_LAST;;2;2;XEUR;12224638;168;
19.03.2025;16:04:31.630;BAY SI 20250620 PS AM C 27.00 0;SIMPLE_INSTRUMENT;BLOCK;EUR;16;1.14000000;7500;EXCHANGE_LAST;;1;4;XEUR;11992379;168;
19.03.2025;14:29:47.806;BAYG.S.MAR25.APR25.SPD;FUTURES_SPREAD;BLOCK;EUR;289;-0.05000000;17500;EXCHANGE_LAST;;1;1;XEUR;72384157581312172;76034;
19.03.2025;14:29:47.806;BAYG SI 20250321 CS;SIMPLE_INSTRUMENT;BLOCK;EUR;289;24.76620000;17500;PRC_DECOMP_EXCHANGE;;;;XEUR;10723979;76034;EXCHANGE
19.03.2025;14:29:47.806;BAYG SI 20250417 CS;SIMPLE_INSTRUMENT;BLOCK;EUR;289;24.81620000;17500;PRC_DECOMP_EXCHANGE;;;;XEUR;10870515;76034;EXCHANGE
19.03.2025;16:06:46.298;BBVG SI 20250321 CS;SIMPLE_INSTRUMENT;BLOCK;EUR;342;13.38440000;22000;EXCHANGE_LAST;;1;1;XEUR;10694312;163;
19.03.2025;08:39:22.917;BMW SI 20250404 PS AM P 76.00 0;SIMPLE_INSTRUMENT;BLOCK;EUR;2;0.57000000;1329;EXCHANGE_LAST;;1;1;XEUR;12814670;210;
19.03.2025;10:40:25.681;BMW SI 20250620 PS AM P 80.00 0;SIMPLE_INSTRUMENT;BLOCK;EUR;14;5.25000000;1000;EXCHANGE_LAST;;2;1;XEUR;11332526;210;
19.03.2025;11:25:44.921;BMW SI 20250620 PS AM P 80.00 0;SIMPLE_INSTRUMENT;BLOCK;EUR;28;5.25000000;1000;EXCHANGE_LAST;;1;1;XEUR;11332526;210;
19.03.2025;13:57:33.477;BMW.O.250319.STG.000019;STANDARD_OPTION_STRATEGY;BLOCK;EUR;40;8.65000000;2000;EXCHANGE_LAST;;1;1;XEUR;72058495981109743;210;
19.03.2025;13:57:33.477;BMW SI 20250919 PS AM P 72.00 0;SIMPLE_INSTRUMENT;BLOCK;EUR;40;4.29000000;2000;PRC_DECOMP_MEMBER;;;;XEUR;11874392;210;MEMBER
19.03.2025;13:57:33.477;BMW SI 20250919 PS AM C 88.00 0;SIMPLE_INSTRUMENT;BLOCK;EUR;40;4.36000000;2000;PRC_DECOMP_MEMBER;;;;XEUR;11874432;210;MEMBER
19.03.2025;13:57:47.288;BMW SI 20261218 PS AM C 120.00 0;SIMPLE_INSTRUMENT;BLOCK;EUR;41;2.52000000;5000;EXCHANGE_LAST;;1;1;XEUR;7154256;210;
19.03.2025;13:59:16.379;BMW SI 20261218 PS AM C 84.00 0;SIMPLE_INSTRUMENT;BLOCK;EUR;42;11.32000000;1000;EXCHANGE_LAST;;1;1;XEUR;7154227;210;
19.03.2025;15:39:35.304;BMW SI 20251219 PS AM P 76.00 0;SIMPLE_INSTRUMENT;BLOCK;EUR;56;7.05000000;2000;EXCHANGE_LAST;;1;1;XEUR;5923232;210;
19.03.2025;15:57:44.377;BMW SI 20250321 PS AM C 81.00 0;SIMPLE_INSTRUMENT;BLOCK;EUR;60;2.03000000;2500;EXCHANGE_LAST;;2;1;XEUR;12434884;210;
19.03.2025;16:56:50.899;BMW SI 20261218 PS AM C 92.00 0;SIMPLE_INSTRUMENT;BLOCK;EUR;71;7.82000000;1000;EXCHANGE_LAST;;1;1;XEUR;7154232;210;
19.03.2025;09:59:15.256;BMWF SI 20250321 CS;SIMPLE_INSTRUMENT;BLOCK;EUR;109;83.50000000;1250;EXCHANGE_LAST;;1;1;XEUR;10695616;239;
19.03.2025;10:41:26.098;BNP.O.250319.BR23.000008;STANDARD_OPTION_STRATEGY;BLOCK;EUR;18;-13.48000000;1750;EXCHANGE_LAST;;1;4;XEUR;72058611945200137;237;
19.03.2025;10:41:26.098;BNP SI 20281215 PS AM P 48.00 0;SIMPLE_INSTRUMENT;BLOCK;EUR;18;4.92000000;5250;PRC_DECOMP_EXCHANGE;;;;XEUR;10398969;237;EXCHANGE
19.03.2025;10:41:26.098;BNP SI 20281215 PS AM P 72.00 0;SIMPLE_INSTRUMENT;BLOCK;EUR;18;14.12000000;3500;PRC_DECOMP_EXCHANGE;;;;XEUR;10398985;237;EXCHANGE
19.03.2025;11:38:56.891;BNP SI 20251219 PS AM P 60.00 0;SIMPLE_INSTRUMENT;BLOCK;EUR;26;1.71000000;800;EXCHANGE_LAST;;1;1;XEUR;5995681;237;
19.03.2025;12:15:01.495;BNP.O.250319.STD.000010;STANDARD_OPTION_STRATEGY;BLOCK;EUR;33;17.95000000;500;EXCHANGE_LAST;;1;1;XEUR;72058611945200139;237;
19.03.2025;12:15:01.495;BNP SI 20260619 PS AM C 80.00 0;SIMPLE_INSTRUMENT;BLOCK;EUR;33;6.70000000;500;PRC_DECOMP_EXCHANGE;;;;XEUR;9541674;237;EXCHANGE
19.03.2025;12:15:01.495;BNP SI 20260619 PS AM P 80.00 0;SIMPLE_INSTRUMENT;BLOCK;EUR;33;11.25000000;500;PRC_DECOMP_EXCHANGE;;;;XEUR;9541671;237;EXCHANGE
19.03.2025;15:41:00.652;BNP.O.250319.STD.000010;STANDARD_OPTION_STRATEGY;BLOCK;EUR;47;17.95000000;500;EXCHANGE_LAST;;1;1;XEUR;72058611945200139;237;
19.03.2025;15:41:00.652;BNP SI 20260619 PS AM C 80.00 0;SIMPLE_INSTRUMENT;BLOCK;EUR;47;6.70000000;500;PRC_DECOMP_MEMBER;;;;XEUR;9541674;237;MEMBER
19.03.2025;15:41:00.652;BNP SI 20260619 PS AM P 80.00 0;SIMPLE_INSTRUMENT;BLOCK;EUR;47;11.25000000;500;PRC_DECOMP_MEMBER;;;;XEUR;9541671;237;MEMBER
19.03.2025;10:10:20.601;BNPH SI 20250321 CS;SIMPLE_INSTRUMENT;BLOCK;EUR;131;80.38000000;5000;EXCHANGE_LAST;;1;1;XEUR;10695531;236;
19.03.2025;14:13:18.319;BNPH SI 20250417 CS;SIMPLE_INSTRUMENT;BLOCK;EUR;263;80.79900000;10750;EXCHANGE_LAST;;1;2;XEUR;10832545;236;
19.03.2025;16:28:03.395;BNPH.S.MAR25.MAY25.SPD;FUTURES_SPREAD;BLOCK;EUR;347;-0.33000000;750;EXCHANGE_LAST;;1;1;XEUR;72058607650212069;236;
19.03.2025;16:28:03.395;BNPH SI 20250516 CS;SIMPLE_INSTRUMENT;BLOCK;EUR;347;80.56590000;750;PRC_DECOMP_EXCHANGE;;;;XEUR;11032339;236;EXCHANGE
19.03.2025;16:28:03.395;BNPH SI 20250321 CS;SIMPLE_INSTRUMENT;BLOCK;EUR;347;80.23590000;750;PRC_DECOMP_EXCHANGE;;;;XEUR;10695531;236;EXCHANGE
19.03.2025;16:55:47.900;BNPH SI 20250321 CS;SIMPLE_INSTRUMENT;BLOCK;EUR;361;80.37000000;4000;EXCHANGE_LAST;;1;1;XEUR;10695531;236;
19.03.2025;14:11:30.586;BPV SI 20250918 PS AM P 9.00 0;SIMPLE_INSTRUMENT;BLOCK;EUR;13;0.57250000;1500;EXCHANGE_LAST;;1;1;XEUR;11863006;251;
19.03.2025;09:43:30.586;C4RI SI 20250620 CS;SIMPLE_INSTRUMENT;BLOCK;EUR;63;1.47000000;500;EXCHANGE_LAST;;1;1;XEUR;10868044;50862;
19.03.2025;11:00:59.088;C4RI SI 20261218 CS;SIMPLE_INSTRUMENT;BLOCK;EUR;153;2.91000000;1000;EXCHANGE_LAST;;1;1;XEUR;6821680;50862;
19.03.2025;16:13:48.091;CAR.O.250319.BR23.000003;STANDARD_OPTION_STRATEGY;BLOCK;EUR;50;-1.84000000;3750;EXCHANGE_LAST;;1;1;XEUR;72058732204276659;265;
19.03.2025;16:13:48.091;CAR SI 20281215 PS AM P 8.80 0;SIMPLE_INSTRUMENT;BLOCK;EUR;50;0.84000000;11250;PRC_DECOMP_EXCHANGE;;;;XEUR;10399710;265;EXCHANGE
19.03.2025;16:13:48.091;CAR SI 20281215 PS AM P 12.00 0;SIMPLE_INSTRUMENT;BLOCK;EUR;50;2.18000000;7500;PRC_DECOMP_EXCHANGE;;;;XEUR;10399738;265;EXCHANGE
19.03.2025;09:26:45.127;CBK SI 20250321 PS AM C 24.50 0;SIMPLE_INSTRUMENT;BLOCK;EUR;2;0.70000000;1663;EXCHANGE_LAST;;1;1;XEUR;12801128;268;
19.03.2025;09:26:51.404;CBK SI 20250321 PS AM C 26.00 0;SIMPLE_INSTRUMENT;BLOCK;EUR;3;0.11000000;1663;EXCHANGE_LAST;;1;1;XEUR;10951966;268;
19.03.2025;09:34:16.596;CBK SI 20250321 PS AM C 24.50 0;SIMPLE_INSTRUMENT;BLOCK;EUR;4;0.64000000;1662;EXCHANGE_LAST;;1;1;XEUR;12801128;268;
19.03.2025;09:34:18.760;CBK SI 20250321 PS AM C 26.00 0;SIMPLE_INSTRUMENT;BLOCK;EUR;5;0.06000000;1662;EXCHANGE_LAST;;1;1;XEUR;10951966;268;
19.03.2025;13:15:22.760;CBK SI 20260619 PS AM P 16.00 0;SIMPLE_INSTRUMENT;BLOCK;EUR;11;0.85000000;45000;EXCHANGE_LAST;;1;1;XEUR;9542135;268;
19.03.2025;14:15:09.768;CBK.O.250319.STD.000013;STANDARD_OPTION_STRATEGY;BLOCK;EUR;13;8.32000000;7500;EXCHANGE_LAST;;1;1;XEUR;72058745089204009;268;
19.03.2025;14:15:09.768;CBK SI 20261218 PS AM P 24.00 0;SIMPLE_INSTRUMENT;BLOCK;EUR;13;4.09000000;7500;PRC_DECOMP_EXCHANGE;;;;XEUR;10982472;268;EXCHANGE
19.03.2025;14:15:09.768;CBK SI 20261218 PS AM C 24.00 0;SIMPLE_INSTRUMENT;BLOCK;EUR;13;4.23000000;7500;PRC_DECOMP_EXCHANGE;;;;XEUR;10982475;268;EXCHANGE
19.03.2025;11:45:36.059;CFR SI 20250620 PS AM P 150.00 0;SIMPLE_INSTRUMENT;BLOCK;CHF;18;5.00000000;350;EXCHANGE_LAST;;1;1;XEUR;11354569;313;
19.03.2025;14:01:10.239;CFR SI 20251219 PS AM P 110.00 0;SIMPLE_INSTRUMENT;BLOCK;CHF;29;2.25000000;1000;EXCHANGE_LAST;;1;1;XEUR;12437065;313;
19.03.2025;14:18:34.306;CFR SI 20260619 PS AM P 92.00 0;SIMPLE_INSTRUMENT;BLOCK;CHF;36;2.15000000;1750;EXCHANGE_LAST;;2;1;XEUR;9996437;313;
19.03.2025;14:56:25.388;CFR SI 20260619 PS AM P 160.00 0;SIMPLE_INSTRUMENT;BLOCK;CHF;46;19.80000000;650;EXCHANGE_LAST;;1;1;XEUR;9996429;313;
19.03.2025;15:01:29.852;CFR SI 20250321 PS AM P 166.00 0;SIMPLE_INSTRUMENT;BLOCK;CHF;48;2.45000000;500;EXCHANGE_LAST;;1;1;XEUR;12607516;313;
19.03.2025;16:31:38.860;CGM SI 20251219 PS AM P 160.00 0;SIMPLE_INSTRUMENT;BLOCK;EUR;53;23.50000000;750;EXCHANGE_LAST;;1;1;XEUR;5924804;317;
19.03.2025;17:08:56.488;CGM SI 20251219 PS AM P 120.00 0;SIMPLE_INSTRUMENT;BLOCK;EUR;56;6.25000000;1200;EXCHANGE_LAST;;1;1;XEUR;5924800;317;
19.03.2025;14:43:03.070;CLN SI 20250516 PS AM P 10.00 0;SIMPLE_INSTRUMENT;BLOCK;CHF;43;0.24000000;4000;EXCHANGE_LAST;;1;1;XEUR;12816083;296;
19.03.2025;12:15:19.602;CR5J SI 20250320 CS;SIMPLE_INSTRUMENT;BLOCK;EUR;221;55.19000000;5000;EXCHANGE_LAST;;1;1;XEUR;10689747;50861;
19.03.2025;12:20:50.749;CR5J SI 20250320 CS;SIMPLE_INSTRUMENT;BLOCK;EUR;222;55.19000000;9000;EXCHANGE_LAST;;1;1;XEUR;10689747;50861;
19.03.2025;12:21:47.537;CR5J SI 20250320 CS;SIMPLE_INSTRUMENT;BLOCK;EUR;224;55.19000000;17150;EXCHANGE_LAST;;1;1;XEUR;10689747;50861;
19.03.2025;12:23:10.335;CR5J SI 20250320 CS;SIMPLE_INSTRUMENT;BLOCK;EUR;225;55.19000000;20000;EXCHANGE_LAST;;1;1;XEUR;10689747;50861;
19.03.2025;14:50:45.845;CR5J SI 20250320 CS;SIMPLE_INSTRUMENT;BLOCK;EUR;300;54.73150000;2550;EXCHANGE_LAST;;1;1;XEUR;10689747;50861;
19.03.2025;12:34:31.911;CRI5 SI 20251218 PS AM P 52.00 0;SIMPLE_INSTRUMENT;BLOCK;EUR;7;4.94000000;2500;EXCHANGE_LAST;;1;1;XEUR;10556001;320;
19.03.2025;13:15:23.180;CRI5 SI 20250320 PS AM C 56.00 0;SIMPLE_INSTRUMENT;BLOCK;EUR;10;0.15000000;3000;EXCHANGE_LAST;;1;1;XEUR;10917736;320;
19.03.2025;08:36:13.431;DAI SI 20250404 PS AM P 55.00 0;SIMPLE_INSTRUMENT;BLOCK;EUR;1;0.44000000;1834;EXCHANGE_LAST;;1;1;XEUR;12852426;443196;
19.03.2025;12:12:58.024;DAI SI 20251219 PS AM P 54.00 0;SIMPLE_INSTRUMENT;BLOCK;EUR;35;3.94000000;1500;EXCHANGE_LAST;;1;1;XEUR;7349882;443196;
19.03.2025;12:24:54.078;DAI.O.250319.BRT.000017;STANDARD_OPTION_STRATEGY;BLOCK;EUR;36;1.81000000;750;EXCHANGE_LAST;;1;1;XEUR;73961106363664569;443196;
19.03.2025;12:24:54.078;DAI SI 20250620 PS AM P 56.00 0;SIMPLE_INSTRUMENT;BLOCK;EUR;36;3.07000000;750;PRC_DECOMP_EXCHANGE;;;;XEUR;8006365;443196;EXCHANGE
19.03.2025;12:24:54.078;DAI SI 20251219 PS AM P 56.00 0;SIMPLE_INSTRUMENT;BLOCK;EUR;36;4.88000000;750;PRC_DECOMP_EXCHANGE;;;;XEUR;7349881;443196;EXCHANGE
19.03.2025;13:47:25.425;DAI.O.250319.BUL.000019;STANDARD_OPTION_STRATEGY;BLOCK;EUR;39;0.72000000;5000;EXCHANGE_LAST;;2;1;XEUR;73961106363664571;443196;
19.03.2025;13:47:25.425;DAI SI 20250321 PS AM C 60.00 0;SIMPLE_INSTRUMENT;BLOCK;EUR;39;0.73000000;5000;PRC_DECOMP_EXCHANGE;;;;XEUR;10884520;443196;EXCHANGE
19.03.2025;13:47:25.425;DAI SI 20250321 PS AM C 64.00 0;SIMPLE_INSTRUMENT;BLOCK;EUR;39;0.01000000;5000;PRC_DECOMP_EXCHANGE;;;;XEUR;10884524;443196;EXCHANGE
19.03.2025;15:15:55.856;DAI SI 20250321 PS AM C 60.00 0;SIMPLE_INSTRUMENT;BLOCK;EUR;52;0.75000000;4000;EXCHANGE_LAST;;1;2;XEUR;10884520;443196;
19.03.2025;15:34:45.695;DAI SI 20250321 PS AM C 60.00 0;SIMPLE_INSTRUMENT;BLOCK;EUR;54;0.75000000;1000;EXCHANGE_LAST;;1;1;XEUR;10884520;443196;
19.03.2025;15:56:40.002;DAI.O.250319.STD.000009;STANDARD_OPTION_STRATEGY;BLOCK;EUR;61;1.49000000;1500;EXCHANGE_LAST;;2;1;XEUR;73961106363664561;443196;
19.03.2025;15:56:40.002;DAI SI 20250321 PS AM C 60.00 0;SIMPLE_INSTRUMENT;BLOCK;EUR;61;0.83000000;1500;PRC_DECOMP_EXCHANGE;;;;XEUR;10884520;443196;EXCHANGE
19.03.2025;15:56:40.002;DAI SI 20250321 PS AM P 60.00 0;SIMPLE_INSTRUMENT;BLOCK;EUR;61;0.66000000;1500;PRC_DECOMP_EXCHANGE;;;;XEUR;10884522;443196;EXCHANGE
19.03.2025;16:09:50.359;DAI SI 20250919 PS AM P 56.00 0;SIMPLE_INSTRUMENT;BLOCK;EUR;65;4.26000000;1500;EXCHANGE_LAST;;1;1;XEUR;11925607;443196;
19.03.2025;16:15:18.174;DAI.O.250319.RBER.000028;STANDARD_OPTION_STRATEGY;BLOCK;EUR;67;1.10000000;2000;EXCHANGE_LAST;;2;1;XEUR;73961106363664580;443196;
19.03.2025;16:15:18.174;DAI SI 20270618 PS AM P 40.00 0;SIMPLE_INSTRUMENT;BLOCK;EUR;67;3.68000000;4000;PRC_DECOMP_EXCHANGE;;;;XEUR;11407706;443196;EXCHANGE
19.03.2025;16:15:18.174;DAI SI 20270618 PS AM P 48.00 0;SIMPLE_INSTRUMENT;BLOCK;EUR;67;6.26000000;2000;PRC_DECOMP_EXCHANGE;;;;XEUR;11407755;443196;EXCHANGE
19.03.2025;16:27:57.905;DAI.O.250319.RBER.000028;STANDARD_OPTION_STRATEGY;BLOCK;EUR;68;1.10000000;1500;EXCHANGE_LAST;;2;1;XEUR;73961106363664580;443196;
19.03.2025;16:27:57.905;DAI SI 20270618 PS AM P 40.00 0;SIMPLE_INSTRUMENT;BLOCK;EUR;68;3.68000000;3000;PRC_DECOMP_MEMBER;;;;XEUR;11407706;443196;MEMBER
19.03.2025;16:27:57.905;DAI SI 20270618 PS AM P 48.00 0;SIMPLE_INSTRUMENT;BLOCK;EUR;68;6.26000000;1500;PRC_DECOMP_MEMBER;;;;XEUR;11407755;443196;MEMBER
19.03.2025;17:11:52.493;DAI SI 20250321 PS AM P 60.00 0;SIMPLE_INSTRUMENT;BLOCK;EUR;72;0.68000000;1000;EXCHANGE_LAST;;1;1;XEUR;10884522;443196;
19.03.2025;11:18:09.983;DAIE SI 20271217 PS EU P 56.00 0;SIMPLE_INSTRUMENT;BLOCK;EUR;24;9.69000000;25000;EXCHANGE_LAST;;1;1;XEUR;11225096;443202;
19.03.2025;11:19:06.713;DAIE SI 20271217 PS EU C 84.00 0;SIMPLE_INSTRUMENT;BLOCK;EUR;25;2.38000000;25000;EXCHANGE_LAST;;1;1;XEUR;8833624;443202;
19.03.2025;11:20:23.020;DAIE SI 20271217 PS EU C 68.00 0;SIMPLE_INSTRUMENT;BLOCK;EUR;26;5.50000000;15250;EXCHANGE_LAST;;1;1;XEUR;8833655;443202;
19.03.2025;11:20:56.898;DAIE SI 20271217 PS EU P 68.00 0;SIMPLE_INSTRUMENT;BLOCK;EUR;27;16.50000000;15250;EXCHANGE_LAST;;1;1;XEUR;8833653;443202;
19.03.2025;14:16:44.097;DAIG SI 20250321 CS;SIMPLE_INSTRUMENT;BLOCK;EUR;266;59.89000000;325;EXCHANGE_LAST;;1;1;XEUR;10734482;443203;
19.03.2025;16:36:10.968;DAIG SI 20250321 CS;SIMPLE_INSTRUMENT;BLOCK;EUR;349;60.10000000;2600;EXCHANGE_LAST;;1;1;XEUR;10734482;443203;
19.03.2025;16:37:25.262;DAIG SI 20250321 CS;SIMPLE_INSTRUMENT;BLOCK;EUR;351;60.10000000;2400;EXCHANGE_LAST;;1;2;XEUR;10734482;443203;
19.03.2025;08:26:39.536;DB1H.S.MAR25.APR25.SPD;FUTURES_SPREAD;BLOCK;EUR;3;-0.60320000;23485;EXCHANGE_LAST;;1;1;XEUR;72059153111057549;363;
19.03.2025;08:26:39.536;DB1H SI 20250321 CS;SIMPLE_INSTRUMENT;BLOCK;EUR;3;270.87070000;23485;PRC_DECOMP_EXCHANGE;;;;XEUR;10697369;363;EXCHANGE
19.03.2025;08:26:39.536;DB1H SI 20250417 CS;SIMPLE_INSTRUMENT;BLOCK;EUR;3;271.47390000;23485;PRC_DECOMP_EXCHANGE;;;;XEUR;10835129;363;EXCHANGE
19.03.2025;08:26:01.330;DB1P.S.MAR25.APR25.SPD;FUTURES_SPREAD;BLOCK;EUR;2;-0.58140000;23485;EXCHANGE_LAST;;1;1;XEUR;74495469014745117;567612;
19.03.2025;08:26:01.330;DB1P SI 20250321 PS;SIMPLE_INSTRUMENT;BLOCK;EUR;2;270.88160000;23485;PRC_DECOMP_EXCHANGE;;;;XEUR;10735643;567612;EXCHANGE
19.03.2025;08:26:01.330;DB1P SI 20250417 PS;SIMPLE_INSTRUMENT;BLOCK;EUR;2;271.46300000;23485;PRC_DECOMP_EXCHANGE;;;;XEUR;10886019;567612;EXCHANGE
19.03.2025;15:46:48.585;DBK SI 20271217 PS AM P 8.00 0;SIMPLE_INSTRUMENT;BLOCK;EUR;14;0.40000000;5000;EXCHANGE_LAST;;1;1;XEUR;8778752;362;
19.03.2025;09:36:10.674;DEZ SI 20251219 PS AM C 4.00 0;SIMPLE_INSTRUMENT;ENLIGHT;EUR;8;2.96000000;300;EXCHANGE_LAST;;1;1;XEUR;5926341;392;
19.03.2025;12:17:30.941;DHE SI 20291221 PS AM P 16.00 0;SIMPLE_INSTRUMENT;BLOCK;EUR;28;5.76000000;1000;EXCHANGE_LAST;;1;1;XEUR;12474015;57135;
19.03.2025;10:41:55.299;DPW SI 20260619 PS AM C 48.00 0;SIMPLE_INSTRUMENT;BLOCK;EUR;18;2.41000000;750;EXCHANGE_LAST;;1;1;XEUR;9545250;445;
19.03.2025;11:42:21.530;DPW SI 20271217 PS AM P 36.00 0;SIMPLE_INSTRUMENT;BLOCK;EUR;21;3.90000000;2000;EXCHANGE_LAST;;2;1;XEUR;8780220;445;
19.03.2025;11:58:03.128;DPW SI 20250516 PS AM C 43.00 0;SIMPLE_INSTRUMENT;BLOCK;EUR;22;1.84000000;2000;EXCHANGE_LAST;;1;1;XEUR;12870410;445;
19.03.2025;12:00:11.226;DPW SI 20281215 PS AM P 28.00 0;SIMPLE_INSTRUMENT;BLOCK;EUR;23;2.06000000;1000;EXCHANGE_LAST;;1;1;XEUR;10403071;445;
19.03.2025;12:24:16.329;DPW SI 20251219 PS AM P 40.00 0;SIMPLE_INSTRUMENT;BLOCK;EUR;29;2.70000000;1000;EXCHANGE_LAST;;2;1;XEUR;5926790;445;
19.03.2025;15:33:28.445;DPW.O.250319.BUL.000018;STANDARD_OPTION_STRATEGY;BLOCK;EUR;46;0.10000000;630;EXCHANGE_LAST;;1;1;XEUR;72059505298416084;445;
19.03.2025;15:33:28.445;DPW SI 20250321 PS AM C 44.00 0;SIMPLE_INSTRUMENT;BLOCK;EUR;46;0.11000000;630;PRC_DECOMP_EXCHANGE;;;;XEUR;10836814;445;EXCHANGE
19.03.2025;15:33:28.445;DPW SI 20250321 PS AM C 45.00 0;SIMPLE_INSTRUMENT;BLOCK;EUR;46;0.01000000;630;PRC_DECOMP_EXCHANGE;;;;XEUR;12934180;445;EXCHANGE
19.03.2025;15:33:40.510;DPW.O.250319.BUL.000018;STANDARD_OPTION_STRATEGY;BLOCK;EUR;47;0.11000000;630;EXCHANGE_LAST;;1;1;XEUR;72059505298416084;445;
19.03.2025;15:33:40.510;DPW SI 20250321 PS AM C 44.00 0;SIMPLE_INSTRUMENT;BLOCK;EUR;47;0.12000000;630;PRC_DECOMP_EXCHANGE;;;;XEUR;10836814;445;EXCHANGE
19.03.2025;15:33:40.510;DPW SI 20250321 PS AM C 45.00 0;SIMPLE_INSTRUMENT;BLOCK;EUR;47;0.01000000;630;PRC_DECOMP_EXCHANGE;;;;XEUR;12934180;445;EXCHANGE
19.03.2025;14:03:37.310;DPWF SI 20250321 CS;SIMPLE_INSTRUMENT;BLOCK;EUR;257;42.80000000;1700;EXCHANGE_LAST;;1;1;XEUR;10698111;444;
19.03.2025;10:34:01.191;DTE SI 20250516 PS AM P 30.00 0;SIMPLE_INSTRUMENT;BLOCK;EUR;13;0.40000000;2815;EXCHANGE_LAST;;1;1;XEUR;12817658;424;
19.03.2025;10:34:18.287;DTE SI 20250516 PS AM P 30.00 0;SIMPLE_INSTRUMENT;BLOCK;EUR;14;0.30000000;1718;EXCHANGE_LAST;;1;1;XEUR;12817658;424;
19.03.2025;10:41:32.109;DTE SI 20250620 PS AM P 35.50 0;SIMPLE_INSTRUMENT;BLOCK;EUR;17;3.06000000;3000;EXCHANGE_LAST;;1;1;XEUR;12352711;424;
19.03.2025;12:56:29.366;DTE SI 20250620 PS AM C 35.50 0;SIMPLE_INSTRUMENT;BLOCK;EUR;36;0.70000000;1500;EXCHANGE_LAST;;1;1;XEUR;12352712;424;
19.03.2025;10:06:15.445;DTGF SI 20250321 CS;SIMPLE_INSTRUMENT;BLOCK;EUR;89;40.90000000;5000;EXCHANGE_LAST;;1;1;XEUR;10734498;455940;
19.03.2025;11:41:04.652;EAD SI 20260619 PS AM P 160.00 0;SIMPLE_INSTRUMENT;BLOCK;EUR;25;13.85000000;300;EXCHANGE_LAST;;1;1;XEUR;11013911;465;
19.03.2025;14:14:30.556;EAD.O.250319.CDIA.000006;STANDARD_OPTION_STRATEGY;BLOCK;EUR;38;2.65000000;400;EXCHANGE_LAST;;1;1;XEUR;72059591197747683;465;
19.03.2025;14:14:30.556;EAD SI 20251219 PS AM C 200.00 0;SIMPLE_INSTRUMENT;BLOCK;EUR;38;6.36000000;400;PRC_DECOMP_EXCHANGE;;;;XEUR;11013908;465;EXCHANGE
19.03.2025;14:14:30.556;EAD SI 20250417 PS AM C 175.00 0;SIMPLE_INSTRUMENT;BLOCK;EUR;38;3.71000000;400;PRC_DECOMP_EXCHANGE;;;;XEUR;12620407;465;EXCHANGE
19.03.2025;10:05:39.981;EADG SI 20250321 CS;SIMPLE_INSTRUMENT;BLOCK;EUR;127;171.72000000;3000;EXCHANGE_LAST;;3;1;XEUR;11420362;840008;
19.03.2025;09:57:23.404;ELVH SI 20250321 CS;SIMPLE_INSTRUMENT;BLOCK;EUR;108;44.68000000;1000;EXCHANGE_LAST;;1;1;XEUR;10720458;47535;
19.03.2025;12:52:12.241;ELVH SI 20250321 CS;SIMPLE_INSTRUMENT;BLOCK;EUR;232;44.65000000;2300;EXCHANGE_LAST;;1;1;XEUR;10720458;47535;
19.03.2025;13:52:02.505;ENLH SI 20250320 CS;SIMPLE_INSTRUMENT;BLOCK;EUR;255;7.12000000;15200;EXCHANGE_LAST;;1;1;XEUR;10690796;524976;
19.03.2025;15:34:14.979;ENLH SI 20250320 CS;SIMPLE_INSTRUMENT;BLOCK;EUR;325;7.14700000;1800;EXCHANGE_LAST;;1;1;XEUR;10690796;524976;
19.03.2025;09:54:24.965;ENR SI 20260619 PS AM P 48.00 0;SIMPLE_INSTRUMENT;BLOCK;EUR;7;8.38000000;500;EXCHANGE_LAST;;1;1;XEUR;11401306;298530;
19.03.2025;10:04:32.542;ENR SI 20250417 PS AM P 58.00 0;SIMPLE_INSTRUMENT;BLOCK;EUR;9;3.04000000;2000;EXCHANGE_LAST;;1;1;XEUR;12650611;298530;
19.03.2025;10:20:37.018;ENR SI 20250417 PS AM P 60.00 0;SIMPLE_INSTRUMENT;BLOCK;EUR;10;3.81000000;3000;EXCHANGE_LAST;;2;1;XEUR;12650615;298530;
19.03.2025;10:39:29.000;ENR SI 20250417 PS AM C 62.00 0;SIMPLE_INSTRUMENT;BLOCK;EUR;15;4.45000000;2438;EXCHANGE_LAST;;1;1;XEUR;12650617;298530;
19.03.2025;10:39:29.647;ENR SI 20250417 PS AM C 70.00 0;SIMPLE_INSTRUMENT;BLOCK;EUR;16;2.00000000;2438;EXCHANGE_LAST;;1;1;XEUR;12686220;298530;
19.03.2025;11:29:55.910;ENR SI 20250321 PS AM C 62.00 0;SIMPLE_INSTRUMENT;BLOCK;EUR;20;1.18000000;4250;EXCHANGE_LAST;;3;2;XEUR;12484035;298530;
19.03.2025;13:25:27.108;ENR SI 20250620 PS AM C 36.00 0;SIMPLE_INSTRUMENT;BLOCK;EUR;37;26.36000000;10000;EXCHANGE_LAST;;1;1;XEUR;10941907;298530;
19.03.2025;13:26:34.741;ENR SI 20250620 PS AM C 30.00 0;SIMPLE_INSTRUMENT;BLOCK;EUR;38;32.02000000;2000;EXCHANGE_LAST;;1;1;XEUR;11401336;298530;
19.03.2025;13:27:46.955;ENR SI 20250620 PS AM C 18.00 0;SIMPLE_INSTRUMENT;BLOCK;EUR;39;43.72000000;4000;EXCHANGE_LAST;;1;1;XEUR;7930623;298530;
19.03.2025;13:54:24.013;ENR SI 20250620 PS AM C 60.00 0;SIMPLE_INSTRUMENT;BLOCK;EUR;40;8.40000000;5000;EXCHANGE_LAST;;1;1;XEUR;12193229;298530;
19.03.2025;16:02:05.071;ENR SI 20251219 PS AM P 60.00 0;SIMPLE_INSTRUMENT;BLOCK;EUR;52;11.50000000;1250;EXCHANGE_LAST;;2;1;XEUR;11859555;298530;
19.03.2025;16:18:09.994;ENR SI 20250417 PS AM C 66.00 0;SIMPLE_INSTRUMENT;BLOCK;EUR;55;3.55000000;500;EXCHANGE_LAST;;1;1;XEUR;12650609;298530;
19.03.2025;16:25:13.070;ENR SI 20251219 PS AM P 50.00 0;SIMPLE_INSTRUMENT;BLOCK;EUR;56;6.50000000;1000;EXCHANGE_LAST;;1;2;XEUR;12484000;298530;
19.03.2025;16:28:50.827;ENR SI 20250321 PS AM C 64.00 0;SIMPLE_INSTRUMENT;BLOCK;EUR;58;0.72000000;3800;EXCHANGE_LAST;;3;2;XEUR;12229450;298530;
19.03.2025;08:49:30.216;ENTH SI 20250320 CS;SIMPLE_INSTRUMENT;BLOCK;EUR;11;14.19330000;1600;EXCHANGE_LAST;;1;1;XEUR;10690793;524973;
19.03.2025;09:06:48.669;ENTH SI 20250320 CS;SIMPLE_INSTRUMENT;BLOCK;EUR;17;14.24000000;2000;EXCHANGE_LAST;;1;1;XEUR;10690793;524973;
19.03.2025;13:28:04.322;ENTH SI 20250320 CS;SIMPLE_INSTRUMENT;BLOCK;EUR;244;14.24000000;3000;EXCHANGE_LAST;;1;1;XEUR;10690793;524973;
19.03.2025;15:22:21.498;EOA SI 20251219 PS AM C 15.00 0;SIMPLE_INSTRUMENT;BLOCK;EUR;51;0.35000000;2000;EXCHANGE_LAST;;1;1;XEUR;12472506;49065;
19.03.2025;09:55:28.163;ESL SI 20250321 PS AM C 220.00 0;SIMPLE_INSTRUMENT;BLOCK;EUR;11;42.60000000;400;EXCHANGE_LAST;;1;1;XEUR;10838312;481;
19.03.2025;12:38:06.113;ESL.O.250319.RBER.000001;STANDARD_OPTION_STRATEGY;BLOCK;EUR;35;-9.70000000;300;EXCHANGE_LAST;;1;1;XEUR;72059659917207414;481;
19.03.2025;12:38:06.113;ESL SI 20250321 PS AM P 275.00 0;SIMPLE_INSTRUMENT;BLOCK;EUR;35;12.52000000;300;PRC_DECOMP_EXCHANGE;;;;XEUR;12440963;481;EXCHANGE
19.03.2025;12:38:06.113;ESL SI 20250321 PS AM P 260.00 0;SIMPLE_INSTRUMENT;BLOCK;EUR;35;1.41000000;600;PRC_DECOMP_EXCHANGE;;;;XEUR;10838357;481;EXCHANGE
19.03.2025;14:22:26.525;EUCO SI 20250509 PS EU P 1.0700 0;SIMPLE_INSTRUMENT;BLOCK;USD;1;0.00460000;125;EXCHANGE_LAST;;1;1;XEUR;11149194;369370;
19.03.2025;14:21:56.933;EUCO SI 20250509 PS EU P 1.0700 0;SIMPLE_INSTRUMENT;BLOCK;USD;2;0.00460000;250;EXCHANGE_LAST;;1;1;XEUR;11149194;369370;
19.03.2025;09:49:21.702;EVT.O.250319.BRT.000004;STANDARD_OPTION_STRATEGY;ENLIGHT;EUR;5;0.12000000;350;EXCHANGE_LAST;;1;1;XEUR;72059943385051654;547;
19.03.2025;09:49:21.702;EVT SI 20250321 PS AM P 8.00 0;SIMPLE_INSTRUMENT;ENLIGHT;EUR;5;1.52000000;350;PRC_DECOMP_EXCHANGE;;;;XEUR;10838622;547;EXCHANGE
19.03.2025;09:49:21.702;EVT SI 20250417 PS AM P 8.00 0;SIMPLE_INSTRUMENT;ENLIGHT;EUR;5;1.64000000;350;PRC_DECOMP_EXCHANGE;;;;XEUR;12621167;547;EXCHANGE
19.03.2025;09:49:21.702;EVT.O.250319.BRT.000004;STANDARD_OPTION_STRATEGY;ENLIGHT;EUR;6;0.13000000;350;EXCHANGE_LAST;;1;1;XEUR;72059943385051654;547;
19.03.2025;09:49:21.702;EVT SI 20250417 PS AM P 8.00 0;SIMPLE_INSTRUMENT;ENLIGHT;EUR;6;1.65000000;350;PRC_DECOMP_EXCHANGE;;;;XEUR;12621167;547;EXCHANGE
19.03.2025;09:49:21.702;EVT SI 20250321 PS AM P 8.00 0;SIMPLE_INSTRUMENT;ENLIGHT;EUR;6;1.52000000;350;PRC_DECOMP_EXCHANGE;;;;XEUR;10838622;547;EXCHANGE
19.03.2025;15:52:36.725;F3TE SI 20250620 CS;SIMPLE_INSTRUMENT;BLOCK;EUR;335;0.45000000;3741;EXCHANGE_LAST;;1;1;XEUR;10882016;390379;
19.03.2025;14:04:58.495;FATX SI 20250321 CS;SIMPLE_INSTRUMENT;BLOCK;EUR;37;4318.00000000;535;EXCHANGE_LAST;;1;1;XEUR;11385582;28699;
19.03.2025;14:05:48.513;FATX SI 20250620 CS;SIMPLE_INSTRUMENT;BLOCK;EUR;38;4163.00000000;535;EXCHANGE_LAST;;1;1;XEUR;11905432;28699;
19.03.2025;08:14:13.847;FBTP SI 20250606 PS;SIMPLE_INSTRUMENT;EFP_FIN;EUR;1;117.14000000;301;EXCHANGE_LAST;;1;1;XEUR;11820365;636;
19.03.2025;08:31:05.797;FBTP SI 20250606 PS;SIMPLE_INSTRUMENT;EFP_FIN;EUR;2;117.11000000;1327;EXCHANGE_LAST;;1;1;XEUR;11820365;636;
19.03.2025;08:37:30.092;FBTP SI 20250606 PS;SIMPLE_INSTRUMENT;EFP_FIN;EUR;3;117.12000000;221;EXCHANGE_LAST;;1;1;XEUR;11820365;636;
19.03.2025;08:47:46.262;FBTP SI 20250606 PS;SIMPLE_INSTRUMENT;EFP_FIN;EUR;4;117.09000000;1420;EXCHANGE_LAST;;1;1;XEUR;11820365;636;
19.03.2025;09:02:33.710;FBTP SI 20250606 PS;SIMPLE_INSTRUMENT;EFP_FIN;EUR;5;117.09000000;884;EXCHANGE_LAST;;1;1;XEUR;11820365;636;
19.03.2025;09:09:47.861;FBTP SI 20250606 PS;SIMPLE_INSTRUMENT;EFP_FIN;EUR;6;117.09000000;442;EXCHANGE_LAST;;1;1;XEUR;11820365;636;
19.03.2025;09:17:54.843;FBTP SI 20250606 PS;SIMPLE_INSTRUMENT;EFP_FIN;EUR;7;117.07000000;655;EXCHANGE_LAST;;1;1;XEUR;11820365;636;
19.03.2025;09:22:23.700;FBTP SI 20250606 PS;SIMPLE_INSTRUMENT;EFP_FIN;EUR;8;117.10000000;1327;EXCHANGE_LAST;;1;1;XEUR;11820365;636;
19.03.2025;09:47:09.605;FBTP SI 20250606 PS;SIMPLE_INSTRUMENT;EFP_FIN;EUR;9;117.08000000;884;EXCHANGE_LAST;;1;1;XEUR;11820365;636;
19.03.2025;09:54:40.904;FBTP SI 20250606 PS;SIMPLE_INSTRUMENT;EFP_FIN;EUR;10;117.13000000;221;EXCHANGE_LAST;;1;1;XEUR;11820365;636;
19.03.2025;10:55:12.668;FBTP SI 20250606 PS;SIMPLE_INSTRUMENT;EFP_FIN;EUR;11;117.12000000;1870;EXCHANGE_LAST;;1;1;XEUR;11820365;636;
19.03.2025;11:37:43.610;FBTP SI 20250606 PS;SIMPLE_INSTRUMENT;EFP_FIN;EUR;12;117.05000000;121;EXCHANGE_LAST;;1;1;XEUR;11820365;636;
19.03.2025;11:48:02.125;FBTP SI 20250606 PS;SIMPLE_INSTRUMENT;EFP_FIN;EUR;13;117.10000000;430;EXCHANGE_LAST;;1;1;XEUR;11820365;636;
19.03.2025;12:15:40.334;FBTP SI 20250606 PS;SIMPLE_INSTRUMENT;EFP_FIN;EUR;15;117.01000000;192;EXCHANGE_LAST;;1;1;XEUR;11820365;636;
19.03.2025;12:28:33.856;FBTP SI 20250606 PS;SIMPLE_INSTRUMENT;EFP_FIN;EUR;17;117.01000000;91;EXCHANGE_LAST;;1;1;XEUR;11820365;636;
19.03.2025;12:30:19.075;FBTP SI 20250606 PS;SIMPLE_INSTRUMENT;EFP_FIN;EUR;18;117.01000000;273;EXCHANGE_LAST;;1;1;XEUR;11820365;636;
19.03.2025;12:30:31.732;FBTP SI 20250606 PS;SIMPLE_INSTRUMENT;BLOCK;EUR;19;117.14000000;929;EXCHANGE_LAST;;1;1;XEUR;11820365;636;
19.03.2025;13:02:40.770;FBTP SI 20250606 PS;SIMPLE_INSTRUMENT;EFP_FIN;EUR;20;117.04000000;363;EXCHANGE_LAST;;1;1;XEUR;11820365;636;
19.03.2025;13:06:48.903;FBTP SI 20250606 PS;SIMPLE_INSTRUMENT;EFP_FIN;EUR;21;117.08000000;343;EXCHANGE_LAST;;1;1;XEUR;11820365;636;
19.03.2025;13:35:38.721;FBTP SI 20250606 PS;SIMPLE_INSTRUMENT;EFP_FIN;EUR;22;116.96000000;373;EXCHANGE_LAST;;1;1;XEUR;11820365;636;
19.03.2025;13:41:12.323;FBTP SI 20250606 PS;SIMPLE_INSTRUMENT;EFP_FIN;EUR;23;116.96000000;497;EXCHANGE_LAST;;1;1;XEUR;11820365;636;
19.03.2025;13:41:21.119;FBTP SI 20250606 PS;SIMPLE_INSTRUMENT;EFP_FIN;EUR;24;116.96000000;786;EXCHANGE_LAST;;1;1;XEUR;11820365;636;
19.03.2025;13:45:15.891;FBTP SI 20250606 PS;SIMPLE_INSTRUMENT;EFP_FIN;EUR;25;116.96000000;528;EXCHANGE_LAST;;1;1;XEUR;11820365;636;
19.03.2025;13:44:34.369;FBTP SI 20250606 PS;SIMPLE_INSTRUMENT;EFP_FIN;EUR;26;116.99000000;221;EXCHANGE_LAST;;1;1;XEUR;11820365;636;
19.03.2025;13:52:08.166;FBTP SI 20250606 PS;SIMPLE_INSTRUMENT;EFP_FIN;EUR;27;117.00000000;182;EXCHANGE_LAST;;1;1;XEUR;11820365;636;
19.03.2025;14:06:58.940;FBTP SI 20250606 PS;SIMPLE_INSTRUMENT;EFP_FIN;EUR;28;116.92000000;285;EXCHANGE_LAST;;1;1;XEUR;11820365;636;
19.03.2025;14:07:26.971;FBTP SI 20250606 PS;SIMPLE_INSTRUMENT;EFP_FIN;EUR;29;117.10000000;231;EXCHANGE_LAST;;1;1;XEUR;11820365;636;
19.03.2025;14:14:43.771;FBTP SI 20250606 PS;SIMPLE_INSTRUMENT;EFP_FIN;EUR;30;116.88000000;109;EXCHANGE_LAST;;1;1;XEUR;11820365;636;
19.03.2025;14:16:34.304;FBTP SI 20250606 PS;SIMPLE_INSTRUMENT;EFP_FIN;EUR;31;116.89000000;221;EXCHANGE_LAST;;1;1;XEUR;11820365;636;
19.03.2025;14:18:46.255;FBTP SI 20250606 PS;SIMPLE_INSTRUMENT;EFP_FIN;EUR;32;116.97000000;1377;EXCHANGE_LAST;;1;1;XEUR;11820365;636;
19.03.2025;14:39:41.140;FBTP SI 20250606 PS;SIMPLE_INSTRUMENT;EFP_FIN;EUR;33;116.93000000;921;EXCHANGE_LAST;;1;1;XEUR;11820365;636;
19.03.2025;14:56:46.568;FBTP SI 20250606 PS;SIMPLE_INSTRUMENT;EFP_FIN;EUR;34;117.01000000;1327;EXCHANGE_LAST;;1;1;XEUR;11820365;636;
19.03.2025;15:59:29.391;FBTP SI 20250606 PS;SIMPLE_INSTRUMENT;EFP_FIN;EUR;35;116.93000000;213;EXCHANGE_LAST;;1;1;XEUR;11820365;636;
19.03.2025;16:10:26.410;FBTP SI 20250606 PS;SIMPLE_INSTRUMENT;BLOCK;EUR;36;116.99000000;1000;EXCHANGE_LAST;;1;1;XEUR;11820365;636;
19.03.2025;16:16:48.939;FBTP SI 20250606 PS;SIMPLE_INSTRUMENT;BLOCK;EUR;37;117.02000000;967;EXCHANGE_LAST;;1;1;XEUR;11820365;636;
19.03.2025;16:25:07.892;FBTP SI 20250606 PS;SIMPLE_INSTRUMENT;EFP_FIN;EUR;38;116.98000000;895;EXCHANGE_LAST;;1;1;XEUR;11820365;636;
19.03.2025;08:56:44.396;FBTS SI 20250606 PS;SIMPLE_INSTRUMENT;EFP_FIN;EUR;3;107.18000000;788;EXCHANGE_LAST;;1;1;XEUR;11820367;639;
19.03.2025;09:31:55.830;FBTS SI 20250606 PS;SIMPLE_INSTRUMENT;EFP_FIN;EUR;6;107.17000000;476;EXCHANGE_LAST;;1;1;XEUR;11820367;639;
19.03.2025;09:33:38.670;FBTS SI 20250606 PS;SIMPLE_INSTRUMENT;EFP_FIN;EUR;7;107.18000000;809;EXCHANGE_LAST;;1;1;XEUR;11820367;639;
19.03.2025;09:48:56.008;FBTS SI 20250606 PS;SIMPLE_INSTRUMENT;EFP_FIN;EUR;8;107.18000000;955;EXCHANGE_LAST;;1;1;XEUR;11820367;639;
19.03.2025;10:01:59.668;FBTS SI 20250606 PS;SIMPLE_INSTRUMENT;BLOCK;EUR;12;107.19000000;402;EXCHANGE_LAST;;1;1;XEUR;11820367;639;
19.03.2025;10:30:13.388;FBTS SI 20250606 PS;SIMPLE_INSTRUMENT;EFP_FIN;EUR;16;107.18000000;1428;EXCHANGE_LAST;;1;1;XEUR;11820367;639;
19.03.2025;10:34:14.910;FBTS SI 20250606 PS;SIMPLE_INSTRUMENT;EFP_FIN;EUR;17;107.20000000;381;EXCHANGE_LAST;;1;1;XEUR;11820367;639;
19.03.2025;11:34:14.651;FBTS SI 20250606 PS;SIMPLE_INSTRUMENT;EFP_FIN;EUR;23;107.17000000;286;EXCHANGE_LAST;;1;1;XEUR;11820367;639;
19.03.2025;11:57:24.604;FBTS SI 20250606 PS;SIMPLE_INSTRUMENT;EFP_FIN;EUR;26;107.17000000;394;EXCHANGE_LAST;;1;1;XEUR;11820367;639;
19.03.2025;12:58:56.176;FBTS SI 20250606 PS;SIMPLE_INSTRUMENT;EFP_FIN;EUR;27;107.16000000;267;EXCHANGE_LAST;;1;1;XEUR;11820367;639;
19.03.2025;13:33:52.756;FBTS SI 20250606 PS;SIMPLE_INSTRUMENT;EFP_FIN;EUR;28;107.12000000;781;EXCHANGE_LAST;;1;1;XEUR;11820367;639;
19.03.2025;14:35:19.778;FBTS SI 20250606 PS;SIMPLE_INSTRUMENT;EFP_FIN;EUR;32;107.10000000;515;EXCHANGE_LAST;;1;1;XEUR;11820367;639;
19.03.2025;14:41:44.946;FBTS SI 20250606 PS;SIMPLE_INSTRUMENT;EFP_FIN;EUR;33;107.10000000;986;EXCHANGE_LAST;;1;1;XEUR;11820367;639;
19.03.2025;14:43:18.699;FBTS SI 20250606 PS;SIMPLE_INSTRUMENT;EFP_FIN;EUR;34;107.10000000;238;EXCHANGE_LAST;;1;1;XEUR;11820367;639;
19.03.2025;15:13:56.694;FBTS SI 20250606 PS;SIMPLE_INSTRUMENT;EFP_FIN;EUR;35;107.11000000;351;EXCHANGE_LAST;;1;1;XEUR;11820367;639;
19.03.2025;16:04:06.683;FBTS SI 20250606 PS;SIMPLE_INSTRUMENT;EFP_FIN;EUR;39;107.12000000;820;EXCHANGE_LAST;;1;1;XEUR;11820367;639;
19.03.2025;16:34:08.638;FBTS SI 20250606 PS;SIMPLE_INSTRUMENT;EFP_FIN;EUR;40;107.12000000;118;EXCHANGE_LAST;;1;1;XEUR;11820367;639;
19.03.2025;09:36:54.704;FCEU SI 20250616 PS;SIMPLE_INSTRUMENT;BLOCK;USD;1;1.09630000;576;EXCHANGE_LAST;;1;1;XEUR;7879022;369376;
19.03.2025;12:48:59.218;FCIN SI 20250328 CS;SIMPLE_INSTRUMENT;BLOCK;USD;20;154.08000000;198;EXCHANGE_LAST;;1;1;XEUR;10945396;580;
19.03.2025;12:49:22.427;FCIN SI 20250328 CS;SIMPLE_INSTRUMENT;BLOCK;USD;21;154.09000000;463;EXCHANGE_LAST;;1;1;XEUR;10945396;580;
19.03.2025;12:50:27.827;FCIN SI 20250627 CS;SIMPLE_INSTRUMENT;BLOCK;USD;22;154.20000000;512;EXCHANGE_LAST;;1;1;XEUR;7967544;580;
19.03.2025;12:50:49.375;FCIN SI 20250627 CS;SIMPLE_INSTRUMENT;BLOCK;USD;23;154.21000000;149;EXCHANGE_LAST;;1;1;XEUR;7967544;580;
19.03.2025;12:51:48.911;FCPE SI 20250328 CS;SIMPLE_INSTRUMENT;BLOCK;USD;24;173.94000000;132;EXCHANGE_LAST;;1;1;XEUR;10945400;586;
19.03.2025;12:52:11.156;FCPE SI 20250328 CS;SIMPLE_INSTRUMENT;BLOCK;USD;25;173.95000000;12;EXCHANGE_LAST;;1;1;XEUR;10945400;586;
19.03.2025;12:53:00.415;FCPE SI 20250328 CS;SIMPLE_INSTRUMENT;BLOCK;USD;26;173.94000000;55;EXCHANGE_LAST;;1;1;XEUR;10945400;586;
19.03.2025;12:53:58.891;FCPE SI 20250627 CS;SIMPLE_INSTRUMENT;BLOCK;USD;27;174.02000000;127;EXCHANGE_LAST;;1;1;XEUR;7967548;586;
19.03.2025;12:54:27.186;FCPE SI 20250627 CS;SIMPLE_INSTRUMENT;BLOCK;USD;28;174.03000000;17;EXCHANGE_LAST;;1;1;XEUR;7967548;586;
19.03.2025;12:55:21.169;FCPE SI 20250627 CS;SIMPLE_INSTRUMENT;BLOCK;USD;29;173.94000000;55;EXCHANGE_LAST;;1;1;XEUR;7967548;586;
19.03.2025;13:00:39.935;FCPR.S.MAR25.JUN25.SPD;FUTURES_SPREAD;BLOCK;USD;34;-0.15000000;520;EXCHANGE_LAST;;1;1;XEUR;72060115183731734;587;
19.03.2025;13:00:39.935;FCPR SI 20250627 CS;SIMPLE_INSTRUMENT;BLOCK;USD;34;305.85000000;520;PRC_DECOMP_MEMBER;;;;XEUR;7967549;587;MEMBER
19.03.2025;13:00:39.935;FCPR SI 20250328 CS;SIMPLE_INSTRUMENT;BLOCK;USD;34;305.70000000;520;PRC_DECOMP_MEMBER;;;;XEUR;10945401;587;MEMBER
19.03.2025;13:00:58.295;FCPR.S.MAR25.JUN25.SPD;FUTURES_SPREAD;BLOCK;USD;35;-0.16000000;164;EXCHANGE_LAST;;1;1;XEUR;72060115183731734;587;
19.03.2025;13:00:58.295;FCPR SI 20250627 CS;SIMPLE_INSTRUMENT;BLOCK;USD;35;305.86000000;164;PRC_DECOMP_MEMBER;;;;XEUR;7967549;587;MEMBER
19.03.2025;13:00:58.295;FCPR SI 20250328 CS;SIMPLE_INSTRUMENT;BLOCK;USD;35;305.70000000;164;PRC_DECOMP_MEMBER;;;;XEUR;10945401;587;MEMBER
19.03.2025;12:56:32.958;FCXB SI 20250328 CS;SIMPLE_INSTRUMENT;BLOCK;USD;30;130.25000000;191;EXCHANGE_LAST;;1;1;XEUR;10948696;23778;
19.03.2025;12:56:53.388;FCXB SI 20250328 CS;SIMPLE_INSTRUMENT;BLOCK;USD;31;130.26000000;572;EXCHANGE_LAST;;1;1;XEUR;10948696;23778;
19.03.2025;12:57:39.681;FCXB SI 20250627 CS;SIMPLE_INSTRUMENT;BLOCK;USD;32;130.35000000;387;EXCHANGE_LAST;;1;1;XEUR;7968456;23778;
19.03.2025;12:58:07.330;FCXB SI 20250627 CS;SIMPLE_INSTRUMENT;BLOCK;USD;33;130.36000000;376;EXCHANGE_LAST;;1;1;XEUR;7968456;23778;
19.03.2025;12:42:15.544;FDAX SI 20250321 CS;SIMPLE_INSTRUMENT;EFP_IDX;EUR;1;23230.00000000;200;EXCHANGE_LAST;;1;1;XEUR;7561255;589;
19.03.2025;13:35:39.512;FDAX SI 20250321 CS;SIMPLE_INSTRUMENT;EFP_IDX;EUR;2;23230.00000000;83;EXCHANGE_LAST;;1;1;XEUR;7561255;589;
19.03.2025;14:24:50.161;FDAX SI 20250321 CS;SIMPLE_INSTRUMENT;EFP_IDX;EUR;3;23230.00000000;100;EXCHANGE_LAST;;1;1;XEUR;7561255;589;
19.03.2025;16:49:18.082;FDAX SI 20250321 CS;SIMPLE_INSTRUMENT;EFP_IDX;EUR;4;23292.00000000;56;EXCHANGE_LAST;;1;1;XEUR;7561255;589;
19.03.2025;16:49:37.694;FDAX SI 20250321 CS;SIMPLE_INSTRUMENT;EFP_IDX;EUR;5;23291.00000000;44;EXCHANGE_LAST;;1;1;XEUR;7561255;589;
19.03.2025;16:54:01.771;FDAX SI 20250321 CS;SIMPLE_INSTRUMENT;EFP_IDX;EUR;6;23292.00000000;8;EXCHANGE_LAST;;1;1;XEUR;7561255;589;
19.03.2025;16:54:14.274;FDAX SI 20250321 CS;SIMPLE_INSTRUMENT;EFP_IDX;EUR;7;23291.00000000;132;EXCHANGE_LAST;;1;1;XEUR;7561255;589;
19.03.2025;11:39:06.308;FDAX SI 20250620 CS;SIMPLE_INSTRUMENT;VOLA;EUR;671088648;23552.00000000;56;EXCHANGE_LAST;;1;1;XEUR;7903800;589;
19.03.2025;11:46:32.459;FDAX SI 20250620 CS;SIMPLE_INSTRUMENT;VOLA;EUR;671088651;23553.00000000;24;EXCHANGE_LAST;;1;1;XEUR;7903800;589;
19.03.2025;15:39:17.131;FDAX SI 20250620 CS;SIMPLE_INSTRUMENT;VOLA;EUR;671088672;23511.00000000;125;EXCHANGE_LAST;;1;1;XEUR;7903800;589;
19.03.2025;16:08:12.247;FDAX SI 20250620 CS;SIMPLE_INSTRUMENT;VOLA;EUR;671088674;23561.00000000;19;EXCHANGE_LAST;;1;1;XEUR;7903800;589;
19.03.2025;11:53:39.986;FDIV.S.MAR25.JUN25.SPD;FUTURES_SPREAD;BLOCK;EUR;12;5.90000000;170;EXCHANGE_LAST;;1;1;XEUR;72060149543469150;595;
19.03.2025;11:53:39.986;FDIV SI 20250620 CS;SIMPLE_INSTRUMENT;BLOCK;EUR;12;206.40000000;170;PRC_DECOMP_EXCHANGE;;;;XEUR;11880638;595;EXCHANGE
19.03.2025;11:53:39.986;FDIV SI 20250321 CS;SIMPLE_INSTRUMENT;BLOCK;EUR;12;212.30000000;170;PRC_DECOMP_EXCHANGE;;;;XEUR;11359067;595;EXCHANGE
19.03.2025;08:38:17.380;FEBD SI 20261218 CS;SIMPLE_INSTRUMENT;BLOCK;EUR;5;10.54000000;250;EXCHANGE_LAST;;1;1;XEUR;7158212;597;
19.03.2025;09:40:16.863;FEBD SI 20250620 CS;SIMPLE_INSTRUMENT;BLOCK;EUR;13;7.62000000;1000;EXCHANGE_LAST;;1;1;XEUR;9547772;597;
19.03.2025;10:06:28.267;FEBD SI 20250620 CS;SIMPLE_INSTRUMENT;BLOCK;EUR;25;7.62000000;1000;EXCHANGE_LAST;;1;1;XEUR;9547772;597;
19.03.2025;11:22:31.906;FEBD SI 20271217 CS;SIMPLE_INSTRUMENT;BLOCK;EUR;33;9.93000000;1000;EXCHANGE_LAST;;1;1;XEUR;7776307;597;
19.03.2025;11:37:58.802;FEBD SI 20261218 CS;SIMPLE_INSTRUMENT;BLOCK;EUR;34;10.55000000;450;EXCHANGE_LAST;;2;1;XEUR;7158212;597;
19.03.2025;12:27:16.230;FEBD SI 20281215 CS;SIMPLE_INSTRUMENT;BLOCK;EUR;47;9.31000000;800;EXCHANGE_LAST;;3;2;XEUR;7776305;597;
19.03.2025;13:03:10.959;FEBD SI 20281215 CS;SIMPLE_INSTRUMENT;BLOCK;EUR;57;9.31000000;100;EXCHANGE_LAST;;1;1;XEUR;7776305;597;
19.03.2025;15:37:00.361;FEBD SI 20271217 CS;SIMPLE_INSTRUMENT;BLOCK;EUR;83;9.94000000;1050;EXCHANGE_LAST;;1;1;XEUR;7776307;597;
19.03.2025;15:46:12.945;FEBD SI 20250620 CS;SIMPLE_INSTRUMENT;BLOCK;EUR;84;7.61000000;1000;EXCHANGE_LAST;;1;1;XEUR;9547772;597;
19.03.2025;17:46:53.328;FEBD SI 20250620 CS;SIMPLE_INSTRUMENT;BLOCK;EUR;218;7.61000000;1500;EXCHANGE_LAST;;1;1;XEUR;9547772;597;
19.03.2025;10:06:04.874;FECX.S.MAR25.JUN25.SPD;FUTURES_SPREAD;BLOCK;EUR;26;-0.99000000;184;EXCHANGE_LAST;;1;1;XEUR;73819209234120730;410158;
19.03.2025;10:06:04.874;FECX SI 20250620 CS;SIMPLE_INSTRUMENT;BLOCK;EUR;26;165.72000000;184;PRC_DECOMP_MEMBER;;;;XEUR;11949125;410158;MEMBER
19.03.2025;10:06:04.874;FECX SI 20250321 CS;SIMPLE_INSTRUMENT;BLOCK;EUR;26;164.73000000;184;PRC_DECOMP_MEMBER;;;;XEUR;11427948;410158;MEMBER
19.03.2025;15:03:23.164;FECX SI 20250620 CS;SIMPLE_INSTRUMENT;BLOCK;EUR;74;165.70000000;300;EXCHANGE_LAST;;1;1;XEUR;11949125;410158;
19.03.2025;16:02:22.242;FECX SI 20250620 CS;SIMPLE_INSTRUMENT;BLOCK;EUR;87;165.69000000;1400;EXCHANGE_LAST;;1;1;XEUR;11949125;410158;
19.03.2025;11:08:37.007;FEDV SI 20250321 CS;SIMPLE_INSTRUMENT;BLOCK;EUR;31;1945.00000000;2617;EXCHANGE_LAST;;1;1;XEUR;11359068;596;
19.03.2025;15:47:52.824;FEDV.S.MAR25.JUN25.SPD;FUTURES_SPREAD;BLOCK;EUR;85;56.00000000;2000;EXCHANGE_LAST;;1;1;XEUR;72060153838436446;596;
19.03.2025;15:47:52.824;FEDV SI 20250321 CS;SIMPLE_INSTRUMENT;BLOCK;EUR;85;1944.50000000;2000;PRC_DECOMP_EXCHANGE;;;;XEUR;11359068;596;EXCHANGE
19.03.2025;15:47:52.824;FEDV SI 20250620 CS;SIMPLE_INSTRUMENT;BLOCK;EUR;85;1888.50000000;2000;PRC_DECOMP_EXCHANGE;;;;XEUR;11880642;596;EXCHANGE
19.03.2025;15:48:10.961;FEDV.S.MAR25.JUN25.SPD;FUTURES_SPREAD;BLOCK;EUR;86;56.00000000;2000;EXCHANGE_LAST;;1;1;XEUR;72060153838436446;596;
19.03.2025;15:48:10.961;FEDV SI 20250321 CS;SIMPLE_INSTRUMENT;BLOCK;EUR;86;1944.50000000;2000;PRC_DECOMP_EXCHANGE;;;;XEUR;11359068;596;EXCHANGE
19.03.2025;15:48:10.961;FEDV SI 20250620 CS;SIMPLE_INSTRUMENT;BLOCK;EUR;86;1888.50000000;2000;PRC_DECOMP_EXCHANGE;;;;XEUR;11880642;596;EXCHANGE
19.03.2025;16:58:47.293;FEDV SI 20250321 CS;SIMPLE_INSTRUMENT;EFP_IDX;EUR;131;1944.00000000;17;EXCHANGE_LAST;;1;1;XEUR;11359068;596;
19.03.2025;16:58:21.318;FEDV SI 20250321 CS;SIMPLE_INSTRUMENT;EFP_IDX;EUR;135;1943.50000000;104;EXCHANGE_LAST;;1;1;XEUR;11359068;596;
19.03.2025;17:20:31.456;FEDV SI 20250321 CS;SIMPLE_INSTRUMENT;EFP_IDX;EUR;204;1943.00000000;1720;EXCHANGE_LAST;;1;1;XEUR;11359068;596;
19.03.2025;17:20:37.095;FEDV SI 20250321 CS;SIMPLE_INSTRUMENT;EFP_IDX;EUR;205;1943.50000000;280;EXCHANGE_LAST;;1;1;XEUR;11359068;596;
19.03.2025;17:20:48.820;FEDV SI 20250321 CS;SIMPLE_INSTRUMENT;EFP_IDX;EUR;206;1943.00000000;1720;EXCHANGE_LAST;;1;1;XEUR;11359068;596;
19.03.2025;17:20:55.415;FEDV SI 20250321 CS;SIMPLE_INSTRUMENT;EFP_IDX;EUR;207;1943.50000000;280;EXCHANGE_LAST;;1;1;XEUR;11359068;596;
19.03.2025;12:51:11.711;FEHY.S.MAR25.JUN25.SPD;FUTURES_SPREAD;BLOCK;EUR;56;-1.76000000;100;EXCHANGE_LAST;;1;1;XEUR;74523107129294866;574047;
19.03.2025;12:51:11.711;FEHY SI 20250620 CS;SIMPLE_INSTRUMENT;BLOCK;EUR;56;298.28000000;100;PRC_DECOMP_MEMBER;;;;XEUR;11949378;574047;MEMBER
19.03.2025;12:51:11.711;FEHY SI 20250321 CS;SIMPLE_INSTRUMENT;BLOCK;EUR;56;296.52000000;100;PRC_DECOMP_MEMBER;;;;XEUR;11428365;574047;MEMBER
19.03.2025;16:26:58.854;FEHY SI 20250620 CS;SIMPLE_INSTRUMENT;BLOCK;EUR;94;298.58000000;180;EXCHANGE_LAST;;1;1;XEUR;11949378;574047;
19.03.2025;15:33:22.655;FES1 SI 20250321 PS;SIMPLE_INSTRUMENT;BLOCK;EUR;81;-3.10000000;375;EXCHANGE_LAST;;1;1;XEUR;11391470;58959;
19.03.2025;15:33:28.597;FES1 SI 20250321 PS;SIMPLE_INSTRUMENT;BLOCK;EUR;82;-3.20000000;125;EXCHANGE_LAST;;1;1;XEUR;11391470;58959;
19.03.2025;16:17:56.035;FES1 SI 20250321 PS;SIMPLE_INSTRUMENT;BLOCK;EUR;89;-3.40000000;250;EXCHANGE_LAST;;1;1;XEUR;11391470;58959;
19.03.2025;14:24:22.700;FESA SI 20250321 CS;SIMPLE_INSTRUMENT;BLOCK;EUR;39;556.80000000;1000;EXCHANGE_LAST;;1;1;XEUR;11359074;606;
19.03.2025;16:57:47.996;FESA SI 20250321 CS;SIMPLE_INSTRUMENT;EFP_IDX;EUR;72;560.00000000;160;EXCHANGE_LAST;;1;1;XEUR;11359074;606;
19.03.2025;16:58:07.296;FESA SI 20250321 CS;SIMPLE_INSTRUMENT;EFP_IDX;EUR;73;560.10000000;240;EXCHANGE_LAST;;1;1;XEUR;11359074;606;
19.03.2025;16:56:16.910;FESA SI 20250321 CS;SIMPLE_INSTRUMENT;EFP_IDX;EUR;105;560.00000000;136;EXCHANGE_LAST;;1;1;XEUR;11359074;606;
19.03.2025;16:55:56.080;FESA SI 20250321 CS;SIMPLE_INSTRUMENT;EFP_IDX;EUR;107;560.10000000;204;EXCHANGE_LAST;;1;1;XEUR;11359074;606;
19.03.2025;16:56:29.033;FESA SI 20250321 CS;SIMPLE_INSTRUMENT;EFP_IDX;EUR;108;560.00000000;240;EXCHANGE_LAST;;1;1;XEUR;11359074;606;
19.03.2025;16:56:37.354;FESA SI 20250321 CS;SIMPLE_INSTRUMENT;EFP_IDX;EUR;111;560.10000000;360;EXCHANGE_LAST;;1;1;XEUR;11359074;606;
19.03.2025;17:06:13.817;FESA SI 20250321 CS;SIMPLE_INSTRUMENT;EFP_IDX;EUR;121;560.00000000;627;EXCHANGE_LAST;;1;1;XEUR;11359074;606;
19.03.2025;17:06:28.065;FESA SI 20250321 CS;SIMPLE_INSTRUMENT;EFP_IDX;EUR;122;560.10000000;941;EXCHANGE_LAST;;1;1;XEUR;11359074;606;
19.03.2025;08:46:12.214;FESB.S.MAR25.JUN25.SPD;FUTURES_SPREAD;BLOCK;EUR;113;4.64000000;7469;EXCHANGE_LAST;;1;1;XEUR;72060192493142110;605;
19.03.2025;08:46:12.214;FESB SI 20250321 CS;SIMPLE_INSTRUMENT;BLOCK;EUR;113;196.94000000;7469;PRC_DECOMP_EXCHANGE;;;;XEUR;11359072;605;EXCHANGE
19.03.2025;08:46:12.214;FESB SI 20250620 CS;SIMPLE_INSTRUMENT;BLOCK;EUR;113;192.30000000;7469;PRC_DECOMP_EXCHANGE;;;;XEUR;11880665;605;EXCHANGE
19.03.2025;08:46:12.453;FESB.S.MAR25.JUN25.SPD;FUTURES_SPREAD;BLOCK;EUR;114;4.66000000;2490;EXCHANGE_LAST;;1;1;XEUR;72060192493142110;605;
19.03.2025;08:46:12.453;FESB SI 20250321 CS;SIMPLE_INSTRUMENT;BLOCK;EUR;114;196.96000000;2490;PRC_DECOMP_EXCHANGE;;;;XEUR;11359072;605;EXCHANGE
19.03.2025;08:46:12.453;FESB SI 20250620 CS;SIMPLE_INSTRUMENT;BLOCK;EUR;114;192.30000000;2490;PRC_DECOMP_EXCHANGE;;;;XEUR;11880665;605;EXCHANGE
19.03.2025;09:58:54.442;FESB SI 20250321 CS;SIMPLE_INSTRUMENT;BLOCK;EUR;167;197.10000000;3564;EXCHANGE_LAST;;1;1;XEUR;11359072;605;
19.03.2025;10:24:04.202;FESB SI 20250321 CS;SIMPLE_INSTRUMENT;BLOCK;EUR;182;197.15000000;8400;EXCHANGE_LAST;;1;1;XEUR;11359072;605;
19.03.2025;10:38:59.467;FESB SI 20250321 CS;SIMPLE_INSTRUMENT;BLOCK;EUR;190;197.00000000;6000;EXCHANGE_LAST;;1;1;XEUR;11359072;605;
19.03.2025;10:39:26.891;FESB SI 20250620 CS;SIMPLE_INSTRUMENT;BLOCK;EUR;191;192.30000000;2700;EXCHANGE_LAST;;1;1;XEUR;11880665;605;
19.03.2025;10:39:41.224;FESB SI 20250620 CS;SIMPLE_INSTRUMENT;BLOCK;EUR;192;192.40000000;3300;EXCHANGE_LAST;;1;1;XEUR;11880665;605;
19.03.2025;10:45:46.967;FESB SI 20250321 CS;SIMPLE_INSTRUMENT;BLOCK;EUR;195;197.00000000;7000;EXCHANGE_LAST;;1;1;XEUR;11359072;605;
19.03.2025;10:51:22.837;FESB SI 20250321 CS;SIMPLE_INSTRUMENT;BLOCK;EUR;196;197.10000000;10000;EXCHANGE_LAST;;1;1;XEUR;11359072;605;
19.03.2025;10:51:41.318;FESB SI 20250321 CS;SIMPLE_INSTRUMENT;BLOCK;EUR;197;197.00000000;7000;EXCHANGE_LAST;;1;1;XEUR;11359072;605;
19.03.2025;10:54:11.558;FESB SI 20250321 CS;SIMPLE_INSTRUMENT;BLOCK;EUR;198;197.10000000;5000;EXCHANGE_LAST;;1;1;XEUR;11359072;605;
19.03.2025;10:57:39.308;FESB.S.MAR25.JUN25.SPD;FUTURES_SPREAD;BLOCK;EUR;203;4.64000000;3801;EXCHANGE_LAST;;1;1;XEUR;72060192493142110;605;
19.03.2025;10:57:39.308;FESB SI 20250321 CS;SIMPLE_INSTRUMENT;BLOCK;EUR;203;196.84000000;3801;PRC_DECOMP_EXCHANGE;;;;XEUR;11359072;605;EXCHANGE
19.03.2025;10:57:39.308;FESB SI 20250620 CS;SIMPLE_INSTRUMENT;BLOCK;EUR;203;192.20000000;3801;PRC_DECOMP_EXCHANGE;;;;XEUR;11880665;605;EXCHANGE
19.03.2025;10:58:03.309;FESB.S.MAR25.JUN25.SPD;FUTURES_SPREAD;BLOCK;EUR;204;4.66000000;3801;EXCHANGE_LAST;;1;1;XEUR;72060192493142110;605;
19.03.2025;10:58:03.309;FESB SI 20250321 CS;SIMPLE_INSTRUMENT;BLOCK;EUR;204;196.86000000;3801;PRC_DECOMP_EXCHANGE;;;;XEUR;11359072;605;EXCHANGE
19.03.2025;10:58:03.309;FESB SI 20250620 CS;SIMPLE_INSTRUMENT;BLOCK;EUR;204;192.20000000;3801;PRC_DECOMP_EXCHANGE;;;;XEUR;11880665;605;EXCHANGE
19.03.2025;11:08:41.914;FESB.S.MAR25.JUN25.SPD;FUTURES_SPREAD;BLOCK;EUR;206;4.64000000;5000;EXCHANGE_LAST;;1;1;XEUR;72060192493142110;605;
19.03.2025;11:08:41.914;FESB SI 20250321 CS;SIMPLE_INSTRUMENT;BLOCK;EUR;206;197.09000000;5000;PRC_DECOMP_EXCHANGE;;;;XEUR;11359072;605;EXCHANGE
19.03.2025;11:08:41.914;FESB SI 20250620 CS;SIMPLE_INSTRUMENT;BLOCK;EUR;206;192.45000000;5000;PRC_DECOMP_EXCHANGE;;;;XEUR;11880665;605;EXCHANGE
19.03.2025;11:09:18.084;FESB.S.MAR25.JUN25.SPD;FUTURES_SPREAD;BLOCK;EUR;207;4.66000000;5000;EXCHANGE_LAST;;1;1;XEUR;72060192493142110;605;
19.03.2025;11:09:18.084;FESB SI 20250620 CS;SIMPLE_INSTRUMENT;BLOCK;EUR;207;192.40000000;5000;PRC_DECOMP_EXCHANGE;;;;XEUR;11880665;605;EXCHANGE
19.03.2025;11:09:18.084;FESB SI 20250321 CS;SIMPLE_INSTRUMENT;BLOCK;EUR;207;197.06000000;5000;PRC_DECOMP_EXCHANGE;;;;XEUR;11359072;605;EXCHANGE
19.03.2025;11:29:33.020;FESB SI 20250321 CS;SIMPLE_INSTRUMENT;BLOCK;EUR;216;197.20000000;3000;EXCHANGE_LAST;;1;1;XEUR;11359072;605;
19.03.2025;11:36:23.518;FESB SI 20250321 CS;SIMPLE_INSTRUMENT;BLOCK;EUR;217;196.85000000;4080;EXCHANGE_LAST;;1;1;XEUR;11359072;605;
19.03.2025;11:47:20.746;FESB.S.MAR25.JUN25.SPD;FUTURES_SPREAD;BLOCK;EUR;218;4.60000000;1650;EXCHANGE_LAST;;1;1;XEUR;72060192493142110;605;
19.03.2025;11:47:20.746;FESB SI 20250321 CS;SIMPLE_INSTRUMENT;BLOCK;EUR;218;197.15000000;1650;PRC_DECOMP_EXCHANGE;;;;XEUR;11359072;605;EXCHANGE
19.03.2025;11:47:20.746;FESB SI 20250620 CS;SIMPLE_INSTRUMENT;BLOCK;EUR;218;192.55000000;1650;PRC_DECOMP_EXCHANGE;;;;XEUR;11880665;605;EXCHANGE
19.03.2025;11:47:23.733;FESB.S.MAR25.JUN25.SPD;FUTURES_SPREAD;BLOCK;EUR;219;4.70000000;1650;EXCHANGE_LAST;;1;1;XEUR;72060192493142110;605;
19.03.2025;11:47:23.733;FESB SI 20250620 CS;SIMPLE_INSTRUMENT;BLOCK;EUR;219;192.55000000;1650;PRC_DECOMP_EXCHANGE;;;;XEUR;11880665;605;EXCHANGE
19.03.2025;11:47:23.733;FESB SI 20250321 CS;SIMPLE_INSTRUMENT;BLOCK;EUR;219;197.25000000;1650;PRC_DECOMP_EXCHANGE;;;;XEUR;11359072;605;EXCHANGE
19.03.2025;12:04:33.350;FESB.S.MAR25.JUN25.SPD;FUTURES_SPREAD;BLOCK;EUR;223;4.60000000;1650;EXCHANGE_LAST;;1;1;XEUR;72060192493142110;605;
19.03.2025;12:04:33.350;FESB SI 20250620 CS;SIMPLE_INSTRUMENT;BLOCK;EUR;223;192.10000000;1650;PRC_DECOMP_EXCHANGE;;;;XEUR;11880665;605;EXCHANGE
19.03.2025;12:04:33.350;FESB SI 20250321 CS;SIMPLE_INSTRUMENT;BLOCK;EUR;223;196.70000000;1650;PRC_DECOMP_EXCHANGE;;;;XEUR;11359072;605;EXCHANGE
19.03.2025;12:04:45.893;FESB.S.MAR25.JUN25.SPD;FUTURES_SPREAD;BLOCK;EUR;224;4.70000000;1650;EXCHANGE_LAST;;1;1;XEUR;72060192493142110;605;
19.03.2025;12:04:45.893;FESB SI 20250620 CS;SIMPLE_INSTRUMENT;BLOCK;EUR;224;192.10000000;1650;PRC_DECOMP_EXCHANGE;;;;XEUR;11880665;605;EXCHANGE
19.03.2025;12:04:45.893;FESB SI 20250321 CS;SIMPLE_INSTRUMENT;BLOCK;EUR;224;196.80000000;1650;PRC_DECOMP_EXCHANGE;;;;XEUR;11359072;605;EXCHANGE
19.03.2025;12:58:42.165;FESB SI 20250321 CS;SIMPLE_INSTRUMENT;BLOCK;EUR;226;196.50000000;5000;EXCHANGE_LAST;;1;1;XEUR;11359072;605;
19.03.2025;13:17:26.194;FESB.S.MAR25.JUN25.SPD;FUTURES_SPREAD;BLOCK;EUR;229;4.68000000;1875;EXCHANGE_LAST;;1;1;XEUR;72060192493142110;605;
19.03.2025;13:17:26.194;FESB SI 20250321 CS;SIMPLE_INSTRUMENT;BLOCK;EUR;229;195.88000000;1875;PRC_DECOMP_EXCHANGE;;;;XEUR;11359072;605;EXCHANGE
19.03.2025;13:17:26.194;FESB SI 20250620 CS;SIMPLE_INSTRUMENT;BLOCK;EUR;229;191.20000000;1875;PRC_DECOMP_EXCHANGE;;;;XEUR;11880665;605;EXCHANGE
19.03.2025;13:17:29.900;FESB.S.MAR25.JUN25.SPD;FUTURES_SPREAD;BLOCK;EUR;230;4.64000000;3126;EXCHANGE_LAST;;1;1;XEUR;72060192493142110;605;
19.03.2025;13:17:29.900;FESB SI 20250620 CS;SIMPLE_INSTRUMENT;BLOCK;EUR;230;191.25000000;3126;PRC_DECOMP_EXCHANGE;;;;XEUR;11880665;605;EXCHANGE
19.03.2025;13:17:29.900;FESB SI 20250321 CS;SIMPLE_INSTRUMENT;BLOCK;EUR;230;195.89000000;3126;PRC_DECOMP_EXCHANGE;;;;XEUR;11359072;605;EXCHANGE
19.03.2025;13:59:03.181;FESB.S.MAR25.JUN25.SPD;FUTURES_SPREAD;BLOCK;EUR;244;4.64000000;2500;EXCHANGE_LAST;;1;1;XEUR;72060192493142110;605;
19.03.2025;13:59:03.181;FESB SI 20250321 CS;SIMPLE_INSTRUMENT;BLOCK;EUR;244;196.29000000;2500;PRC_DECOMP_EXCHANGE;;;;XEUR;11359072;605;EXCHANGE
19.03.2025;13:59:03.181;FESB SI 20250620 CS;SIMPLE_INSTRUMENT;BLOCK;EUR;244;191.65000000;2500;PRC_DECOMP_EXCHANGE;;;;XEUR;11880665;605;EXCHANGE
19.03.2025;13:59:09.238;FESB.S.MAR25.JUN25.SPD;FUTURES_SPREAD;BLOCK;EUR;245;4.66000000;2500;EXCHANGE_LAST;;1;1;XEUR;72060192493142110;605;
19.03.2025;13:59:09.238;FESB SI 20250321 CS;SIMPLE_INSTRUMENT;BLOCK;EUR;245;196.31000000;2500;PRC_DECOMP_EXCHANGE;;;;XEUR;11359072;605;EXCHANGE
19.03.2025;13:59:09.238;FESB SI 20250620 CS;SIMPLE_INSTRUMENT;BLOCK;EUR;245;191.65000000;2500;PRC_DECOMP_EXCHANGE;;;;XEUR;11880665;605;EXCHANGE
19.03.2025;14:44:45.814;FESB SI 20250321 CS;SIMPLE_INSTRUMENT;BLOCK;EUR;253;196.50000000;9700;EXCHANGE_LAST;;1;2;XEUR;11359072;605;
19.03.2025;14:45:49.183;FESB SI 20250620 CS;SIMPLE_INSTRUMENT;BLOCK;EUR;254;191.90000000;4365;EXCHANGE_LAST;;2;1;XEUR;11880665;605;
19.03.2025;14:46:32.247;FESB SI 20250620 CS;SIMPLE_INSTRUMENT;BLOCK;EUR;255;191.80000000;5335;EXCHANGE_LAST;;2;1;XEUR;11880665;605;
19.03.2025;15:34:49.111;FESB SI 20250321 CS;SIMPLE_INSTRUMENT;BLOCK;EUR;263;196.80000000;10000;EXCHANGE_LAST;;1;1;XEUR;11359072;605;
19.03.2025;11:02:23.926;FESB SI 20250321 CS;SIMPLE_INSTRUMENT;VOLA;EUR;603979788;197.05000000;2000;EXCHANGE_LAST;;1;1;XEUR;11359072;605;
19.03.2025;11:03:42.387;FESB SI 20250321 CS;SIMPLE_INSTRUMENT;VOLA;EUR;603979789;197.00000000;8000;EXCHANGE_LAST;;1;1;XEUR;11359072;605;
19.03.2025;12:17:57.159;FESB SI 20250620 CS;SIMPLE_INSTRUMENT;VOLA;EUR;603979806;192.00000000;120;EXCHANGE_LAST;;1;1;XEUR;11880665;605;
19.03.2025;13:22:11.410;FESB SI 20250321 CS;SIMPLE_INSTRUMENT;VOLA;EUR;603979813;196.30000000;300;EXCHANGE_LAST;;1;1;XEUR;11359072;605;
19.03.2025;14:20:16.983;FESB SI 20250321 CS;SIMPLE_INSTRUMENT;VOLA;EUR;603979826;196.55000000;900;EXCHANGE_LAST;;1;1;XEUR;11359072;605;
19.03.2025;17:07:17.588;FESE SI 20250321 CS;SIMPLE_INSTRUMENT;EFP_IDX;EUR;125;375.40000000;85;EXCHANGE_LAST;;1;1;XEUR;11359705;685;
19.03.2025;17:07:39.500;FESE SI 20250321 CS;SIMPLE_INSTRUMENT;EFP_IDX;EUR;126;375.50000000;198;EXCHANGE_LAST;;1;1;XEUR;11359705;685;
19.03.2025;17:08:07.089;FESG SI 20250321 CS;SIMPLE_INSTRUMENT;EFP_IDX;EUR;174;1550.20000000;12;EXCHANGE_LAST;;1;1;XEUR;11359719;687;
19.03.2025;17:08:18.159;FESG SI 20250321 CS;SIMPLE_INSTRUMENT;EFP_IDX;EUR;175;1550.30000000;112;EXCHANGE_LAST;;1;1;XEUR;11359719;687;
19.03.2025;11:55:35.048;FESI SI 20250620 CS;SIMPLE_INSTRUMENT;BLOCK;EUR;13;490.10000000;540;EXCHANGE_LAST;;1;1;XEUR;11881223;681;
19.03.2025;16:59:20.820;FESI SI 20250321 CS;SIMPLE_INSTRUMENT;EFP_IDX;EUR;101;501.80000000;40;EXCHANGE_LAST;;1;1;XEUR;11359634;681;
19.03.2025;17:00:05.821;FESI SI 20250321 CS;SIMPLE_INSTRUMENT;EFP_IDX;EUR;106;501.90000000;160;EXCHANGE_LAST;;1;1;XEUR;11359634;681;
19.03.2025;17:22:41.561;FESI SI 20250321 CS;SIMPLE_INSTRUMENT;EFP_IDX;EUR;149;501.80000000;180;EXCHANGE_LAST;;1;1;XEUR;11359634;681;
19.03.2025;17:22:51.093;FESI SI 20250321 CS;SIMPLE_INSTRUMENT;EFP_IDX;EUR;150;501.90000000;270;EXCHANGE_LAST;;1;1;XEUR;11359634;681;
19.03.2025;17:24:00.288;FESI SI 20250321 CS;SIMPLE_INSTRUMENT;EFP_IDX;EUR;151;501.80000000;123;EXCHANGE_LAST;;1;1;XEUR;11359634;681;
19.03.2025;17:23:45.204;FESI SI 20250321 CS;SIMPLE_INSTRUMENT;EFP_IDX;EUR;152;501.90000000;185;EXCHANGE_LAST;;1;1;XEUR;11359634;681;
19.03.2025;17:26:37.354;FESL SI 20250321 CS;SIMPLE_INSTRUMENT;EFP_IDX;EUR;157;138.70000000;180;EXCHANGE_LAST;;1;1;XEUR;11359619;680;
19.03.2025;17:26:45.311;FESL SI 20250321 CS;SIMPLE_INSTRUMENT;EFP_IDX;EUR;158;138.80000000;220;EXCHANGE_LAST;;1;1;XEUR;11359619;680;
19.03.2025;17:31:55.436;FESL SI 20250321 CS;SIMPLE_INSTRUMENT;EFP_IDX;EUR;159;138.70000000;265;EXCHANGE_LAST;;1;1;XEUR;11359619;680;
19.03.2025;17:32:17.953;FESL SI 20250321 CS;SIMPLE_INSTRUMENT;EFP_IDX;EUR;160;138.80000000;323;EXCHANGE_LAST;;1;1;XEUR;11359619;680;
19.03.2025;17:07:53.021;FESU SI 20250321 CS;SIMPLE_INSTRUMENT;EFP_IDX;EUR;127;411.00000000;692;EXCHANGE_LAST;;1;1;XEUR;11359368;673;
19.03.2025;17:08:04.162;FESU SI 20250321 CS;SIMPLE_INSTRUMENT;EFP_IDX;EUR;128;411.10000000;1285;EXCHANGE_LAST;;1;1;XEUR;11359368;673;
19.03.2025;17:16:56.065;FESU SI 20250321 CS;SIMPLE_INSTRUMENT;EFP_IDX;EUR;141;411.00000000;53;EXCHANGE_LAST;;1;1;XEUR;11359368;673;
19.03.2025;17:15:29.278;FESU SI 20250321 CS;SIMPLE_INSTRUMENT;EFP_IDX;EUR;142;411.10000000;125;EXCHANGE_LAST;;1;1;XEUR;11359368;673;
19.03.2025;08:08:38.385;FESX.S.MAR25.JUN25.SPD;FUTURES_SPREAD;BLOCK;EUR;1;53.88000000;2837;EXCHANGE_LAST;;1;1;XEUR;72060493140861515;675;
19.03.2025;08:08:38.385;FESX SI 20250620 CS;SIMPLE_INSTRUMENT;BLOCK;EUR;1;5408.12000000;2837;PRC_DECOMP_MEMBER;;;;XEUR;7904020;675;MEMBER
19.03.2025;08:08:38.385;FESX SI 20250321 CS;SIMPLE_INSTRUMENT;BLOCK;EUR;1;5462.00000000;2837;PRC_DECOMP_MEMBER;;;;XEUR;7793482;675;MEMBER
19.03.2025;08:08:48.394;FESX.S.MAR25.JUN25.SPD;FUTURES_SPREAD;BLOCK;EUR;2;53.87000000;2837;EXCHANGE_LAST;;1;1;XEUR;72060493140861515;675;
19.03.2025;08:08:48.394;FESX SI 20250321 CS;SIMPLE_INSTRUMENT;BLOCK;EUR;2;5462.00000000;2837;PRC_DECOMP_MEMBER;;;;XEUR;7793482;675;MEMBER
19.03.2025;08:08:48.394;FESX SI 20250620 CS;SIMPLE_INSTRUMENT;BLOCK;EUR;2;5408.13000000;2837;PRC_DECOMP_MEMBER;;;;XEUR;7904020;675;MEMBER
19.03.2025;08:17:16.472;FESX.S.MAR25.JUN25.SPD;FUTURES_SPREAD;BLOCK;EUR;3;53.80000000;2000;EXCHANGE_LAST;;1;1;XEUR;72060493140861515;675;
19.03.2025;08:17:16.472;FESX SI 20250321 CS;SIMPLE_INSTRUMENT;BLOCK;EUR;3;5461.80000000;2000;PRC_DECOMP_EXCHANGE;;;;XEUR;7793482;675;EXCHANGE
19.03.2025;08:17:16.472;FESX SI 20250620 CS;SIMPLE_INSTRUMENT;BLOCK;EUR;3;5408.00000000;2000;PRC_DECOMP_EXCHANGE;;;;XEUR;7904020;675;EXCHANGE
19.03.2025;08:49:04.640;FESX SI 20250321 CS;SIMPLE_INSTRUMENT;BLOCK;EUR;4;5460.00000000;2200;EXCHANGE_LAST;;1;1;XEUR;7793482;675;
19.03.2025;08:48:57.703;FESX SI 20250620 CS;SIMPLE_INSTRUMENT;BLOCK;EUR;5;5406.00000000;2050;EXCHANGE_LAST;;1;1;XEUR;7904020;675;
19.03.2025;09:05:47.163;FESX SI 20250919 CS;SIMPLE_INSTRUMENT;BLOCK;EUR;6;5400.00000000;3750;EXCHANGE_LAST;;1;1;XEUR;8380551;675;
19.03.2025;09:42:23.071;FESX.S.MAR25.JUN25.SPD;FUTURES_SPREAD;BLOCK;EUR;7;54.00000000;10000;EXCHANGE_LAST;;1;1;XEUR;72060493140861515;675;
19.03.2025;09:42:23.071;FESX SI 20250321 CS;SIMPLE_INSTRUMENT;BLOCK;EUR;7;5489.00000000;10000;PRC_DECOMP_EXCHANGE;;;;XEUR;7793482;675;EXCHANGE
19.03.2025;09:42:23.071;FESX SI 20250620 CS;SIMPLE_INSTRUMENT;BLOCK;EUR;7;5435.00000000;10000;PRC_DECOMP_EXCHANGE;;;;XEUR;7904020;675;EXCHANGE
19.03.2025;09:57:25.739;FESX SI 20250321 CS;SIMPLE_INSTRUMENT;EFP_IDX;EUR;8;5477.00000000;1000;EXCHANGE_LAST;;1;1;XEUR;7793482;675;
19.03.2025;09:57:10.775;FESX SI 20250321 CS;SIMPLE_INSTRUMENT;EFP_IDX;EUR;9;5477.00000000;10000;EXCHANGE_LAST;;1;1;XEUR;7793482;675;
19.03.2025;10:04:01.596;FESX SI 20250321 CS;SIMPLE_INSTRUMENT;BLOCK;EUR;10;5475.00000000;2000;EXCHANGE_LAST;;1;1;XEUR;7793482;675;
19.03.2025;10:01:12.028;FESX SI 20250321 CS;SIMPLE_INSTRUMENT;EFP_IDX;EUR;11;5477.00000000;7000;EXCHANGE_LAST;;1;1;XEUR;7793482;675;
19.03.2025;10:16:43.630;FESX.S.MAR25.JUN25.SPD;FUTURES_SPREAD;BLOCK;EUR;12;53.87000000;2000;EXCHANGE_LAST;;1;1;XEUR;72060493140861515;675;
19.03.2025;10:16:43.630;FESX SI 20250321 CS;SIMPLE_INSTRUMENT;BLOCK;EUR;12;5499.00000000;2000;PRC_DECOMP_MEMBER;;;;XEUR;7793482;675;MEMBER
19.03.2025;10:16:43.630;FESX SI 20250620 CS;SIMPLE_INSTRUMENT;BLOCK;EUR;12;5445.13000000;2000;PRC_DECOMP_MEMBER;;;;XEUR;7904020;675;MEMBER
19.03.2025;10:16:20.577;FESX.S.MAR25.JUN25.SPD;FUTURES_SPREAD;BLOCK;EUR;13;53.88000000;2000;EXCHANGE_LAST;;1;1;XEUR;72060493140861515;675;
19.03.2025;10:16:20.577;FESX SI 20250321 CS;SIMPLE_INSTRUMENT;BLOCK;EUR;13;5499.00000000;2000;PRC_DECOMP_MEMBER;;;;XEUR;7793482;675;MEMBER
19.03.2025;10:16:20.577;FESX SI 20250620 CS;SIMPLE_INSTRUMENT;BLOCK;EUR;13;5445.12000000;2000;PRC_DECOMP_MEMBER;;;;XEUR;7904020;675;MEMBER
19.03.2025;10:15:15.799;FESX.S.MAR25.JUN25.SPD;FUTURES_SPREAD;BLOCK;EUR;14;53.80000000;5288;EXCHANGE_LAST;;1;1;XEUR;72060493140861515;675;
19.03.2025;10:15:15.799;FESX SI 20250321 CS;SIMPLE_INSTRUMENT;BLOCK;EUR;14;5501.80000000;5288;PRC_DECOMP_EXCHANGE;;;;XEUR;7793482;675;EXCHANGE
19.03.2025;10:15:15.799;FESX SI 20250620 CS;SIMPLE_INSTRUMENT;BLOCK;EUR;14;5448.00000000;5288;PRC_DECOMP_EXCHANGE;;;;XEUR;7904020;675;EXCHANGE
19.03.2025;10:20:20.514;FESX SI 20250321 CS;SIMPLE_INSTRUMENT;EFP_IDX;EUR;15;5475.00000000;1500;EXCHANGE_LAST;;1;1;XEUR;7793482;675;
19.03.2025;10:20:31.513;FESX SI 20250321 CS;SIMPLE_INSTRUMENT;BLOCK;EUR;16;5475.00000000;3500;EXCHANGE_LAST;;1;1;XEUR;7793482;675;
19.03.2025;10:20:42.857;FESX SI 20250321 CS;SIMPLE_INSTRUMENT;BLOCK;EUR;17;5475.00000000;3500;EXCHANGE_LAST;;1;1;XEUR;7793482;675;
19.03.2025;10:22:27.047;FESX SI 20250321 CS;SIMPLE_INSTRUMENT;EFP_IDX;EUR;18;5475.00000000;1500;EXCHANGE_LAST;;1;1;XEUR;7793482;675;
19.03.2025;10:22:35.906;FESX SI 20250321 CS;SIMPLE_INSTRUMENT;EFP_IDX;EUR;19;5475.00000000;1500;EXCHANGE_LAST;;1;1;XEUR;7793482;675;
19.03.2025;10:23:21.754;FESX SI 20250321 CS;SIMPLE_INSTRUMENT;BLOCK;EUR;20;5475.00000000;3500;EXCHANGE_LAST;;1;1;XEUR;7793482;675;
19.03.2025;10:23:32.158;FESX SI 20250321 CS;SIMPLE_INSTRUMENT;BLOCK;EUR;21;5475.00000000;3500;EXCHANGE_LAST;;1;1;XEUR;7793482;675;
19.03.2025;10:23:56.358;FESX SI 20250321 CS;SIMPLE_INSTRUMENT;BLOCK;EUR;22;5475.00000000;7500;EXCHANGE_LAST;;1;1;XEUR;7793482;675;
19.03.2025;11:05:03.689;FESX.S.MAR25.JUN25.SPD;FUTURES_SPREAD;BLOCK;EUR;25;54.00000000;2000;EXCHANGE_LAST;;1;1;XEUR;72060493140861515;675;
19.03.2025;11:05:03.689;FESX SI 20250620 CS;SIMPLE_INSTRUMENT;BLOCK;EUR;25;5440.00000000;2000;PRC_DECOMP_MEMBER;;;;XEUR;7904020;675;MEMBER
19.03.2025;11:05:03.689;FESX SI 20250321 CS;SIMPLE_INSTRUMENT;BLOCK;EUR;25;5494.00000000;2000;PRC_DECOMP_MEMBER;;;;XEUR;7793482;675;MEMBER
19.03.2025;11:24:22.657;FESX.S.MAR25.JUN25.SPD;FUTURES_SPREAD;BLOCK;EUR;28;53.88000000;2500;EXCHANGE_LAST;;1;1;XEUR;72060493140861515;675;
19.03.2025;11:24:22.657;FESX SI 20250620 CS;SIMPLE_INSTRUMENT;BLOCK;EUR;28;5438.12000000;2500;PRC_DECOMP_MEMBER;;;;XEUR;7904020;675;MEMBER
19.03.2025;11:24:22.657;FESX SI 20250321 CS;SIMPLE_INSTRUMENT;BLOCK;EUR;28;5492.00000000;2500;PRC_DECOMP_MEMBER;;;;XEUR;7793482;675;MEMBER
19.03.2025;11:24:32.000;FESX.S.MAR25.JUN25.SPD;FUTURES_SPREAD;BLOCK;EUR;29;53.87000000;2500;EXCHANGE_LAST;;1;1;XEUR;72060493140861515;675;
19.03.2025;11:24:32.000;FESX SI 20250620 CS;SIMPLE_INSTRUMENT;BLOCK;EUR;29;5438.13000000;2500;PRC_DECOMP_MEMBER;;;;XEUR;7904020;675;MEMBER
19.03.2025;11:24:32.000;FESX SI 20250321 CS;SIMPLE_INSTRUMENT;BLOCK;EUR;29;5492.00000000;2500;PRC_DECOMP_MEMBER;;;;XEUR;7793482;675;MEMBER
19.03.2025;12:14:46.980;FESX SI 20250321 CS;SIMPLE_INSTRUMENT;BLOCK;EUR;30;5488.00000000;3000;EXCHANGE_LAST;;1;1;XEUR;7793482;675;
19.03.2025;13:18:50.482;FESX SI 20250321 CS;SIMPLE_INSTRUMENT;EFP_IDX;EUR;31;5488.00000000;1000;EXCHANGE_LAST;;1;1;XEUR;7793482;675;
19.03.2025;13:25:27.126;FESX.S.MAR25.JUN25.SPD;FUTURES_SPREAD;BLOCK;EUR;32;53.75000000;4750;EXCHANGE_LAST;;1;1;XEUR;72060493140861515;675;
19.03.2025;13:25:27.126;FESX SI 20250620 CS;SIMPLE_INSTRUMENT;BLOCK;EUR;32;5427.00000000;4750;PRC_DECOMP_EXCHANGE;;;;XEUR;7904020;675;EXCHANGE
19.03.2025;13:25:27.126;FESX SI 20250321 CS;SIMPLE_INSTRUMENT;BLOCK;EUR;32;5480.75000000;4750;PRC_DECOMP_EXCHANGE;;;;XEUR;7793482;675;EXCHANGE
19.03.2025;13:37:13.392;FESX SI 20250321 CS;SIMPLE_INSTRUMENT;BLOCK;EUR;33;5488.00000000;3000;EXCHANGE_LAST;;1;1;XEUR;7793482;675;
19.03.2025;14:12:10.002;FESX.S.MAR25.JUN25.SPD;FUTURES_SPREAD;BLOCK;EUR;34;54.25000000;5826;EXCHANGE_LAST;;1;1;XEUR;72060493140861515;675;
19.03.2025;14:12:10.002;FESX SI 20250321 CS;SIMPLE_INSTRUMENT;BLOCK;EUR;34;5484.25000000;5826;PRC_DECOMP_EXCHANGE;;;;XEUR;7793482;675;EXCHANGE
19.03.2025;14:12:10.002;FESX SI 20250620 CS;SIMPLE_INSTRUMENT;BLOCK;EUR;34;5430.00000000;5826;PRC_DECOMP_EXCHANGE;;;;XEUR;7904020;675;EXCHANGE
19.03.2025;16:04:10.320;FESX.S.MAR25.JUN25.SPD;FUTURES_SPREAD;BLOCK;EUR;35;54.35000000;3000;EXCHANGE_LAST;;1;1;XEUR;72060493140861515;675;
19.03.2025;16:04:10.320;FESX SI 20250321 CS;SIMPLE_INSTRUMENT;BLOCK;EUR;35;5507.35000000;3000;PRC_DECOMP_EXCHANGE;;;;XEUR;7793482;675;EXCHANGE
19.03.2025;16:04:10.320;FESX SI 20250620 CS;SIMPLE_INSTRUMENT;BLOCK;EUR;35;5453.00000000;3000;PRC_DECOMP_EXCHANGE;;;;XEUR;7904020;675;EXCHANGE
19.03.2025;16:28:42.255;FESX.S.MAR25.JUN25.SPD;FUTURES_SPREAD;BLOCK;EUR;36;54.26000000;10920;EXCHANGE_LAST;;1;1;XEUR;72060493140861515;675;
19.03.2025;16:28:42.255;FESX SI 20250620 CS;SIMPLE_INSTRUMENT;BLOCK;EUR;36;5452.00000000;10920;PRC_DECOMP_EXCHANGE;;;;XEUR;7904020;675;EXCHANGE
19.03.2025;16:28:42.255;FESX SI 20250321 CS;SIMPLE_INSTRUMENT;BLOCK;EUR;36;5506.26000000;10920;PRC_DECOMP_EXCHANGE;;;;XEUR;7793482;675;EXCHANGE
19.03.2025;16:36:54.380;FESX.S.MAR25.JUN25.SPD;FUTURES_SPREAD;BLOCK;EUR;37;53.98000000;20853;EXCHANGE_LAST;;1;1;XEUR;72060493140861515;675;
19.03.2025;16:36:54.380;FESX SI 20250620 CS;SIMPLE_INSTRUMENT;BLOCK;EUR;37;5449.02000000;20853;PRC_DECOMP_MEMBER;;;;XEUR;7904020;675;MEMBER
19.03.2025;16:36:54.380;FESX SI 20250321 CS;SIMPLE_INSTRUMENT;BLOCK;EUR;37;5503.00000000;20853;PRC_DECOMP_MEMBER;;;;XEUR;7793482;675;MEMBER
19.03.2025;16:40:48.847;FESX SI 20250321 CS;SIMPLE_INSTRUMENT;EFP_IDX;EUR;38;5504.00000000;1600;EXCHANGE_LAST;;1;1;XEUR;7793482;675;
19.03.2025;16:41:38.787;FESX SI 20250321 CS;SIMPLE_INSTRUMENT;EFP_IDX;EUR;39;5505.00000000;900;EXCHANGE_LAST;;1;1;XEUR;7793482;675;
19.03.2025;16:52:12.861;FESX SI 20250321 CS;SIMPLE_INSTRUMENT;EFP_IDX;EUR;40;5504.00000000;115;EXCHANGE_LAST;;1;1;XEUR;7793482;675;
19.03.2025;16:52:29.601;FESX SI 20250321 CS;SIMPLE_INSTRUMENT;EFP_IDX;EUR;41;5505.00000000;35;EXCHANGE_LAST;;1;1;XEUR;7793482;675;
19.03.2025;16:52:43.131;FESX SI 20250321 CS;SIMPLE_INSTRUMENT;EFP_IDX;EUR;42;5504.00000000;382;EXCHANGE_LAST;;1;1;XEUR;7793482;675;
19.03.2025;16:49:24.310;FESX SI 20250620 CS;SIMPLE_INSTRUMENT;BLOCK;EUR;43;5450.00000000;4155;EXCHANGE_LAST;;1;1;XEUR;7904020;675;
19.03.2025;16:53:02.216;FESX SI 20250321 CS;SIMPLE_INSTRUMENT;EFP_IDX;EUR;44;5505.00000000;118;EXCHANGE_LAST;;1;1;XEUR;7793482;675;
19.03.2025;16:53:47.055;FESX SI 20250321 CS;SIMPLE_INSTRUMENT;EFP_IDX;EUR;45;5504.00000000;445;EXCHANGE_LAST;;1;1;XEUR;7793482;675;
19.03.2025;16:53:36.570;FESX SI 20250321 CS;SIMPLE_INSTRUMENT;EFP_IDX;EUR;46;5505.00000000;55;EXCHANGE_LAST;;1;1;XEUR;7793482;675;
19.03.2025;16:52:31.275;FESX SI 20250321 CS;SIMPLE_INSTRUMENT;EFP_IDX;EUR;47;5505.00000000;70;EXCHANGE_LAST;;1;1;XEUR;7793482;675;
19.03.2025;16:52:20.648;FESX SI 20250321 CS;SIMPLE_INSTRUMENT;EFP_IDX;EUR;48;5504.00000000;230;EXCHANGE_LAST;;1;1;XEUR;7793482;675;
19.03.2025;16:51:06.089;FESX SI 20250620 CS;SIMPLE_INSTRUMENT;EFP_IDX;EUR;49;5450.00000000;890;EXCHANGE_LAST;;1;1;XEUR;7904020;675;
19.03.2025;16:51:20.022;FESX SI 20250620 CS;SIMPLE_INSTRUMENT;EFP_IDX;EUR;50;5451.00000000;110;EXCHANGE_LAST;;1;1;XEUR;7904020;675;
19.03.2025;16:56:54.164;FESX SI 20250321 CS;SIMPLE_INSTRUMENT;EFP_IDX;EUR;51;5504.00000000;445;EXCHANGE_LAST;;1;1;XEUR;7793482;675;
19.03.2025;16:56:55.797;FESX SI 20250321 CS;SIMPLE_INSTRUMENT;EFP_IDX;EUR;52;5505.00000000;55;EXCHANGE_LAST;;1;1;XEUR;7793482;675;
19.03.2025;17:08:20.110;FESX SI 20250321 CS;SIMPLE_INSTRUMENT;EFP_IDX;EUR;53;5504.00000000;945;EXCHANGE_LAST;;1;1;XEUR;7793482;675;
19.03.2025;17:07:56.765;FESX SI 20250321 CS;SIMPLE_INSTRUMENT;EFP_IDX;EUR;54;5505.00000000;291;EXCHANGE_LAST;;1;1;XEUR;7793482;675;
19.03.2025;17:37:56.848;FESX SI 20250321 CS;SIMPLE_INSTRUMENT;EFP_IDX;EUR;55;5504.00000000;712;EXCHANGE_LAST;;1;1;XEUR;7793482;675;
19.03.2025;17:38:00.289;FESX SI 20250321 CS;SIMPLE_INSTRUMENT;EFP_IDX;EUR;56;5505.00000000;88;EXCHANGE_LAST;;1;1;XEUR;7793482;675;
19.03.2025;17:42:55.268;FESX SI 20250321 CS;SIMPLE_INSTRUMENT;EFP_IDX;EUR;57;5504.00000000;141;EXCHANGE_LAST;;1;1;XEUR;7793482;675;
19.03.2025;17:42:10.831;FESX SI 20250321 CS;SIMPLE_INSTRUMENT;EFP_IDX;EUR;58;5505.00000000;17;EXCHANGE_LAST;;1;1;XEUR;7793482;675;
19.03.2025;17:38:12.576;FESX SI 20250321 CS;SIMPLE_INSTRUMENT;EFP_IDX;EUR;59;5504.00000000;267;EXCHANGE_LAST;;1;1;XEUR;7793482;675;
19.03.2025;17:38:16.869;FESX SI 20250321 CS;SIMPLE_INSTRUMENT;EFP_IDX;EUR;60;5505.00000000;33;EXCHANGE_LAST;;1;1;XEUR;7793482;675;
19.03.2025;08:44:20.611;FESX SI 20250321 CS;SIMPLE_INSTRUMENT;VOLA;EUR;637534214;5460.00000000;335;EXCHANGE_LAST;;1;1;XEUR;7793482;675;
19.03.2025;09:39:56.591;FESX SI 20250620 CS;SIMPLE_INSTRUMENT;VOLA;EUR;637534235;5420.00000000;700;EXCHANGE_LAST;;1;1;XEUR;7904020;675;
19.03.2025;09:41:23.842;FESX SI 20250620 CS;SIMPLE_INSTRUMENT;VOLA;EUR;637534237;5420.00000000;486;EXCHANGE_LAST;;1;1;XEUR;7904020;675;
19.03.2025;09:46:12.405;FESX SI 20250620 CS;SIMPLE_INSTRUMENT;VOLA;EUR;637534239;5420.00000000;1000;EXCHANGE_LAST;;1;1;XEUR;7904020;675;
19.03.2025;09:46:21.488;FESX SI 20250620 CS;SIMPLE_INSTRUMENT;VOLA;EUR;637534240;5420.00000000;420;EXCHANGE_LAST;;1;1;XEUR;7904020;675;
19.03.2025;09:48:40.517;FESX SI 20250620 CS;SIMPLE_INSTRUMENT;VOLA;EUR;637534243;5428.00000000;399;EXCHANGE_LAST;;1;1;XEUR;7904020;675;
19.03.2025;11:08:32.630;FESX SI 20250620 CS;SIMPLE_INSTRUMENT;VOLA;EUR;637534276;5440.00000000;564;EXCHANGE_LAST;;1;1;XEUR;7904020;675;
19.03.2025;11:08:35.219;FESX SI 20250620 CS;SIMPLE_INSTRUMENT;VOLA;EUR;637534277;5440.00000000;800;EXCHANGE_LAST;;1;1;XEUR;7904020;675;
19.03.2025;11:08:37.612;FESX SI 20250620 CS;SIMPLE_INSTRUMENT;VOLA;EUR;637534278;5440.00000000;300;EXCHANGE_LAST;;1;1;XEUR;7904020;675;
19.03.2025;11:59:18.980;FESX SI 20250620 CS;SIMPLE_INSTRUMENT;VOLA;EUR;637534299;5420.00000000;975;EXCHANGE_LAST;;1;1;XEUR;7904020;675;
19.03.2025;12:37:29.422;FESX SI 20250620 CS;SIMPLE_INSTRUMENT;VOLA;EUR;637534308;5420.00000000;1000;EXCHANGE_LAST;;1;1;XEUR;7904020;675;
19.03.2025;13:13:34.492;FESX SI 20250620 CS;SIMPLE_INSTRUMENT;VOLA;EUR;637534315;5430.00000000;33;EXCHANGE_LAST;;1;1;XEUR;7904020;675;
19.03.2025;13:49:17.287;FESX SI 20250321 CS;SIMPLE_INSTRUMENT;VOLA;EUR;637534324;5484.00000000;15;EXCHANGE_LAST;;1;1;XEUR;7793482;675;
19.03.2025;14:33:03.293;FESX SI 20250620 CS;SIMPLE_INSTRUMENT;VOLA;EUR;637534337;5430.00000000;163;EXCHANGE_LAST;;1;1;XEUR;7904020;675;
19.03.2025;15:12:14.760;FESX SI 20250620 CS;SIMPLE_INSTRUMENT;VOLA;EUR;637534351;5440.00000000;560;EXCHANGE_LAST;;1;1;XEUR;7904020;675;
19.03.2025;17:04:48.725;FESX SI 20250620 CS;SIMPLE_INSTRUMENT;VOLA;EUR;637534396;5434.00000000;520;EXCHANGE_LAST;;1;1;XEUR;7904020;675;
19.03.2025;17:12:57.655;FESZ SI 20250321 CS;SIMPLE_INSTRUMENT;EFP_IDX;EUR;136;1357.40000000;45;EXCHANGE_LAST;;1;1;XEUR;11359744;700;
19.03.2025;17:13:11.556;FESZ SI 20250321 CS;SIMPLE_INSTRUMENT;EFP_IDX;EUR;137;1357.50000000;104;EXCHANGE_LAST;;1;1;XEUR;11359744;700;
19.03.2025;17:13:25.715;FESZ SI 20250321 CS;SIMPLE_INSTRUMENT;EFP_IDX;EUR;139;1357.40000000;18;EXCHANGE_LAST;;1;1;XEUR;11359744;700;
19.03.2025;17:13:38.878;FESZ SI 20250321 CS;SIMPLE_INSTRUMENT;EFP_IDX;EUR;140;1357.50000000;43;EXCHANGE_LAST;;1;1;XEUR;11359744;700;
19.03.2025;09:17:26.615;FEXD SI 20271217 CS;SIMPLE_INSTRUMENT;BLOCK;EUR;8;151.90000000;100;EXCHANGE_LAST;;1;1;XEUR;2848338;693;
19.03.2025;09:22:19.501;FEXD.S.DEC26.DEC27.SPD;FUTURES_SPREAD;BLOCK;EUR;9;6.30000000;100;EXCHANGE_LAST;;1;1;XEUR;72060570450264153;693;
19.03.2025;09:22:19.501;FEXD SI 20271217 CS;SIMPLE_INSTRUMENT;BLOCK;EUR;9;151.90000000;100;PRC_DECOMP_EXCHANGE;;;;XEUR;2848338;693;EXCHANGE
19.03.2025;09:22:19.501;FEXD SI 20261218 CS;SIMPLE_INSTRUMENT;BLOCK;EUR;9;158.20000000;100;PRC_DECOMP_EXCHANGE;;;;XEUR;2163053;693;EXCHANGE
19.03.2025;09:41:29.082;FEXD SI 20250620 CS;SIMPLE_INSTRUMENT;BLOCK;EUR;14;129.20000000;500;EXCHANGE_LAST;;1;1;XEUR;9548493;693;
19.03.2025;09:41:41.254;FEXD SI 20250620 CS;SIMPLE_INSTRUMENT;BLOCK;EUR;15;129.30000000;500;EXCHANGE_LAST;;1;1;XEUR;9548493;693;
19.03.2025;09:50:20.120;FEXD.S.JUN25.DEC25.SPD;FUTURES_SPREAD;BLOCK;EUR;18;-36.40000000;1000;EXCHANGE_LAST;;1;1;XEUR;72060570450264251;693;
19.03.2025;09:50:20.120;FEXD SI 20250620 CS;SIMPLE_INSTRUMENT;BLOCK;EUR;18;129.30000000;1000;PRC_DECOMP_MEMBER;;;;XEUR;9548493;693;MEMBER
19.03.2025;09:50:20.120;FEXD SI 20251219 CS;SIMPLE_INSTRUMENT;BLOCK;EUR;18;165.70000000;1000;PRC_DECOMP_MEMBER;;;;XEUR;1548120;693;MEMBER
19.03.2025;09:53:35.668;FEXD SI 20251219 CS;SIMPLE_INSTRUMENT;BLOCK;EUR;19;165.60000000;500;EXCHANGE_LAST;;1;1;XEUR;1548120;693;
19.03.2025;09:53:35.834;FEXD SI 20251219 CS;SIMPLE_INSTRUMENT;BLOCK;EUR;20;165.70000000;500;EXCHANGE_LAST;;1;1;XEUR;1548120;693;
19.03.2025;09:56:07.045;FEXD SI 20271217 CS;SIMPLE_INSTRUMENT;BLOCK;EUR;21;151.90000000;110;EXCHANGE_LAST;;1;1;XEUR;2848338;693;
19.03.2025;09:57:18.130;FEXD SI 20261218 CS;SIMPLE_INSTRUMENT;BLOCK;EUR;22;158.30000000;100;EXCHANGE_LAST;;1;1;XEUR;2163053;693;
19.03.2025;11:21:08.461;FEXD SI 20271217 CS;SIMPLE_INSTRUMENT;BLOCK;EUR;32;152.00000000;830;EXCHANGE_LAST;;1;1;XEUR;2848338;693;
19.03.2025;11:59:34.888;FEXD SI 20251219 CS;SIMPLE_INSTRUMENT;BLOCK;EUR;41;165.60000000;1391;EXCHANGE_LAST;;1;1;XEUR;1548120;693;
19.03.2025;12:47:34.082;FEXD SI 20261218 CS;SIMPLE_INSTRUMENT;BLOCK;EUR;53;158.30000000;1000;EXCHANGE_LAST;;2;1;XEUR;2163053;693;
19.03.2025;13:23:16.598;FEXD SI 20271217 CS;SIMPLE_INSTRUMENT;BLOCK;EUR;59;151.90000000;500;EXCHANGE_LAST;;1;1;XEUR;2848338;693;
19.03.2025;14:09:31.956;FEXD SI 20251219 CS;SIMPLE_INSTRUMENT;BLOCK;EUR;65;165.70000000;1000;EXCHANGE_LAST;;1;1;XEUR;1548120;693;
19.03.2025;15:12:32.373;FEXD.S.DEC27.DEC28.SPD;FUTURES_SPREAD;BLOCK;EUR;77;4.00000000;220;EXCHANGE_LAST;;1;1;XEUR;72060570450264162;693;
19.03.2025;15:12:32.373;FEXD SI 20271217 CS;SIMPLE_INSTRUMENT;BLOCK;EUR;77;152.00000000;220;PRC_DECOMP_MEMBER;;;;XEUR;2848338;693;MEMBER
19.03.2025;15:12:32.373;FEXD SI 20281215 CS;SIMPLE_INSTRUMENT;BLOCK;EUR;77;148.00000000;220;PRC_DECOMP_MEMBER;;;;XEUR;3680985;693;MEMBER
19.03.2025;16:26:42.513;FEXD.S.DEC26.DEC28.SPD;FUTURES_SPREAD;BLOCK;EUR;92;10.00000000;500;EXCHANGE_LAST;;1;1;XEUR;72060570450264161;693;
19.03.2025;16:26:42.513;FEXD SI 20261218 CS;SIMPLE_INSTRUMENT;BLOCK;EUR;92;158.40000000;500;PRC_DECOMP_EXCHANGE;;;;XEUR;2163053;693;EXCHANGE
19.03.2025;16:26:42.513;FEXD SI 20281215 CS;SIMPLE_INSTRUMENT;BLOCK;EUR;92;148.40000000;500;PRC_DECOMP_EXCHANGE;;;;XEUR;3680985;693;EXCHANGE
19.03.2025;16:26:51.514;FEXD.S.DEC26.DEC28.SPD;FUTURES_SPREAD;BLOCK;EUR;93;10.10000000;500;EXCHANGE_LAST;;1;1;XEUR;72060570450264161;693;
19.03.2025;16:26:51.514;FEXD SI 20261218 CS;SIMPLE_INSTRUMENT;BLOCK;EUR;93;158.40000000;500;PRC_DECOMP_EXCHANGE;;;;XEUR;2163053;693;EXCHANGE
19.03.2025;16:26:51.514;FEXD SI 20281215 CS;SIMPLE_INSTRUMENT;BLOCK;EUR;93;148.30000000;500;PRC_DECOMP_EXCHANGE;;;;XEUR;3680985;693;EXCHANGE
19.03.2025;16:42:56.316;FEXD SI 20271217 CS;SIMPLE_INSTRUMENT;BLOCK;EUR;95;152.10000000;350;EXCHANGE_LAST;;1;1;XEUR;2848338;693;
19.03.2025;16:32:37.704;FEXD SI 20261218 CS;SIMPLE_INSTRUMENT;VOLA;EUR;301989900;158.20000000;262;EXCHANGE_LAST;;1;1;XEUR;2163053;693;
19.03.2025;16:48:41.557;FEXD SI 20261218 CS;SIMPLE_INSTRUMENT;VOLA;EUR;301989902;158.20000000;98;EXCHANGE_LAST;;1;1;XEUR;2163053;693;
19.03.2025;07:41:34.816;FGBL SI 20250606 PS;SIMPLE_INSTRUMENT;EFS;EUR;3;128.24000000;1727;EXCHANGE_LAST;;1;1;XEUR;11820389;688;
19.03.2025;07:43:49.354;FGBL SI 20250606 PS;SIMPLE_INSTRUMENT;EFS;EUR;4;128.24000000;1727;EXCHANGE_LAST;;1;1;XEUR;11820389;688;
19.03.2025;07:50:04.547;FGBL SI 20250606 PS;SIMPLE_INSTRUMENT;EFS;EUR;5;128.48000000;431;EXCHANGE_LAST;;1;1;XEUR;11820389;688;
19.03.2025;07:50:09.552;FGBL SI 20250606 PS;SIMPLE_INSTRUMENT;EFS;EUR;6;128.48000000;431;EXCHANGE_LAST;;1;1;XEUR;11820389;688;
19.03.2025;07:51:04.597;FGBL SI 20250606 PS;SIMPLE_INSTRUMENT;EFS;EUR;7;128.42000000;216;EXCHANGE_LAST;;1;1;XEUR;11820389;688;
19.03.2025;07:51:09.603;FGBL SI 20250606 PS;SIMPLE_INSTRUMENT;EFS;EUR;8;128.42000000;216;EXCHANGE_LAST;;1;1;XEUR;11820389;688;
19.03.2025;07:56:27.149;FGBL SI 20250606 PS;SIMPLE_INSTRUMENT;EFS;EUR;9;128.46000000;431;EXCHANGE_LAST;;1;1;XEUR;11820389;688;
19.03.2025;07:53:34.701;FGBL SI 20250606 PS;SIMPLE_INSTRUMENT;EFS;EUR;10;128.43000000;431;EXCHANGE_LAST;;1;1;XEUR;11820389;688;
19.03.2025;07:54:10.735;FGBL SI 20250606 PS;SIMPLE_INSTRUMENT;EFS;EUR;11;128.44000000;431;EXCHANGE_LAST;;1;1;XEUR;11820389;688;
19.03.2025;07:56:23.478;FGBL SI 20250606 PS;SIMPLE_INSTRUMENT;EFS;EUR;12;128.48000000;227;EXCHANGE_LAST;;1;1;XEUR;11820389;688;
19.03.2025;07:56:40.847;FGBL SI 20250606 PS;SIMPLE_INSTRUMENT;EFS;EUR;13;128.47000000;216;EXCHANGE_LAST;;1;1;XEUR;11820389;688;
19.03.2025;07:57:10.870;FGBL SI 20250606 PS;SIMPLE_INSTRUMENT;EFS;EUR;14;128.47000000;216;EXCHANGE_LAST;;1;1;XEUR;11820389;688;
19.03.2025;07:57:25.883;FGBL SI 20250606 PS;SIMPLE_INSTRUMENT;EFS;EUR;15;128.47000000;431;EXCHANGE_LAST;;1;1;XEUR;11820389;688;
19.03.2025;07:58:50.953;FGBL SI 20250606 PS;SIMPLE_INSTRUMENT;EFS;EUR;16;128.44000000;431;EXCHANGE_LAST;;1;1;XEUR;11820389;688;
19.03.2025;07:59:55.370;FGBL SI 20250606 PS;SIMPLE_INSTRUMENT;EFS;EUR;17;128.39000000;751;EXCHANGE_LAST;;1;1;XEUR;11820389;688;
19.03.2025;08:02:31.608;FGBL SI 20250606 PS;SIMPLE_INSTRUMENT;EFS;EUR;18;128.40000000;501;EXCHANGE_LAST;;1;1;XEUR;11820389;688;
19.03.2025;08:13:15.490;FGBL SI 20250606 PS;SIMPLE_INSTRUMENT;EFS;EUR;19;128.35000000;101;EXCHANGE_LAST;;1;1;XEUR;11820389;688;
19.03.2025;08:14:48.041;FGBL SI 20250606 PS;SIMPLE_INSTRUMENT;EFS;EUR;20;128.35000000;2000;EXCHANGE_LAST;;1;1;XEUR;11820389;688;
19.03.2025;08:16:47.362;FGBL SI 20250606 PS;SIMPLE_INSTRUMENT;EFS;EUR;21;128.35000000;2000;EXCHANGE_LAST;;1;1;XEUR;11820389;688;
19.03.2025;08:27:18.149;FGBL SI 20250606 PS;SIMPLE_INSTRUMENT;EFS;EUR;22;128.32000000;431;EXCHANGE_LAST;;1;1;XEUR;11820389;688;
19.03.2025;08:28:05.500;FGBL SI 20250606 PS;SIMPLE_INSTRUMENT;EFS;EUR;23;128.36000000;751;EXCHANGE_LAST;;1;1;XEUR;11820389;688;
19.03.2025;08:28:34.209;FGBL SI 20250606 PS;SIMPLE_INSTRUMENT;EFS;EUR;24;128.35000000;431;EXCHANGE_LAST;;1;1;XEUR;11820389;688;
19.03.2025;08:31:18.337;FGBL SI 20250606 PS;SIMPLE_INSTRUMENT;EFS;EUR;25;128.30000000;432;EXCHANGE_LAST;;1;1;XEUR;11820389;688;
19.03.2025;08:32:18.378;FGBL SI 20250606 PS;SIMPLE_INSTRUMENT;EFS;EUR;26;128.29000000;432;EXCHANGE_LAST;;1;1;XEUR;11820389;688;
19.03.2025;08:32:24.283;FGBL SI 20250606 PS;SIMPLE_INSTRUMENT;EFS;EUR;27;128.30000000;251;EXCHANGE_LAST;;1;1;XEUR;11820389;688;
19.03.2025;08:34:57.082;FGBL SI 20250606 PS;SIMPLE_INSTRUMENT;EFP_FIN;EUR;28;128.29000000;414;EXCHANGE_LAST;;1;1;XEUR;11820389;688;
19.03.2025;08:40:28.736;FGBL SI 20250606 PS;SIMPLE_INSTRUMENT;EFP_FIN;EUR;29;128.30000000;246;EXCHANGE_LAST;;1;1;XEUR;11820389;688;
19.03.2025;08:39:27.273;FGBL SI 20250606 PS;SIMPLE_INSTRUMENT;EFS;EUR;30;128.28000000;431;EXCHANGE_LAST;;1;1;XEUR;11820389;688;
19.03.2025;08:42:52.214;FGBL SI 20250606 PS;SIMPLE_INSTRUMENT;EFS;EUR;32;128.28000000;322;EXCHANGE_LAST;;1;1;XEUR;11820389;688;
19.03.2025;08:52:00.666;FGBL SI 20250606 PS;SIMPLE_INSTRUMENT;EFS;EUR;33;128.29000000;431;EXCHANGE_LAST;;1;1;XEUR;11820389;688;
19.03.2025;08:48:42.267;FGBL SI 20250606 PS;SIMPLE_INSTRUMENT;EFP_FIN;EUR;34;128.30000000;253;EXCHANGE_LAST;;1;1;XEUR;11820389;688;
19.03.2025;08:48:54.669;FGBL SI 20250606 PS;SIMPLE_INSTRUMENT;EFP_FIN;EUR;35;128.30000000;414;EXCHANGE_LAST;;1;1;XEUR;11820389;688;
19.03.2025;09:03:09.109;FGBL SI 20250606 PS;SIMPLE_INSTRUMENT;EFP_FIN;EUR;36;128.27000000;492;EXCHANGE_LAST;;1;1;XEUR;11820389;688;
19.03.2025;09:10:43.027;FGBL SI 20250606 PS;SIMPLE_INSTRUMENT;EFS;EUR;37;128.16000000;216;EXCHANGE_LAST;;1;1;XEUR;11820389;688;
19.03.2025;09:13:48.157;FGBL SI 20250606 PS;SIMPLE_INSTRUMENT;EFS;EUR;38;128.16000000;216;EXCHANGE_LAST;;1;1;XEUR;11820389;688;
19.03.2025;09:13:58.164;FGBL SI 20250606 PS;SIMPLE_INSTRUMENT;EFS;EUR;39;128.17000000;432;EXCHANGE_LAST;;1;1;XEUR;11820389;688;
19.03.2025;09:16:08.266;FGBL SI 20250606 PS;SIMPLE_INSTRUMENT;EFS;EUR;40;128.17000000;432;EXCHANGE_LAST;;1;1;XEUR;11820389;688;
19.03.2025;09:18:28.523;FGBL SI 20250606 PS;SIMPLE_INSTRUMENT;EFS;EUR;41;128.15000000;648;EXCHANGE_LAST;;1;1;XEUR;11820389;688;
19.03.2025;09:19:04.479;FGBL SI 20250606 PS;SIMPLE_INSTRUMENT;EFS;EUR;42;128.15000000;216;EXCHANGE_LAST;;1;1;XEUR;11820389;688;
19.03.2025;09:27:23.185;FGBL SI 20250606 PS;SIMPLE_INSTRUMENT;EFP_FIN;EUR;43;128.22000000;671;EXCHANGE_LAST;;1;1;XEUR;11820389;688;
19.03.2025;09:28:50.734;FGBL SI 20250606 PS;SIMPLE_INSTRUMENT;EFP_FIN;EUR;44;128.25000000;264;EXCHANGE_LAST;;1;1;XEUR;11820389;688;
19.03.2025;09:29:23.622;FGBL SI 20250606 PS;SIMPLE_INSTRUMENT;EFP_FIN;EUR;45;128.25000000;150;EXCHANGE_LAST;;1;1;XEUR;11820389;688;
19.03.2025;09:30:10.127;FGBL SI 20250606 PS;SIMPLE_INSTRUMENT;EFS;EUR;46;128.21000000;1144;EXCHANGE_LAST;;1;1;XEUR;11820389;688;
19.03.2025;09:31:35.862;FGBL SI 20250606 PS;SIMPLE_INSTRUMENT;EFS;EUR;47;128.23000000;863;EXCHANGE_LAST;;1;1;XEUR;11820389;688;
19.03.2025;09:39:42.037;FGBL SI 20250606 PS;SIMPLE_INSTRUMENT;EFP_FIN;EUR;48;128.19000000;819;EXCHANGE_LAST;;1;1;XEUR;11820389;688;
19.03.2025;09:40:38.464;FGBL SI 20250606 PS;SIMPLE_INSTRUMENT;EFP_FIN;EUR;49;128.18000000;193;EXCHANGE_LAST;;1;1;XEUR;11820389;688;
19.03.2025;09:43:15.407;FGBL SI 20250606 PS;SIMPLE_INSTRUMENT;EFS;EUR;50;128.17000000;432;EXCHANGE_LAST;;1;1;XEUR;11820389;688;
19.03.2025;09:49:50.373;FGBL SI 20250606 PS;SIMPLE_INSTRUMENT;EFS;EUR;51;128.24000000;476;EXCHANGE_LAST;;1;1;XEUR;11820389;688;
19.03.2025;09:50:55.774;FGBL SI 20250606 PS;SIMPLE_INSTRUMENT;EFS;EUR;52;128.26000000;432;EXCHANGE_LAST;;1;1;XEUR;11820389;688;
19.03.2025;09:53:34.268;FGBL SI 20250606 PS;SIMPLE_INSTRUMENT;EFS;EUR;53;128.28000000;501;EXCHANGE_LAST;;1;1;XEUR;11820389;688;
19.03.2025;10:01:18.258;FGBL SI 20250606 PS;SIMPLE_INSTRUMENT;EFS;EUR;54;128.23000000;216;EXCHANGE_LAST;;1;1;XEUR;11820389;688;
19.03.2025;10:04:14.093;FGBL SI 20250606 PS;SIMPLE_INSTRUMENT;EFS;EUR;55;128.28000000;501;EXCHANGE_LAST;;1;1;XEUR;11820389;688;
19.03.2025;10:04:44.337;FGBL SI 20250606 PS;SIMPLE_INSTRUMENT;EFS;EUR;56;128.21000000;1405;EXCHANGE_LAST;;1;1;XEUR;11820389;688;
19.03.2025;10:06:53.364;FGBL SI 20250606 PS;SIMPLE_INSTRUMENT;EFS;EUR;57;128.19000000;432;EXCHANGE_LAST;;1;1;XEUR;11820389;688;
19.03.2025;10:19:56.290;FGBL SI 20250606 PS;SIMPLE_INSTRUMENT;EFP_FIN;EUR;58;128.26000000;61;EXCHANGE_LAST;;1;1;XEUR;11820389;688;
19.03.2025;10:08:01.408;FGBL SI 20250606 PS;SIMPLE_INSTRUMENT;EFS;EUR;59;128.20000000;216;EXCHANGE_LAST;;1;1;XEUR;11820389;688;
19.03.2025;10:09:08.452;FGBL SI 20250606 PS;SIMPLE_INSTRUMENT;EFS;EUR;60;128.22000000;432;EXCHANGE_LAST;;1;1;XEUR;11820389;688;
19.03.2025;10:09:43.482;FGBL SI 20250606 PS;SIMPLE_INSTRUMENT;EFS;EUR;61;128.22000000;216;EXCHANGE_LAST;;1;1;XEUR;11820389;688;
19.03.2025;10:10:02.154;FGBL SI 20250606 PS;SIMPLE_INSTRUMENT;EFS;EUR;62;128.23000000;431;EXCHANGE_LAST;;1;1;XEUR;11820389;688;
19.03.2025;10:18:05.191;FGBL SI 20250606 PS;SIMPLE_INSTRUMENT;EFS;EUR;63;128.22000000;2007;EXCHANGE_LAST;;1;1;XEUR;11820389;688;
19.03.2025;10:26:29.729;FGBL SI 20250606 PS;SIMPLE_INSTRUMENT;EFP_FIN;EUR;64;128.24000000;232;EXCHANGE_LAST;;1;1;XEUR;11820389;688;
19.03.2025;10:32:22.652;FGBL SI 20250606 PS;SIMPLE_INSTRUMENT;EFP_FIN;EUR;65;128.24000000;122;EXCHANGE_LAST;;1;1;XEUR;11820389;688;
19.03.2025;10:35:46.743;FGBL SI 20250606 PS;SIMPLE_INSTRUMENT;EFP_FIN;EUR;66;128.19000000;1196;EXCHANGE_LAST;;1;1;XEUR;11820389;688;
19.03.2025;10:37:27.016;FGBL SI 20250606 PS;SIMPLE_INSTRUMENT;EFP_FIN;EUR;67;128.25000000;418;EXCHANGE_LAST;;1;1;XEUR;11820389;688;
19.03.2025;10:37:52.816;FGBL SI 20250606 PS;SIMPLE_INSTRUMENT;EFP_FIN;EUR;68;128.19000000;331;EXCHANGE_LAST;;1;1;XEUR;11820389;688;
19.03.2025;10:38:43.059;FGBL SI 20250606 PS;SIMPLE_INSTRUMENT;EFS;EUR;69;128.25000000;507;EXCHANGE_LAST;;1;1;XEUR;11820389;688;
19.03.2025;10:39:41.951;FGBL SI 20250606 PS;SIMPLE_INSTRUMENT;EFS;EUR;70;128.25000000;203;EXCHANGE_LAST;;1;1;XEUR;11820389;688;
19.03.2025;10:40:16.301;FGBL SI 20250606 PS;SIMPLE_INSTRUMENT;EFS;EUR;71;128.24000000;938;EXCHANGE_LAST;;1;1;XEUR;11820389;688;
19.03.2025;10:44:45.374;FGBL SI 20250606 PS;SIMPLE_INSTRUMENT;EFS;EUR;72;128.29000000;739;EXCHANGE_LAST;;1;1;XEUR;11820389;688;
19.03.2025;10:44:58.185;FGBL SI 20250606 PS;SIMPLE_INSTRUMENT;EFP_FIN;EUR;73;128.25000000;224;EXCHANGE_LAST;;1;1;XEUR;11820389;688;
19.03.2025;10:48:06.064;FGBL SI 20250606 PS;SIMPLE_INSTRUMENT;EFS;EUR;74;128.23000000;1229;EXCHANGE_LAST;;1;1;XEUR;11820389;688;
19.03.2025;10:48:54.016;FGBL SI 20250606 PS;SIMPLE_INSTRUMENT;EFS;EUR;75;128.26000000;251;EXCHANGE_LAST;;1;1;XEUR;11820389;688;
19.03.2025;10:55:36.511;FGBL SI 20250606 PS;SIMPLE_INSTRUMENT;EFS;EUR;76;128.26000000;148;EXCHANGE_LAST;;1;1;XEUR;11820389;688;
19.03.2025;11:04:11.968;FGBL SI 20250606 PS;SIMPLE_INSTRUMENT;EFS;EUR;77;128.29000000;1016;EXCHANGE_LAST;;1;1;XEUR;11820389;688;
19.03.2025;11:08:39.976;FGBL SI 20250606 PS;SIMPLE_INSTRUMENT;EFP_FIN;EUR;78;128.26000000;142;EXCHANGE_LAST;;1;1;XEUR;11820389;688;
19.03.2025;11:14:29.173;FGBL SI 20250606 PS;SIMPLE_INSTRUMENT;EFS;EUR;79;128.13000000;500;EXCHANGE_LAST;;1;1;XEUR;11820389;688;
19.03.2025;11:19:19.371;FGBL SI 20250606 PS;SIMPLE_INSTRUMENT;EFS;EUR;80;128.14000000;500;EXCHANGE_LAST;;1;1;XEUR;11820389;688;
19.03.2025;11:20:23.364;FGBL SI 20250606 PS;SIMPLE_INSTRUMENT;EFS;EUR;81;128.12000000;216;EXCHANGE_LAST;;1;1;XEUR;11820389;688;
19.03.2025;11:24:48.332;FGBL SI 20250606 PS;SIMPLE_INSTRUMENT;EFP_FIN;EUR;82;128.19000000;199;EXCHANGE_LAST;;1;1;XEUR;11820389;688;
19.03.2025;11:29:52.667;FGBL SI 20250606 PS;SIMPLE_INSTRUMENT;EFS;EUR;83;128.14000000;16;EXCHANGE_LAST;;1;1;XEUR;11820389;688;
19.03.2025;11:33:46.412;FGBL SI 20250606 PS;SIMPLE_INSTRUMENT;EFS;EUR;84;128.14000000;2580;EXCHANGE_LAST;;1;1;XEUR;11820389;688;
19.03.2025;11:33:32.808;FGBL SI 20250606 PS;SIMPLE_INSTRUMENT;EFP_FIN;EUR;85;128.19000000;75;EXCHANGE_LAST;;1;1;XEUR;11820389;688;
19.03.2025;11:42:02.172;FGBL SI 20250606 PS;SIMPLE_INSTRUMENT;EFP_FIN;EUR;86;128.19000000;80;EXCHANGE_LAST;;1;1;XEUR;11820389;688;
19.03.2025;11:47:02.979;FGBL SI 20250606 PS;SIMPLE_INSTRUMENT;EFS;EUR;87;128.05000000;432;EXCHANGE_LAST;;1;1;XEUR;11820389;688;
19.03.2025;11:52:56.966;FGBL SI 20250606 PS;SIMPLE_INSTRUMENT;EFS;EUR;88;128.07000000;250;EXCHANGE_LAST;;1;1;XEUR;11820389;688;
19.03.2025;11:55:46.698;FGBL SI 20250606 PS;SIMPLE_INSTRUMENT;EFP_FIN;EUR;89;128.08000000;224;EXCHANGE_LAST;;1;1;XEUR;11820389;688;
19.03.2025;12:00:51.995;FGBL SI 20250606 PS;SIMPLE_INSTRUMENT;EFS;EUR;90;128.07000000;432;EXCHANGE_LAST;;1;1;XEUR;11820389;688;
19.03.2025;12:02:27.896;FGBL SI 20250606 PS;SIMPLE_INSTRUMENT;EFS;EUR;91;128.07000000;432;EXCHANGE_LAST;;1;1;XEUR;11820389;688;
19.03.2025;12:09:24.619;FGBL SI 20250606 PS;SIMPLE_INSTRUMENT;EFP_FIN;EUR;92;128.14000000;154;EXCHANGE_LAST;;1;1;XEUR;11820389;688;
19.03.2025;12:10:21.456;FGBL SI 20250606 PS;SIMPLE_INSTRUMENT;EFP_FIN;EUR;93;128.09000000;84;EXCHANGE_LAST;;1;1;XEUR;11820389;688;
19.03.2025;12:15:01.447;FGBL SI 20250606 PS;SIMPLE_INSTRUMENT;EFS;EUR;94;128.07000000;388;EXCHANGE_LAST;;1;1;XEUR;11820389;688;
19.03.2025;12:15:23.477;FGBL SI 20250606 PS;SIMPLE_INSTRUMENT;EFS;EUR;95;128.06000000;388;EXCHANGE_LAST;;1;1;XEUR;11820389;688;
19.03.2025;12:16:20.146;FGBL SI 20250606 PS;SIMPLE_INSTRUMENT;EFS;EUR;96;128.07000000;432;EXCHANGE_LAST;;1;1;XEUR;11820389;688;
19.03.2025;12:17:20.191;FGBL SI 20250606 PS;SIMPLE_INSTRUMENT;EFS;EUR;97;128.06000000;216;EXCHANGE_LAST;;1;1;XEUR;11820389;688;
19.03.2025;12:20:20.337;FGBL SI 20250606 PS;SIMPLE_INSTRUMENT;EFS;EUR;98;128.06000000;432;EXCHANGE_LAST;;1;1;XEUR;11820389;688;
19.03.2025;12:20:30.347;FGBL SI 20250606 PS;SIMPLE_INSTRUMENT;EFS;EUR;99;128.06000000;432;EXCHANGE_LAST;;1;1;XEUR;11820389;688;
19.03.2025;12:20:35.352;FGBL SI 20250606 PS;SIMPLE_INSTRUMENT;EFS;EUR;100;128.06000000;216;EXCHANGE_LAST;;1;1;XEUR;11820389;688;
19.03.2025;12:22:49.248;FGBL SI 20250606 PS;SIMPLE_INSTRUMENT;EFS;EUR;101;128.07000000;388;EXCHANGE_LAST;;1;1;XEUR;11820389;688;
19.03.2025;12:25:20.546;FGBL SI 20250606 PS;SIMPLE_INSTRUMENT;EFS;EUR;102;128.11000000;432;EXCHANGE_LAST;;1;1;XEUR;11820389;688;
19.03.2025;12:25:30.556;FGBL SI 20250606 PS;SIMPLE_INSTRUMENT;EFS;EUR;103;128.11000000;432;EXCHANGE_LAST;;1;1;XEUR;11820389;688;
19.03.2025;12:27:50.656;FGBL SI 20250606 PS;SIMPLE_INSTRUMENT;EFS;EUR;104;128.13000000;432;EXCHANGE_LAST;;1;1;XEUR;11820389;688;
19.03.2025;12:29:30.072;FGBL SI 20250606 PS;SIMPLE_INSTRUMENT;EFS;EUR;105;128.07000000;464;EXCHANGE_LAST;;1;1;XEUR;11820389;688;
19.03.2025;12:29:51.073;FGBL SI 20250606 PS;SIMPLE_INSTRUMENT;EFS;EUR;106;128.07000000;490;EXCHANGE_LAST;;1;1;XEUR;11820389;688;
19.03.2025;12:34:46.265;FGBL SI 20250606 PS;SIMPLE_INSTRUMENT;EFS;EUR;107;128.17000000;186;EXCHANGE_LAST;;1;1;XEUR;11820389;688;
19.03.2025;12:35:27.015;FGBL SI 20250606 PS;SIMPLE_INSTRUMENT;EFS;EUR;108;128.19000000;432;EXCHANGE_LAST;;1;1;XEUR;11820389;688;
19.03.2025;12:37:29.568;FGBL SI 20250606 PS;SIMPLE_INSTRUMENT;EFP_FIN;EUR;109;128.36000000;1865;EXCHANGE_LAST;;1;1;XEUR;11820389;688;
19.03.2025;12:39:51.235;FGBL SI 20250606 PS;SIMPLE_INSTRUMENT;EFS;EUR;110;128.19000000;200;EXCHANGE_LAST;;1;1;XEUR;11820389;688;
19.03.2025;12:40:30.882;FGBL SI 20250606 PS;SIMPLE_INSTRUMENT;EFS;EUR;111;128.18000000;432;EXCHANGE_LAST;;1;1;XEUR;11820389;688;
19.03.2025;12:44:21.584;FGBL SI 20250606 PS;SIMPLE_INSTRUMENT;EFP_FIN;EUR;112;128.17000000;706;EXCHANGE_LAST;;1;1;XEUR;11820389;688;
19.03.2025;12:49:10.130;FGBL SI 20250606 PS;SIMPLE_INSTRUMENT;EFS;EUR;113;128.17000000;91;EXCHANGE_LAST;;1;1;XEUR;11820389;688;
19.03.2025;12:53:18.928;FGBL SI 20250606 PS;SIMPLE_INSTRUMENT;EFP_FIN;EUR;114;128.18000000;75;EXCHANGE_LAST;;1;1;XEUR;11820389;688;
19.03.2025;12:53:51.181;FGBL SI 20250606 PS;SIMPLE_INSTRUMENT;EFS;EUR;115;128.18000000;194;EXCHANGE_LAST;;1;1;XEUR;11820389;688;
19.03.2025;12:56:05.823;FGBL SI 20250606 PS;SIMPLE_INSTRUMENT;EFP_FIN;EUR;116;128.18000000;910;EXCHANGE_LAST;;1;1;XEUR;11820389;688;
19.03.2025;13:12:45.856;FGBL SI 20250606 PS;SIMPLE_INSTRUMENT;EFS;EUR;117;128.19000000;753;EXCHANGE_LAST;;1;1;XEUR;11820389;688;
19.03.2025;13:18:14.656;FGBL SI 20250606 PS;SIMPLE_INSTRUMENT;EFP_FIN;EUR;118;128.19000000;1260;EXCHANGE_LAST;;1;1;XEUR;11820389;688;
19.03.2025;13:20:14.393;FGBL SI 20250606 PS;SIMPLE_INSTRUMENT;EFP_FIN;EUR;119;128.14000000;344;EXCHANGE_LAST;;1;1;XEUR;11820389;688;
19.03.2025;13:51:10.269;FGBL SI 20250606 PS;SIMPLE_INSTRUMENT;EFS;EUR;120;128.01000000;750;EXCHANGE_LAST;;1;1;XEUR;11820389;688;
19.03.2025;14:03:09.611;FGBL SI 20250606 PS;SIMPLE_INSTRUMENT;EFS;EUR;121;127.96000000;216;EXCHANGE_LAST;;1;1;XEUR;11820389;688;
19.03.2025;14:03:47.481;FGBL SI 20250606 PS;SIMPLE_INSTRUMENT;EFS;EUR;122;127.96000000;432;EXCHANGE_LAST;;1;1;XEUR;11820389;688;
19.03.2025;14:07:05.183;FGBL SI 20250606 PS;SIMPLE_INSTRUMENT;EFS;EUR;123;127.95000000;432;EXCHANGE_LAST;;1;1;XEUR;11820389;688;
19.03.2025;14:10:27.902;FGBL SI 20250606 PS;SIMPLE_INSTRUMENT;EFS;EUR;124;127.95000000;432;EXCHANGE_LAST;;1;1;XEUR;11820389;688;
19.03.2025;14:15:26.101;FGBL SI 20250606 PS;SIMPLE_INSTRUMENT;EFS;EUR;125;127.97000000;458;EXCHANGE_LAST;;1;1;XEUR;11820389;688;
19.03.2025;14:17:28.831;FGBL SI 20250606 PS;SIMPLE_INSTRUMENT;EFP_FIN;EUR;126;127.95000000;240;EXCHANGE_LAST;;1;1;XEUR;11820389;688;
19.03.2025;14:21:49.463;FGBL SI 20250606 PS;SIMPLE_INSTRUMENT;EFS;EUR;127;128.00000000;216;EXCHANGE_LAST;;1;1;XEUR;11820389;688;
19.03.2025;14:23:22.434;FGBL SI 20250606 PS;SIMPLE_INSTRUMENT;EFS;EUR;128;128.01000000;432;EXCHANGE_LAST;;1;1;XEUR;11820389;688;
19.03.2025;14:23:42.451;FGBL SI 20250606 PS;SIMPLE_INSTRUMENT;EFS;EUR;129;128.01000000;432;EXCHANGE_LAST;;1;1;XEUR;11820389;688;
19.03.2025;14:24:06.532;FGBL SI 20250606 PS;SIMPLE_INSTRUMENT;EFS;EUR;130;128.00000000;318;EXCHANGE_LAST;;1;1;XEUR;11820389;688;
19.03.2025;14:25:36.831;FGBL SI 20250606 PS;SIMPLE_INSTRUMENT;EFS;EUR;131;128.00000000;216;EXCHANGE_LAST;;1;1;XEUR;11820389;688;
19.03.2025;14:26:40.005;FGBL SI 20250606 PS;SIMPLE_INSTRUMENT;EFP_FIN;EUR;132;128.02000000;230;EXCHANGE_LAST;;1;1;XEUR;11820389;688;
19.03.2025;14:30:45.225;FGBL SI 20250606 PS;SIMPLE_INSTRUMENT;EFS;EUR;133;128.01000000;923;EXCHANGE_LAST;;1;1;XEUR;11820389;688;
19.03.2025;14:31:33.062;FGBL SI 20250606 PS;SIMPLE_INSTRUMENT;EFS;EUR;134;127.99000000;250;EXCHANGE_LAST;;1;1;XEUR;11820389;688;
19.03.2025;14:33:37.830;FGBL SI 20250606 PS;SIMPLE_INSTRUMENT;EFS;EUR;135;127.99000000;182;EXCHANGE_LAST;;1;1;XEUR;11820389;688;
19.03.2025;14:34:56.036;FGBL SI 20250606 PS;SIMPLE_INSTRUMENT;EFS;EUR;136;128.00000000;231;EXCHANGE_LAST;;1;1;XEUR;11820389;688;
19.03.2025;14:37:00.585;FGBL SI 20250606 PS;SIMPLE_INSTRUMENT;EFS;EUR;137;128.03000000;259;EXCHANGE_LAST;;1;1;XEUR;11820389;688;
19.03.2025;14:37:13.213;FGBL SI 20250606 PS;SIMPLE_INSTRUMENT;EFS;EUR;138;128.01000000;150;EXCHANGE_LAST;;1;1;XEUR;11820389;688;
19.03.2025;14:38:28.397;FGBL SI 20250606 PS;SIMPLE_INSTRUMENT;EFS;EUR;139;127.99000000;471;EXCHANGE_LAST;;1;1;XEUR;11820389;688;
19.03.2025;14:40:07.431;FGBL SI 20250606 PS;SIMPLE_INSTRUMENT;EFP_FIN;EUR;140;128.01000000;408;EXCHANGE_LAST;;1;1;XEUR;11820389;688;
19.03.2025;14:41:51.921;FGBL SI 20250606 PS;SIMPLE_INSTRUMENT;EFP_FIN;EUR;141;128.01000000;163;EXCHANGE_LAST;;1;1;XEUR;11820389;688;
19.03.2025;14:49:03.130;FGBL SI 20250606 PS;SIMPLE_INSTRUMENT;EFS;EUR;142;127.98000000;1006;EXCHANGE_LAST;;1;1;XEUR;11820389;688;
19.03.2025;14:53:34.683;FGBL SI 20250606 PS;SIMPLE_INSTRUMENT;EFS;EUR;143;128.08000000;432;EXCHANGE_LAST;;1;1;XEUR;11820389;688;
19.03.2025;14:57:23.968;FGBL SI 20250606 PS;SIMPLE_INSTRUMENT;EFS;EUR;144;128.08000000;452;EXCHANGE_LAST;;1;1;XEUR;11820389;688;
19.03.2025;15:00:00.029;FGBL SI 20250606 PS;SIMPLE_INSTRUMENT;EFS;EUR;145;128.14000000;432;EXCHANGE_LAST;;1;1;XEUR;11820389;688;
19.03.2025;15:03:57.954;FGBL SI 20250606 PS;SIMPLE_INSTRUMENT;EFP_FIN;EUR;146;128.13000000;226;EXCHANGE_LAST;;1;1;XEUR;11820389;688;
19.03.2025;15:04:32.358;FGBL SI 20250606 PS;SIMPLE_INSTRUMENT;EFP_FIN;EUR;147;128.10000000;295;EXCHANGE_LAST;;1;1;XEUR;11820389;688;
19.03.2025;15:10:05.572;FGBL SI 20250606 PS;SIMPLE_INSTRUMENT;EFS;EUR;148;128.14000000;923;EXCHANGE_LAST;;1;1;XEUR;11820389;688;
19.03.2025;15:10:54.991;FGBL SI 20250606 PS;SIMPLE_INSTRUMENT;EFP_FIN;EUR;149;128.01000000;414;EXCHANGE_LAST;;1;1;XEUR;11820389;688;
19.03.2025;15:13:45.561;FGBL SI 20250606 PS;SIMPLE_INSTRUMENT;EFP_FIN;EUR;150;128.01000000;1229;EXCHANGE_LAST;;1;1;XEUR;11820389;688;
19.03.2025;15:18:02.769;FGBL SI 20250606 PS;SIMPLE_INSTRUMENT;EFS;EUR;151;128.05000000;432;EXCHANGE_LAST;;1;1;XEUR;11820389;688;
19.03.2025;15:20:23.258;FGBL SI 20250606 PS;SIMPLE_INSTRUMENT;EFS;EUR;152;128.07000000;201;EXCHANGE_LAST;;1;1;XEUR;11820389;688;
19.03.2025;15:23:45.887;FGBL SI 20250606 PS;SIMPLE_INSTRUMENT;EFP_FIN;EUR;153;128.09000000;190;EXCHANGE_LAST;;1;1;XEUR;11820389;688;
19.03.2025;15:24:14.704;FGBL SI 20250606 PS;SIMPLE_INSTRUMENT;EFP_FIN;EUR;154;128.09000000;240;EXCHANGE_LAST;;1;1;XEUR;11820389;688;
19.03.2025;15:26:07.804;FGBL SI 20250606 PS;SIMPLE_INSTRUMENT;EFP_FIN;EUR;155;128.04000000;197;EXCHANGE_LAST;;1;1;XEUR;11820389;688;
19.03.2025;15:28:37.793;FGBL SI 20250606 PS;SIMPLE_INSTRUMENT;EFP_FIN;EUR;156;128.06000000;1587;EXCHANGE_LAST;;1;1;XEUR;11820389;688;
19.03.2025;15:32:18.876;FGBL SI 20250606 PS;SIMPLE_INSTRUMENT;EFS;EUR;157;128.06000000;432;EXCHANGE_LAST;;1;1;XEUR;11820389;688;
19.03.2025;15:33:36.112;FGBL SI 20250606 PS;SIMPLE_INSTRUMENT;EFS;EUR;158;128.06000000;216;EXCHANGE_LAST;;1;1;XEUR;11820389;688;
19.03.2025;15:37:02.522;FGBL SI 20250606 PS;SIMPLE_INSTRUMENT;EFP_FIN;EUR;159;128.04000000;84;EXCHANGE_LAST;;1;1;XEUR;11820389;688;
19.03.2025;15:42:54.839;FGBL SI 20250606 PS;SIMPLE_INSTRUMENT;EFS;EUR;160;128.03000000;432;EXCHANGE_LAST;;1;1;XEUR;11820389;688;
19.03.2025;15:42:54.884;FGBL SI 20250606 PS;SIMPLE_INSTRUMENT;EFS;EUR;161;128.04000000;432;EXCHANGE_LAST;;1;1;XEUR;11820389;688;
