#Date;TrdTime;Contract;ContractType;TrdTyp;Currency;TesId;Prc;Qty;TrdInd;Aggressor;Buy;Sell;Exch;InstrumentId;RelatedProdId;PrcDecomp
27.02.2025;10:04:00.053;2FE.O.250227.STG.000001;STANDARD_OPTION_STRATEGY;BLOCK;EUR;5;44.35000000;150;EXCHANGE_LAST;;1;1;XEUR;72302961224584374;57129;
27.02.2025;10:04:00.053;2FE SI 20250619 PS AM P 440.00 0;SIMPLE_INSTRUMENT;BLOCK;EUR;5;22.99600000;150;PRC_DECOMP_EXCHANGE;;;;XEUR;11340339;57129;EXCHANGE
27.02.2025;10:04:00.053;2FE SI 20250619 PS AM C 460.00 0;SIMPLE_INSTRUMENT;BLOCK;EUR;5;21.35400000;150;PRC_DECOMP_EXCHANGE;;;;XEUR;12751359;57129;EXCHANGE
27.02.2025;10:18:53.312;A2LV SI 20251219 CS;SIMPLE_INSTRUMENT;BLOCK;EUR;6;15.50000000;50;EXCHANGE_LAST;;2;1;XEUR;3681050;12;
27.02.2025;11:17:47.085;A2LV SI 20251219 CS;SIMPLE_INSTRUMENT;BLOCK;EUR;31;15.55000000;130;EXCHANGE_LAST;;2;2;XEUR;3681050;12;
27.02.2025;11:38:18.831;A2LV SI 20251219 CS;SIMPLE_INSTRUMENT;BLOCK;EUR;43;15.55000000;50;EXCHANGE_LAST;;1;1;XEUR;3681050;12;
27.02.2025;12:48:50.089;A2LV SI 20261218 CS;SIMPLE_INSTRUMENT;BLOCK;EUR;56;16.25000000;40;EXCHANGE_LAST;;1;1;XEUR;4632085;12;
27.02.2025;14:34:11.544;A2LV SI 20251219 CS;SIMPLE_INSTRUMENT;BLOCK;EUR;76;15.50000000;210;EXCHANGE_LAST;;2;2;XEUR;3681050;12;
27.02.2025;10:43:20.277;A2XA SI 20251219 CS;SIMPLE_INSTRUMENT;BLOCK;EUR;13;2.22000000;375;EXCHANGE_LAST;;1;1;XEUR;3681055;17;
27.02.2025;10:36:39.246;A2XA SI 20251219 CS;SIMPLE_INSTRUMENT;BLOCK;EUR;15;2.22000000;1000;EXCHANGE_LAST;;2;1;XEUR;3681055;17;
27.02.2025;11:06:13.409;A2XA SI 20251219 CS;SIMPLE_INSTRUMENT;BLOCK;EUR;24;2.22000000;200;EXCHANGE_LAST;;1;1;XEUR;3681055;17;
27.02.2025;11:20:14.746;A2XA SI 20251219 CS;SIMPLE_INSTRUMENT;BLOCK;EUR;32;2.20000000;250;EXCHANGE_LAST;;1;1;XEUR;3681055;17;
27.02.2025;15:19:34.331;A2XA SI 20251219 CS;SIMPLE_INSTRUMENT;BLOCK;EUR;81;2.20000000;900;EXCHANGE_LAST;;2;3;XEUR;3681055;17;
27.02.2025;16:15:46.628;A2XA SI 20261218 CS;SIMPLE_INSTRUMENT;BLOCK;EUR;92;2.35000000;500;EXCHANGE_LAST;;1;1;XEUR;4632093;17;
27.02.2025;16:29:30.217;A2XA SI 20261218 CS;SIMPLE_INSTRUMENT;BLOCK;EUR;99;2.40000000;500;EXCHANGE_LAST;;1;1;XEUR;4632093;17;
27.02.2025;17:03:29.620;A2XA SI 20261218 CS;SIMPLE_INSTRUMENT;BLOCK;EUR;104;2.27000000;550;EXCHANGE_LAST;;1;1;XEUR;4632093;17;
27.02.2025;17:22:14.713;A2XA SI 20261218 CS;SIMPLE_INSTRUMENT;BLOCK;EUR;106;2.27000000;450;EXCHANGE_LAST;;1;1;XEUR;4632093;17;
27.02.2025;11:25:34.399;ABBN SI 20250919 PS AM P 55.00 0;SIMPLE_INSTRUMENT;BLOCK;CHF;13;7.30000000;1500;EXCHANGE_LAST;;1;1;XEUR;12393047;574517;
27.02.2025;12:59:27.887;ABBN FI 20250326 CS EU C 52.0800 0;FLEXIBLE_INSTRUMENT;BLOCK;CHF;31;0.40000000;1400;EXCHANGE_LAST;;1;1;XEUR;1155389036332854034;574517;
27.02.2025;08:30:20.192;ADEN SI 20250620 PS AM P 24.00 0;SIMPLE_INSTRUMENT;BLOCK;CHF;1;1.52000000;4500;EXCHANGE_LAST;;1;1;XEUR;7897564;44;
27.02.2025;08:51:34.931;ADY.O.250227.STG.000002;STANDARD_OPTION_STRATEGY;BLOCK;EUR;1;387.80000000;250;EXCHANGE_LAST;;1;1;XEUR;72385364467126440;76315;
27.02.2025;08:51:34.931;ADY SI 20251219 PS AM P 1840.00 0;SIMPLE_INSTRUMENT;BLOCK;EUR;1;287.87000000;250;PRC_DECOMP_EXCHANGE;;;;XEUR;10679890;76315;EXCHANGE
27.02.2025;08:51:34.931;ADY SI 20251219 PS AM C 2080.00 0;SIMPLE_INSTRUMENT;BLOCK;EUR;1;99.93000000;250;PRC_DECOMP_EXCHANGE;;;;XEUR;10806029;76315;EXCHANGE
27.02.2025;10:07:50.780;ADY.O.250227.STG.000003;STANDARD_OPTION_STRATEGY;BLOCK;EUR;6;187.50000000;316;EXCHANGE_LAST;;1;1;XEUR;72385364467126441;76315;
27.02.2025;10:07:50.780;ADY SI 20250620 PS AM P 1760.00 0;SIMPLE_INSTRUMENT;BLOCK;EUR;6;149.15000000;316;PRC_DECOMP_EXCHANGE;;;;XEUR;9582603;76315;EXCHANGE
27.02.2025;10:07:50.780;ADY SI 20250620 PS AM C 2000.00 0;SIMPLE_INSTRUMENT;BLOCK;EUR;6;38.35000000;316;PRC_DECOMP_EXCHANGE;;;;XEUR;9748534;76315;EXCHANGE
27.02.2025;17:04:55.729;AFX SI 20250620 PS AM P 46.00 0;SIMPLE_INSTRUMENT;BLOCK;EUR;7;1.10000000;756;EXCHANGE_LAST;;1;1;XEUR;11348392;56;
27.02.2025;17:04:56.696;AFX SI 20250620 PS AM C 76.00 0;SIMPLE_INSTRUMENT;BLOCK;EUR;8;0.70000000;756;EXCHANGE_LAST;;1;1;XEUR;7897691;56;
27.02.2025;17:04:59.282;AFX SI 20250620 PS AM C 60.00 0;SIMPLE_INSTRUMENT;BLOCK;EUR;9;4.96000000;756;EXCHANGE_LAST;;1;1;XEUR;8108863;56;
27.02.2025;10:05:52.677;AIR.O.250227.STG.000001;STANDARD_OPTION_STRATEGY;BLOCK;EUR;7;9.85000000;300;EXCHANGE_LAST;;1;1;XEUR;72057868915849838;64;
27.02.2025;10:05:52.677;AIR SI 20250620 PS AM P 170.00 0;SIMPLE_INSTRUMENT;BLOCK;EUR;7;5.07000000;300;PRC_DECOMP_EXCHANGE;;;;XEUR;11348796;64;EXCHANGE
27.02.2025;10:05:52.677;AIR SI 20250620 PS AM C 180.00 0;SIMPLE_INSTRUMENT;BLOCK;EUR;7;4.78000000;300;PRC_DECOMP_EXCHANGE;;;;XEUR;11290287;64;EXCHANGE
27.02.2025;15:29:14.730;AIR SI 20250321 PS AM C 180.00 0;SIMPLE_INSTRUMENT;BLOCK;EUR;31;0.95000000;300;EXCHANGE_LAST;;1;1;XEUR;11291022;64;
27.02.2025;09:18:17.798;AKU SI 20250321 PS AM C 62.00 0;SIMPLE_INSTRUMENT;BLOCK;EUR;2;0.85000000;603;EXCHANGE_LAST;;1;1;XEUR;12431646;78;
27.02.2025;10:01:58.257;ALC SI 20250620 PS AM C 88.00 0;SIMPLE_INSTRUMENT;BLOCK;CHF;4;1.96000000;600;EXCHANGE_LAST;;1;1;XEUR;11329047;130134;
27.02.2025;10:02:00.643;ALC SI 20250620 PS AM P 82.00 0;SIMPLE_INSTRUMENT;BLOCK;CHF;5;3.29000000;600;EXCHANGE_LAST;;1;1;XEUR;11274326;130134;
27.02.2025;09:34:38.208;ALV.O.250227.STG.000002;STANDARD_OPTION_STRATEGY;BLOCK;EUR;3;22.68000000;300;EXCHANGE_LAST;;1;1;XEUR;72057911865569486;74;
27.02.2025;09:34:38.208;ALV SI 20250919 PS AM P 310.00 0;SIMPLE_INSTRUMENT;BLOCK;EUR;3;11.69000000;300;PRC_DECOMP_EXCHANGE;;;;XEUR;12333949;74;EXCHANGE
27.02.2025;09:34:38.208;ALV SI 20250919 PS AM C 340.00 0;SIMPLE_INSTRUMENT;BLOCK;EUR;3;10.99000000;300;PRC_DECOMP_EXCHANGE;;;;XEUR;11871544;74;EXCHANGE
27.02.2025;12:05:05.546;AMS SI 20250620 PS AM C 11.00 0;SIMPLE_INSTRUMENT;BLOCK;CHF;21;1.01000000;500;EXCHANGE_LAST;;1;1;XEUR;11997759;10807;
27.02.2025;08:41:30.648;AXA.N.250227.000002;NON_STANDARD_OPTION_STRATEGY;BLOCK;EUR;2;4.48000000;1000;EXCHANGE_LAST;;1;1;XEUR;72058139498795338;127;
27.02.2025;08:41:30.648;AXA SI 20251219 PS AM P 34.00 0;SIMPLE_INSTRUMENT;BLOCK;EUR;2;1.83000000;4000;PRC_DECOMP_EXCHANGE;;;;XEUR;11960008;127;EXCHANGE
27.02.2025;08:41:30.648;AXA SI 20260619 PS AM C 34.00 0;SIMPLE_INSTRUMENT;BLOCK;EUR;2;4.34000000;7000;PRC_DECOMP_EXCHANGE;;;;XEUR;12748971;127;EXCHANGE
27.02.2025;08:41:30.648;AXA SI 20260619 PS AM P 34.00 0;SIMPLE_INSTRUMENT;BLOCK;EUR;2;2.98000000;7000;PRC_DECOMP_EXCHANGE;;;;XEUR;12748950;127;EXCHANGE
27.02.2025;08:41:30.648;AXA SI 20251219 PS AM P 34.00 0;SIMPLE_INSTRUMENT;BLOCK;EUR;2;1.84000000;4000;PRC_DECOMP_EXCHANGE;;;;XEUR;11960008;127;EXCHANGE
27.02.2025;08:41:30.648;AXA SI 20251219 PS AM C 34.00 0;SIMPLE_INSTRUMENT;BLOCK;EUR;2;4.01000000;8000;PRC_DECOMP_EXCHANGE;;;;XEUR;11960007;127;EXCHANGE
27.02.2025;12:33:35.971;AXA SI 20251219 PS AM P 34.00 0;SIMPLE_INSTRUMENT;BLOCK;EUR;20;1.79000000;2000;EXCHANGE_LAST;;1;1;XEUR;11960008;127;
27.02.2025;10:58:54.738;AXAG SI 20250321 CS;SIMPLE_INSTRUMENT;BLOCK;EUR;19;37.86300000;7000;EXCHANGE_LAST;;1;1;XEUR;10693637;125;
27.02.2025;12:46:09.044;AXAG SI 20250321 CS;SIMPLE_INSTRUMENT;BLOCK;EUR;54;37.86300000;1000;EXCHANGE_LAST;;1;1;XEUR;10693637;125;
27.02.2025;13:31:03.175;AXAG SI 20250321 CS;SIMPLE_INSTRUMENT;BLOCK;EUR;63;37.63300000;6500;EXCHANGE_LAST;;1;1;XEUR;10693637;125;
27.02.2025;14:30:55.632;BARN SI 20251219 PS AM P 1000.00 0;SIMPLE_INSTRUMENT;BLOCK;CHF;56;58.50000000;400;EXCHANGE_LAST;;1;1;XEUR;12433097;149;
27.02.2025;09:14:53.025;BAS SI 20250620 PS AM P 46.00 0;SIMPLE_INSTRUMENT;BLOCK;EUR;2;2.36000000;2000;EXCHANGE_LAST;;1;1;XEUR;9516114;150;
27.02.2025;12:17:31.339;BAS.O.250227.PBUT.000006;STANDARD_OPTION_STRATEGY;BLOCK;EUR;5;0.55000000;2000;EXCHANGE_LAST;;1;2;XEUR;72058238283092138;150;
27.02.2025;12:17:31.339;BAS SI 20250417 PS AM P 45.00 0;SIMPLE_INSTRUMENT;BLOCK;EUR;5;0.72000000;4000;PRC_DECOMP_EXCHANGE;;;;XEUR;12615319;150;EXCHANGE
27.02.2025;12:17:31.339;BAS SI 20250417 PS AM P 48.00 0;SIMPLE_INSTRUMENT;BLOCK;EUR;5;1.70000000;2000;PRC_DECOMP_EXCHANGE;;;;XEUR;12615306;150;EXCHANGE
27.02.2025;12:17:31.339;BAS SI 20250417 PS AM P 42.00 0;SIMPLE_INSTRUMENT;BLOCK;EUR;5;0.29000000;2000;PRC_DECOMP_EXCHANGE;;;;XEUR;12615373;150;EXCHANGE
27.02.2025;12:36:49.496;BAS SI 20250417 PS AM C 52.00 0;SIMPLE_INSTRUMENT;BLOCK;EUR;7;1.18000000;1000;EXCHANGE_LAST;;1;1;XEUR;12693218;150;
27.02.2025;13:24:20.781;BAS.O.250227.RBER.000010;STANDARD_OPTION_STRATEGY;BLOCK;EUR;9;-0.52000000;2500;EXCHANGE_LAST;;1;1;XEUR;72058238283092142;150;
27.02.2025;13:24:20.781;BAS SI 20250321 PS AM P 48.00 0;SIMPLE_INSTRUMENT;BLOCK;EUR;9;1.28000000;2500;PRC_DECOMP_MEMBER;;;;XEUR;10831041;150;MEMBER
27.02.2025;13:24:20.781;BAS SI 20250321 PS AM P 45.00 0;SIMPLE_INSTRUMENT;BLOCK;EUR;9;0.38000000;5000;PRC_DECOMP_MEMBER;;;;XEUR;12433204;150;MEMBER
27.02.2025;14:09:23.397;BAS SI 20261218 PS AM P 40.00 0;SIMPLE_INSTRUMENT;BLOCK;EUR;10;3.28000000;500;EXCHANGE_LAST;;1;1;XEUR;7467515;150;
27.02.2025;15:03:54.606;BAS SI 20250321 PS AM P 46.00 0;SIMPLE_INSTRUMENT;BLOCK;EUR;11;0.64000000;3000;EXCHANGE_LAST;;1;1;XEUR;10831044;150;
27.02.2025;11:06:22.667;BASG SI 20250321 CS;SIMPLE_INSTRUMENT;BLOCK;EUR;20;49.33250000;10000;EXCHANGE_LAST;;1;1;XEUR;10694474;171;
27.02.2025;08:36:46.881;BAY SI 20251219 PS AM C 32.00 0;SIMPLE_INSTRUMENT;BLOCK;EUR;1;0.96000000;5000;EXCHANGE_LAST;;1;1;XEUR;6068399;168;
27.02.2025;10:59:11.407;BAY.O.250227.BLT.000016;STANDARD_OPTION_STRATEGY;BLOCK;EUR;3;2.12000000;1500;EXCHANGE_LAST;;2;1;XEUR;72058315592508859;168;
27.02.2025;10:59:11.407;BAY SI 20250321 PS AM C 23.00 0;SIMPLE_INSTRUMENT;BLOCK;EUR;3;1.01000000;1500;PRC_DECOMP_EXCHANGE;;;;XEUR;11234147;168;EXCHANGE
27.02.2025;10:59:11.407;BAY SI 20251219 PS AM C 23.00 0;SIMPLE_INSTRUMENT;BLOCK;EUR;3;3.13000000;1500;PRC_DECOMP_EXCHANGE;;;;XEUR;12224667;168;EXCHANGE
27.02.2025;13:08:26.958;BAY SI 20250919 PS AM C 27.50 0;SIMPLE_INSTRUMENT;BLOCK;EUR;8;1.17000000;1000;EXCHANGE_LAST;;1;1;XEUR;12224638;168;
27.02.2025;11:30:08.516;BAYG SI 20250321 CS;SIMPLE_INSTRUMENT;BLOCK;EUR;39;22.78750000;12500;EXCHANGE_LAST;;1;1;XEUR;10723979;76034;
27.02.2025;11:42:41.294;BMW FI 20250620 PS EU P 90.0000 0;FLEXIBLE_INSTRUMENT;BLOCK;EUR;10;10.67000000;1000;EXCHANGE_LAST;;1;1;XEUR;1152922406549995223;210;
27.02.2025;11:43:07.983;BMW FI 20250620 PS EU C 95.0000 0;FLEXIBLE_INSTRUMENT;BLOCK;EUR;11;1.83000000;1000;EXCHANGE_LAST;;1;1;XEUR;1152922406549995224;210;
27.02.2025;11:45:32.149;BMWE SI 20250417 PS EU P 94.00 0;SIMPLE_INSTRUMENT;BLOCK;EUR;14;10.10000000;1000;EXCHANGE_LAST;;1;1;XEUR;12795264;211;
27.02.2025;09:40:24.815;BNP SI 20250919 PS AM P 46.00 0;SIMPLE_INSTRUMENT;BLOCK;EUR;6;0.45000000;1500;EXCHANGE_LAST;;1;1;XEUR;11875151;237;
27.02.2025;11:55:44.019;BNP SI 20251219 PS AM P 40.00 0;SIMPLE_INSTRUMENT;BLOCK;EUR;16;0.56000000;1000;EXCHANGE_LAST;;1;1;XEUR;5923358;237;
27.02.2025;14:32:30.906;BNP SI 20250919 PS AM P 74.00 0;SIMPLE_INSTRUMENT;BLOCK;EUR;28;7.23000000;1000;EXCHANGE_LAST;;1;1;XEUR;12761992;237;
27.02.2025;11:02:33.829;BNPH SI 20250321 CS;SIMPLE_INSTRUMENT;BLOCK;EUR;18;72.82000000;10000;EXCHANGE_LAST;;2;1;XEUR;10695531;236;
27.02.2025;12:46:01.106;BPV SI 20250918 PS AM P 8.00 0;SIMPLE_INSTRUMENT;BLOCK;EUR;21;0.38000000;4000;EXCHANGE_LAST;;1;3;XEUR;11862996;251;
27.02.2025;14:09:01.102;BSN SI 20260619 PS AM P 56.00 0;SIMPLE_INSTRUMENT;BLOCK;EUR;26;1.61000000;600;EXCHANGE_LAST;;1;1;XEUR;9541551;241;
27.02.2025;16:37:54.239;CBK SI 20251219 PS AM P 17.00 0;SIMPLE_INSTRUMENT;BLOCK;EUR;8;0.96000000;8500;EXCHANGE_LAST;;3;1;XEUR;11088010;268;
27.02.2025;10:06:56.046;CFR SI 20251219 PS AM C 190.00 0;SIMPLE_INSTRUMENT;BLOCK;CHF;6;14.93000000;300;EXCHANGE_LAST;;1;1;XEUR;12437090;313;
27.02.2025;10:48:25.042;CFR SI 20250620 PS AM P 110.00 0;SIMPLE_INSTRUMENT;BLOCK;CHF;10;0.48000000;1200;EXCHANGE_LAST;;1;2;XEUR;11354574;313;
27.02.2025;12:33:40.821;CFR SI 20250321 PS AM C 190.00 0;SIMPLE_INSTRUMENT;BLOCK;CHF;25;1.80000000;1000;EXCHANGE_LAST;;2;1;XEUR;10834928;313;
27.02.2025;14:38:48.671;CFRE.O.250227.COMBO.000003;STANDARD_OPTION_STRATEGY;BLOCK;CHF;54;-7.95000000;2000;EXCHANGE_LAST;;1;2;XEUR;72728162986892654;156129;
27.02.2025;14:38:48.671;CFRE SI 20251219 PS EU C 190.00 0;SIMPLE_INSTRUMENT;BLOCK;CHF;54;14.64000000;2000;PRC_DECOMP_EXCHANGE;;;;XEUR;12478848;156129;EXCHANGE
27.02.2025;14:38:48.671;CFRE SI 20251219 PS EU P 150.00 0;SIMPLE_INSTRUMENT;BLOCK;CHF;54;6.69000000;2000;PRC_DECOMP_EXCHANGE;;;;XEUR;12478297;156129;EXCHANGE
27.02.2025;15:50:50.700;CLN.O.250227.STD.000002;STANDARD_OPTION_STRATEGY;BLOCK;CHF;69;1.99000000;1800;EXCHANGE_LAST;;1;1;XEUR;72058865348265384;296;
27.02.2025;15:50:50.700;CLN SI 20251219 PS AM C 11.00 0;SIMPLE_INSTRUMENT;BLOCK;CHF;69;0.67000000;1800;PRC_DECOMP_EXCHANGE;;;;XEUR;10619815;296;EXCHANGE
27.02.2025;15:50:50.700;CLN SI 20251219 PS AM P 11.00 0;SIMPLE_INSTRUMENT;BLOCK;CHF;69;1.32000000;1800;PRC_DECOMP_EXCHANGE;;;;XEUR;10619814;296;EXCHANGE
27.02.2025;13:29:55.771;CRI5 SI 20250619 PS AM C 44.00 0;SIMPLE_INSTRUMENT;BLOCK;EUR;24;7.25000000;54150;EXCHANGE_LAST;;1;1;XEUR;9543488;320;
27.02.2025;13:30:21.138;CRI5 SI 20250619 PS AM C 52.00 0;SIMPLE_INSTRUMENT;BLOCK;EUR;25;2.19200000;54150;EXCHANGE_LAST;;1;1;XEUR;10556006;320;
27.02.2025;16:13:43.923;CRI5.O.250227.STG.000001;STANDARD_OPTION_STRATEGY;BLOCK;EUR;37;9.18000000;1500;EXCHANGE_LAST;;2;2;XEUR;72058968427474757;320;
27.02.2025;16:13:43.923;CRI5 SI 20251218 PS AM C 52.00 0;SIMPLE_INSTRUMENT;BLOCK;EUR;37;4.36400000;1500;PRC_DECOMP_EXCHANGE;;;;XEUR;10556004;320;EXCHANGE
27.02.2025;16:13:43.923;CRI5 SI 20251218 PS AM P 48.00 0;SIMPLE_INSTRUMENT;BLOCK;EUR;37;4.81600000;1500;PRC_DECOMP_EXCHANGE;;;;XEUR;10380724;320;EXCHANGE
27.02.2025;15:06:29.557;D4BK SI 20261218 CS;SIMPLE_INSTRUMENT;BLOCK;EUR;80;0.97000000;2000;EXCHANGE_LAST;;1;4;XEUR;4632322;51565;
27.02.2025;09:32:33.140;DAI.O.250227.STD.000009;STANDARD_OPTION_STRATEGY;BLOCK;EUR;4;16.45000000;800;EXCHANGE_LAST;;1;1;XEUR;73961106363664259;443196;
27.02.2025;09:32:33.140;DAI SI 20261218 PS AM P 60.00 0;SIMPLE_INSTRUMENT;BLOCK;EUR;4;10.02000000;800;PRC_DECOMP_EXCHANGE;;;;XEUR;7190188;443196;EXCHANGE
27.02.2025;09:32:33.140;DAI SI 20261218 PS AM C 60.00 0;SIMPLE_INSTRUMENT;BLOCK;EUR;4;6.43000000;800;PRC_DECOMP_EXCHANGE;;;;XEUR;7190187;443196;EXCHANGE
27.02.2025;13:15:57.291;DAI SI 20260619 PS AM P 44.00 0;SIMPLE_INSTRUMENT;BLOCK;EUR;20;2.65000000;1000;EXCHANGE_LAST;;1;1;XEUR;9598284;443196;
27.02.2025;13:33:31.640;DAI.O.250227.STDT.000013;STANDARD_OPTION_STRATEGY;BLOCK;EUR;21;4.60000000;500;EXCHANGE_LAST;;1;1;XEUR;73961106363664263;443196;
27.02.2025;13:33:31.640;DAI SI 20271217 PS AM C 60.00 0;SIMPLE_INSTRUMENT;BLOCK;EUR;21;8.02000000;500;PRC_DECOMP_EXCHANGE;;;;XEUR;8833322;443196;EXCHANGE
27.02.2025;13:33:31.640;DAI SI 20291221 PS AM C 60.00 0;SIMPLE_INSTRUMENT;BLOCK;EUR;21;9.69000000;500;PRC_DECOMP_EXCHANGE;;;;XEUR;12490282;443196;EXCHANGE
27.02.2025;13:33:31.640;DAI SI 20271217 PS AM P 60.00 0;SIMPLE_INSTRUMENT;BLOCK;EUR;21;12.58000000;500;PRC_DECOMP_EXCHANGE;;;;XEUR;8833329;443196;EXCHANGE
27.02.2025;13:33:31.640;DAI SI 20291221 PS AM P 60.00 0;SIMPLE_INSTRUMENT;BLOCK;EUR;21;15.51000000;500;PRC_DECOMP_EXCHANGE;;;;XEUR;12490277;443196;EXCHANGE
27.02.2025;12:00:18.731;DB1 SI 20250620 PS AM C 260.00 0;SIMPLE_INSTRUMENT;BLOCK;EUR;5;5.50000000;250;EXCHANGE_LAST;;1;1;XEUR;11355416;361;
27.02.2025;13:34:29.363;DBK SI 20251219 PS AM P 10.00 0;SIMPLE_INSTRUMENT;BLOCK;EUR;4;0.11000000;17200;EXCHANGE_LAST;;1;1;XEUR;5926086;362;
27.02.2025;13:33:42.359;DBK SI 20251219 PS AM P 15.00 0;SIMPLE_INSTRUMENT;BLOCK;EUR;5;0.50000000;11800;EXCHANGE_LAST;;1;1;XEUR;12438187;362;
27.02.2025;16:39:25.809;DPW SI 20261218 PS AM C 40.00 0;SIMPLE_INSTRUMENT;BLOCK;EUR;15;2.79000000;1500;EXCHANGE_LAST;;2;1;XEUR;7156804;445;
27.02.2025;11:07:15.211;DTE SI 20251219 PS AM P 32.00 0;SIMPLE_INSTRUMENT;BLOCK;EUR;4;1.46000000;8000;EXCHANGE_LAST;;1;3;XEUR;7834484;424;
27.02.2025;12:49:48.490;DTE.O.250227.CDIA.000010;STANDARD_OPTION_STRATEGY;BLOCK;EUR;10;-2.84000000;6100;EXCHANGE_LAST;;1;1;XEUR;72059415104107863;424;
27.02.2025;12:49:48.490;DTE SI 20250321 PS AM C 30.00 0;SIMPLE_INSTRUMENT;BLOCK;EUR;10;4.26000000;6100;PRC_DECOMP_MEMBER;;;;XEUR;10836585;424;MEMBER
27.02.2025;12:49:48.490;DTE SI 20250620 PS AM C 34.00 0;SIMPLE_INSTRUMENT;BLOCK;EUR;10;1.42000000;6100;PRC_DECOMP_MEMBER;;;;XEUR;11356822;424;MEMBER
27.02.2025;14:07:24.548;DTE.O.250227.BER.000011;STANDARD_OPTION_STRATEGY;BLOCK;EUR;11;1.53000000;1500;EXCHANGE_LAST;;1;1;XEUR;72059415104107864;424;
27.02.2025;14:07:24.548;DTE SI 20250919 PS AM P 24.00 0;SIMPLE_INSTRUMENT;BLOCK;EUR;11;0.09000000;1500;PRC_DECOMP_MEMBER;;;;XEUR;11878522;424;MEMBER
27.02.2025;14:07:24.548;DTE SI 20250919 PS AM P 33.00 0;SIMPLE_INSTRUMENT;BLOCK;EUR;11;1.62000000;1500;PRC_DECOMP_MEMBER;;;;XEUR;12795508;424;MEMBER
27.02.2025;16:12:37.640;E2NL SI 20261218 CS;SIMPLE_INSTRUMENT;BLOCK;EUR;89;0.45500000;1050;EXCHANGE_LAST;;1;1;XEUR;4632356;471;
27.02.2025;16:14:48.919;E2NL SI 20261218 CS;SIMPLE_INSTRUMENT;BLOCK;EUR;91;0.45500000;1750;EXCHANGE_LAST;;3;1;XEUR;4632356;471;
27.02.2025;16:32:46.580;E2NL SI 20261218 CS;SIMPLE_INSTRUMENT;BLOCK;EUR;100;0.45500000;1000;EXCHANGE_LAST;;1;1;XEUR;4632356;471;
27.02.2025;15:01:17.698;E2NT SI 20261218 CS;SIMPLE_INSTRUMENT;BLOCK;EUR;79;1.02000000;500;EXCHANGE_LAST;;1;1;XEUR;4632357;470;
27.02.2025;15:49:34.566;E2NT SI 20271217 CS;SIMPLE_INSTRUMENT;BLOCK;EUR;86;0.97000000;1000;EXCHANGE_LAST;;1;2;XEUR;5914575;470;
27.02.2025;15:56:47.551;E2NT SI 20261218 CS;SIMPLE_INSTRUMENT;BLOCK;EUR;87;1.01500000;500;EXCHANGE_LAST;;1;1;XEUR;4632357;470;
27.02.2025;09:16:53.934;EAD SI 20261218 PS AM C 190.00 0;SIMPLE_INSTRUMENT;BLOCK;EUR;5;14.13000000;350;EXCHANGE_LAST;;1;1;XEUR;12602614;465;
27.02.2025;11:57:22.732;EBS SI 20251219 PS AM P 36.00 0;SIMPLE_INSTRUMENT;BLOCK;EUR;3;0.38000000;2806;EXCHANGE_LAST;;1;1;XEUR;10403341;456;
27.02.2025;11:57:24.943;EBS SI 20251219 PS AM P 36.00 0;SIMPLE_INSTRUMENT;BLOCK;EUR;4;0.37000000;8594;EXCHANGE_LAST;;1;1;XEUR;10403341;456;
27.02.2025;11:58:48.782;EBS SI 20251219 PS AM P 46.00 0;SIMPLE_INSTRUMENT;BLOCK;EUR;5;0.95000000;9100;EXCHANGE_LAST;;1;1;XEUR;12440022;456;
27.02.2025;10:37:46.937;ENL5 SI 20251218 PS AM P 6.40 0;SIMPLE_INSTRUMENT;BLOCK;EUR;9;0.26000000;2100;EXCHANGE_LAST;;1;1;XEUR;5911829;500;
27.02.2025;10:37:53.937;ENL5 SI 20251218 PS AM P 6.40 0;SIMPLE_INSTRUMENT;BLOCK;EUR;10;0.27000000;900;EXCHANGE_LAST;;1;1;XEUR;5911829;500;
27.02.2025;09:55:40.052;ENR SI 20261218 PS AM P 48.00 0;SIMPLE_INSTRUMENT;BLOCK;EUR;3;10.15000000;1500;EXCHANGE_LAST;;2;3;XEUR;11859567;298530;
27.02.2025;14:20:42.369;ENR SI 20250321 PS AM C 55.00 0;SIMPLE_INSTRUMENT;BLOCK;EUR;12;4.20000000;5000;EXCHANGE_LAST;;1;1;XEUR;12848050;298530;
27.02.2025;16:08:25.622;ENR.O.250227.BUL.000007;STANDARD_OPTION_STRATEGY;BLOCK;EUR;13;0.60000000;2400;EXCHANGE_LAST;;1;1;XEUR;73339770624818119;298530;
27.02.2025;16:08:25.622;ENR SI 20250321 PS AM C 82.00 0;SIMPLE_INSTRUMENT;BLOCK;EUR;13;0.06000000;2400;PRC_DECOMP_MEMBER;;;;XEUR;12778144;298530;MEMBER
27.02.2025;16:08:25.622;ENR SI 20250321 PS AM C 66.00 0;SIMPLE_INSTRUMENT;BLOCK;EUR;13;0.66000000;2400;PRC_DECOMP_MEMBER;;;;XEUR;12484039;298530;MEMBER
27.02.2025;16:25:20.798;ENR SI 20250321 PS AM C 59.00 0;SIMPLE_INSTRUMENT;BLOCK;EUR;14;1.90000000;2426;EXCHANGE_LAST;;1;1;XEUR;12193258;298530;
27.02.2025;10:49:14.199;ENT5 SI 20251218 PS AM P 13.00 0;SIMPLE_INSTRUMENT;BLOCK;EUR;11;0.69000000;1500;EXCHANGE_LAST;;1;1;XEUR;11793683;497;
27.02.2025;09:38:59.963;F3IA SI 20261218 CS;SIMPLE_INSTRUMENT;BLOCK;EUR;4;0.65000000;300;EXCHANGE_LAST;;2;1;XEUR;6830373;390387;
27.02.2025;10:26:19.879;F3IA SI 20261218 CS;SIMPLE_INSTRUMENT;BLOCK;EUR;11;0.61500000;600;EXCHANGE_LAST;;3;1;XEUR;6830373;390387;
27.02.2025;10:33:36.599;F3IA SI 20261218 CS;SIMPLE_INSTRUMENT;BLOCK;EUR;14;0.61500000;400;EXCHANGE_LAST;;1;1;XEUR;6830373;390387;
27.02.2025;11:17:39.856;F3IA SI 20261218 CS;SIMPLE_INSTRUMENT;BLOCK;EUR;30;0.61500000;1954;EXCHANGE_LAST;;1;2;XEUR;6830373;390387;
27.02.2025;12:20:53.134;F3IA SI 20271217 CS;SIMPLE_INSTRUMENT;BLOCK;EUR;46;0.63000000;3750;EXCHANGE_LAST;;4;3;XEUR;8422837;390387;
27.02.2025;12:44:27.438;F3IA SI 20261218 CS;SIMPLE_INSTRUMENT;BLOCK;EUR;53;0.62000000;1000;EXCHANGE_LAST;;1;1;XEUR;6830373;390387;
27.02.2025;12:50:03.480;F3IA SI 20261218 CS;SIMPLE_INSTRUMENT;BLOCK;EUR;57;0.61500000;200;EXCHANGE_LAST;;1;1;XEUR;6830373;390387;
27.02.2025;12:50:03.532;F3IA SI 20261218 CS;SIMPLE_INSTRUMENT;BLOCK;EUR;58;0.62000000;300;EXCHANGE_LAST;;1;1;XEUR;6830373;390387;
27.02.2025;13:17:16.787;F3IA SI 20271217 CS;SIMPLE_INSTRUMENT;BLOCK;EUR;61;0.63000000;1162;EXCHANGE_LAST;;2;1;XEUR;8422837;390387;
27.02.2025;14:16:54.131;F3TE SI 20271217 CS;SIMPLE_INSTRUMENT;BLOCK;EUR;74;0.70000000;250;EXCHANGE_LAST;;1;1;XEUR;6633916;390379;
27.02.2025;08:12:37.422;FBTP SI 20250306 PS;SIMPLE_INSTRUMENT;EFP_FIN;EUR;1;120.44000000;70;EXCHANGE_LAST;;1;1;XEUR;11286675;636;
27.02.2025;08:26:13.613;FBTP SI 20250306 PS;SIMPLE_INSTRUMENT;EFP_FIN;EUR;3;120.39000000;419;EXCHANGE_LAST;;1;1;XEUR;11286675;636;
27.02.2025;08:32:25.510;FBTP SI 20250306 PS;SIMPLE_INSTRUMENT;BLOCK;EUR;4;120.31000000;1122;EXCHANGE_LAST;;1;1;XEUR;11286675;636;
27.02.2025;08:33:05.739;FBTP SI 20250606 PS;SIMPLE_INSTRUMENT;BLOCK;EUR;5;119.95000000;561;EXCHANGE_LAST;;1;1;XEUR;11820365;636;
27.02.2025;08:33:05.764;FBTP SI 20250606 PS;SIMPLE_INSTRUMENT;BLOCK;EUR;6;119.96000000;561;EXCHANGE_LAST;;1;1;XEUR;11820365;636;
27.02.2025;08:48:52.476;FBTP SI 20250306 PS;SIMPLE_INSTRUMENT;BLOCK;EUR;7;120.32000000;2000;EXCHANGE_LAST;;1;1;XEUR;11286675;636;
27.02.2025;08:50:36.606;FBTP SI 20250606 PS;SIMPLE_INSTRUMENT;BLOCK;EUR;8;119.96000000;1000;EXCHANGE_LAST;;1;1;XEUR;11820365;636;
27.02.2025;08:50:45.704;FBTP SI 20250606 PS;SIMPLE_INSTRUMENT;BLOCK;EUR;9;119.97000000;1000;EXCHANGE_LAST;;1;1;XEUR;11820365;636;
27.02.2025;08:56:53.905;FBTP SI 20250306 PS;SIMPLE_INSTRUMENT;EFP_FIN;EUR;10;120.32000000;140;EXCHANGE_LAST;;1;1;XEUR;11286675;636;
27.02.2025;08:57:05.957;FBTP SI 20250306 PS;SIMPLE_INSTRUMENT;EFP_FIN;EUR;11;120.31000000;1393;EXCHANGE_LAST;;1;1;XEUR;11286675;636;
27.02.2025;09:11:04.451;FBTP SI 20250306 PS;SIMPLE_INSTRUMENT;EFP_FIN;EUR;12;120.30000000;1214;EXCHANGE_LAST;;1;1;XEUR;11286675;636;
27.02.2025;09:26:54.597;FBTP SI 20250306 PS;SIMPLE_INSTRUMENT;EFP_FIN;EUR;13;120.27000000;1322;EXCHANGE_LAST;;1;1;XEUR;11286675;636;
27.02.2025;09:27:54.796;FBTP SI 20250306 PS;SIMPLE_INSTRUMENT;EFP_FIN;EUR;14;120.30000000;240;EXCHANGE_LAST;;1;1;XEUR;11286675;636;
27.02.2025;10:15:15.811;FBTP SI 20250306 PS;SIMPLE_INSTRUMENT;EFP_FIN;EUR;15;120.28000000;269;EXCHANGE_LAST;;1;1;XEUR;11286675;636;
27.02.2025;10:30:21.925;FBTP SI 20250306 PS;SIMPLE_INSTRUMENT;EFP_FIN;EUR;16;120.29000000;141;EXCHANGE_LAST;;1;1;XEUR;11286675;636;
27.02.2025;10:42:26.300;FBTP SI 20250306 PS;SIMPLE_INSTRUMENT;EFP_FIN;EUR;17;120.30000000;86;EXCHANGE_LAST;;1;1;XEUR;11286675;636;
27.02.2025;10:45:33.310;FBTP SI 20250306 PS;SIMPLE_INSTRUMENT;EFP_FIN;EUR;18;120.30000000;573;EXCHANGE_LAST;;1;1;XEUR;11286675;636;
27.02.2025;10:51:08.574;FBTP SI 20250306 PS;SIMPLE_INSTRUMENT;EFP_FIN;EUR;19;120.27000000;874;EXCHANGE_LAST;;1;1;XEUR;11286675;636;
27.02.2025;11:12:15.009;FBTP SI 20250306 PS;SIMPLE_INSTRUMENT;EFP_FIN;EUR;20;120.20000000;282;EXCHANGE_LAST;;1;1;XEUR;11286675;636;
27.02.2025;11:14:44.885;FBTP SI 20250306 PS;SIMPLE_INSTRUMENT;EFP_FIN;EUR;21;120.25000000;246;EXCHANGE_LAST;;1;1;XEUR;11286675;636;
27.02.2025;11:18:22.785;FBTP SI 20250306 PS;SIMPLE_INSTRUMENT;EFP_FIN;EUR;22;120.16000000;226;EXCHANGE_LAST;;1;1;XEUR;11286675;636;
27.02.2025;11:19:25.741;FBTP SI 20250306 PS;SIMPLE_INSTRUMENT;EFP_FIN;EUR;23;120.18000000;153;EXCHANGE_LAST;;1;1;XEUR;11286675;636;
27.02.2025;11:31:06.142;FBTP SI 20250606 PS;SIMPLE_INSTRUMENT;BLOCK;EUR;24;119.84000000;442;EXCHANGE_LAST;;1;1;XEUR;11820365;636;
27.02.2025;12:00:59.055;FBTP SI 20250306 PS;SIMPLE_INSTRUMENT;EFP_FIN;EUR;25;120.30000000;684;EXCHANGE_LAST;;1;1;XEUR;11286675;636;
27.02.2025;12:21:22.334;FBTP SI 20250606 PS;SIMPLE_INSTRUMENT;BLOCK;EUR;26;119.85000000;3861;EXCHANGE_LAST;;1;1;XEUR;11820365;636;
27.02.2025;12:21:23.334;FBTP SI 20250306 PS;SIMPLE_INSTRUMENT;BLOCK;EUR;27;120.21000000;4000;EXCHANGE_LAST;;1;1;XEUR;11286675;636;
27.02.2025;12:28:07.312;FBTP SI 20250306 PS;SIMPLE_INSTRUMENT;EFP_FIN;EUR;28;120.23000000;928;EXCHANGE_LAST;;1;1;XEUR;11286675;636;
27.02.2025;12:31:11.095;FBTP SI 20250306 PS;SIMPLE_INSTRUMENT;EFP_FIN;EUR;29;120.22000000;70;EXCHANGE_LAST;;1;1;XEUR;11286675;636;
27.02.2025;12:37:58.794;FBTP SI 20250306 PS;SIMPLE_INSTRUMENT;EFP_FIN;EUR;30;120.24000000;1000;EXCHANGE_LAST;;1;1;XEUR;11286675;636;
27.02.2025;12:51:49.909;FBTP SI 20250306 PS;SIMPLE_INSTRUMENT;EFP_FIN;EUR;31;120.21000000;582;EXCHANGE_LAST;;1;1;XEUR;11286675;636;
27.02.2025;13:10:41.870;FBTP SI 20250306 PS;SIMPLE_INSTRUMENT;BLOCK;EUR;32;120.25000000;700;EXCHANGE_LAST;;1;1;XEUR;11286675;636;
27.02.2025;13:10:53.228;FBTP SI 20250606 PS;SIMPLE_INSTRUMENT;BLOCK;EUR;33;119.90000000;350;EXCHANGE_LAST;;1;1;XEUR;11820365;636;
27.02.2025;13:11:04.891;FBTP SI 20250606 PS;SIMPLE_INSTRUMENT;BLOCK;EUR;34;119.89000000;350;EXCHANGE_LAST;;1;1;XEUR;11820365;636;
27.02.2025;13:13:59.076;FBTP SI 20250306 PS;SIMPLE_INSTRUMENT;EFP_FIN;EUR;35;120.27000000;167;EXCHANGE_LAST;;1;1;XEUR;11286675;636;
27.02.2025;13:15:20.794;FBTP SI 20250306 PS;SIMPLE_INSTRUMENT;EFP_FIN;EUR;36;120.25000000;200;EXCHANGE_LAST;;1;1;XEUR;11286675;636;
27.02.2025;13:16:42.684;FBTP SI 20250306 PS;SIMPLE_INSTRUMENT;EFP_FIN;EUR;37;120.22000000;290;EXCHANGE_LAST;;1;1;XEUR;11286675;636;
27.02.2025;13:18:43.511;FBTP SI 20250306 PS;SIMPLE_INSTRUMENT;EFP_FIN;EUR;38;120.24000000;124;EXCHANGE_LAST;;1;1;XEUR;11286675;636;
27.02.2025;13:41:51.429;FBTP SI 20250306 PS;SIMPLE_INSTRUMENT;BLOCK;EUR;39;120.28000000;2000;EXCHANGE_LAST;;1;1;XEUR;11286675;636;
27.02.2025;13:42:29.468;FBTP SI 20250606 PS;SIMPLE_INSTRUMENT;BLOCK;EUR;40;119.92000000;1000;EXCHANGE_LAST;;1;1;XEUR;11820365;636;
27.02.2025;13:43:29.408;FBTP SI 20250606 PS;SIMPLE_INSTRUMENT;BLOCK;EUR;41;119.93000000;1000;EXCHANGE_LAST;;1;1;XEUR;11820365;636;
27.02.2025;13:57:09.292;FBTP SI 20250306 PS;SIMPLE_INSTRUMENT;BLOCK;EUR;42;120.20000000;358;EXCHANGE_LAST;;1;1;XEUR;11286675;636;
27.02.2025;14:00:39.572;FBTP SI 20250306 PS;SIMPLE_INSTRUMENT;EFP_FIN;EUR;43;120.22000000;1394;EXCHANGE_LAST;;1;1;XEUR;11286675;636;
27.02.2025;14:16:04.614;FBTP SI 20250306 PS;SIMPLE_INSTRUMENT;EFP_FIN;EUR;44;120.31000000;321;EXCHANGE_LAST;;1;1;XEUR;11286675;636;
27.02.2025;14:29:59.364;FBTP SI 20250306 PS;SIMPLE_INSTRUMENT;EFP_FIN;EUR;45;120.27000000;230;EXCHANGE_LAST;;1;1;XEUR;11286675;636;
27.02.2025;15:34:39.533;FBTP SI 20250606 PS;SIMPLE_INSTRUMENT;EFP_FIN;EUR;46;119.90000000;221;EXCHANGE_LAST;;1;1;XEUR;11820365;636;
27.02.2025;15:35:59.743;FBTP SI 20250306 PS;SIMPLE_INSTRUMENT;EFP_FIN;EUR;47;120.33000000;142;EXCHANGE_LAST;;1;1;XEUR;11286675;636;
27.02.2025;15:46:20.348;FBTP SI 20250306 PS;SIMPLE_INSTRUMENT;EFP_FIN;EUR;48;120.32000000;224;EXCHANGE_LAST;;1;1;XEUR;11286675;636;
27.02.2025;16:27:50.163;FBTP SI 20250306 PS;SIMPLE_INSTRUMENT;EFP_FIN;EUR;49;120.38000000;76;EXCHANGE_LAST;;1;1;XEUR;11286675;636;
27.02.2025;16:42:14.347;FBTP SI 20250606 PS;SIMPLE_INSTRUMENT;EFP_FIN;EUR;50;120.02000000;946;EXCHANGE_LAST;;1;1;XEUR;11820365;636;
27.02.2025;08:46:57.917;FBTS SI 20250306 PS;SIMPLE_INSTRUMENT;BLOCK;EUR;3;107.57000000;500;EXCHANGE_LAST;;1;1;XEUR;11286677;639;
27.02.2025;08:47:06.918;FBTS SI 20250606 PS;SIMPLE_INSTRUMENT;BLOCK;EUR;4;107.41000000;250;EXCHANGE_LAST;;1;1;XEUR;11820367;639;
27.02.2025;08:47:16.919;FBTS SI 20250606 PS;SIMPLE_INSTRUMENT;BLOCK;EUR;5;107.42000000;250;EXCHANGE_LAST;;1;1;XEUR;11820367;639;
27.02.2025;09:54:23.359;FBTS SI 20250306 PS;SIMPLE_INSTRUMENT;EFP_FIN;EUR;20;107.57000000;908;EXCHANGE_LAST;;1;1;XEUR;11286677;639;
27.02.2025;10:01:14.917;FBTS SI 20250306 PS;SIMPLE_INSTRUMENT;EFP_FIN;EUR;21;107.56000000;1043;EXCHANGE_LAST;;1;1;XEUR;11286677;639;
27.02.2025;10:03:55.395;FBTS SI 20250606 PS;SIMPLE_INSTRUMENT;EFP_FIN;EUR;22;107.41000000;238;EXCHANGE_LAST;;1;1;XEUR;11820367;639;
27.02.2025;10:06:53.817;FBTS SI 20250306 PS;SIMPLE_INSTRUMENT;EFP_FIN;EUR;23;107.56000000;908;EXCHANGE_LAST;;1;1;XEUR;11286677;639;
27.02.2025;10:14:25.063;FBTS SI 20250306 PS;SIMPLE_INSTRUMENT;BLOCK;EUR;28;107.55000000;1598;EXCHANGE_LAST;;1;1;XEUR;11286677;639;
27.02.2025;10:31:45.766;FBTS SI 20250306 PS;SIMPLE_INSTRUMENT;BLOCK;EUR;35;107.55000000;500;EXCHANGE_LAST;;1;1;XEUR;11286677;639;
27.02.2025;10:31:51.766;FBTS SI 20250606 PS;SIMPLE_INSTRUMENT;BLOCK;EUR;36;107.39000000;250;EXCHANGE_LAST;;1;1;XEUR;11820367;639;
27.02.2025;10:31:56.767;FBTS SI 20250606 PS;SIMPLE_INSTRUMENT;BLOCK;EUR;37;107.38000000;250;EXCHANGE_LAST;;1;1;XEUR;11820367;639;
27.02.2025;10:48:09.654;FBTS SI 20250306 PS;SIMPLE_INSTRUMENT;EFP_FIN;EUR;41;107.55000000;180;EXCHANGE_LAST;;1;1;XEUR;11286677;639;
27.02.2025;11:04:40.576;FBTS SI 20250606 PS;SIMPLE_INSTRUMENT;EFP_FIN;EUR;49;107.37000000;952;EXCHANGE_LAST;;1;1;XEUR;11820367;639;
27.02.2025;11:06:08.499;FBTS SI 20250306 PS;SIMPLE_INSTRUMENT;BLOCK;EUR;50;107.54000000;182;EXCHANGE_LAST;;1;1;XEUR;11286677;639;
27.02.2025;11:31:51.177;FBTS SI 20250306 PS;SIMPLE_INSTRUMENT;EFP_FIN;EUR;57;107.54000000;1092;EXCHANGE_LAST;;1;1;XEUR;11286677;639;
27.02.2025;12:07:26.116;FBTS SI 20250306 PS;SIMPLE_INSTRUMENT;EFP_FIN;EUR;59;107.56000000;437;EXCHANGE_LAST;;1;1;XEUR;11286677;639;
27.02.2025;12:08:05.188;FBTS SI 20250306 PS;SIMPLE_INSTRUMENT;EFP_FIN;EUR;60;107.56000000;478;EXCHANGE_LAST;;1;1;XEUR;11286677;639;
27.02.2025;12:11:14.815;FBTS SI 20250606 PS;SIMPLE_INSTRUMENT;EFP_FIN;EUR;61;107.39000000;952;EXCHANGE_LAST;;1;1;XEUR;11820367;639;
27.02.2025;12:25:00.528;FBTS SI 20250606 PS;SIMPLE_INSTRUMENT;EFP_FIN;EUR;65;107.37000000;152;EXCHANGE_LAST;;1;1;XEUR;11820367;639;
27.02.2025;12:28:19.144;FBTS SI 20250306 PS;SIMPLE_INSTRUMENT;BLOCK;EUR;66;107.56000000;500;EXCHANGE_LAST;;1;1;XEUR;11286677;639;
27.02.2025;12:28:32.145;FBTS SI 20250606 PS;SIMPLE_INSTRUMENT;BLOCK;EUR;67;107.39000000;250;EXCHANGE_LAST;;1;1;XEUR;11820367;639;
27.02.2025;12:28:38.146;FBTS SI 20250606 PS;SIMPLE_INSTRUMENT;BLOCK;EUR;68;107.40000000;250;EXCHANGE_LAST;;1;1;XEUR;11820367;639;
27.02.2025;12:38:47.548;FBTS SI 20250306 PS;SIMPLE_INSTRUMENT;EFP_FIN;EUR;69;107.56000000;1857;EXCHANGE_LAST;;1;1;XEUR;11286677;639;
27.02.2025;12:42:56.721;FBTS SI 20250306 PS;SIMPLE_INSTRUMENT;EFP_FIN;EUR;70;107.58000000;288;EXCHANGE_LAST;;1;1;XEUR;11286677;639;
27.02.2025;12:46:59.446;FBTS SI 20250306 PS;SIMPLE_INSTRUMENT;EFP_FIN;EUR;71;107.57000000;289;EXCHANGE_LAST;;1;1;XEUR;11286677;639;
27.02.2025;12:47:18.015;FBTS SI 20250306 PS;SIMPLE_INSTRUMENT;EFP_FIN;EUR;72;107.57000000;370;EXCHANGE_LAST;;1;1;XEUR;11286677;639;
27.02.2025;12:54:53.919;FBTS SI 20250606 PS;SIMPLE_INSTRUMENT;EFP_FIN;EUR;73;107.39000000;238;EXCHANGE_LAST;;1;1;XEUR;11820367;639;
27.02.2025;12:56:25.849;FBTS SI 20250306 PS;SIMPLE_INSTRUMENT;EFP_FIN;EUR;74;107.57000000;908;EXCHANGE_LAST;;1;1;XEUR;11286677;639;
27.02.2025;13:03:01.966;FBTS SI 20250306 PS;SIMPLE_INSTRUMENT;BLOCK;EUR;75;107.57000000;2000;EXCHANGE_LAST;;1;1;XEUR;11286677;639;
27.02.2025;13:03:47.133;FBTS SI 20250606 PS;SIMPLE_INSTRUMENT;BLOCK;EUR;76;107.39000000;1000;EXCHANGE_LAST;;1;1;XEUR;11820367;639;
27.02.2025;13:04:20.636;FBTS SI 20250606 PS;SIMPLE_INSTRUMENT;BLOCK;EUR;77;107.40000000;1000;EXCHANGE_LAST;;1;1;XEUR;11820367;639;
27.02.2025;13:10:16.538;FBTS SI 20250306 PS;SIMPLE_INSTRUMENT;EFP_FIN;EUR;78;107.57000000;133;EXCHANGE_LAST;;1;1;XEUR;11286677;639;
27.02.2025;13:25:07.809;FBTS SI 20250306 PS;SIMPLE_INSTRUMENT;EFP_FIN;EUR;79;107.57000000;531;EXCHANGE_LAST;;1;1;XEUR;11286677;639;
27.02.2025;13:27:01.336;FBTS SI 20250306 PS;SIMPLE_INSTRUMENT;EFP_FIN;EUR;80;107.58000000;1092;EXCHANGE_LAST;;1;1;XEUR;11286677;639;
27.02.2025;13:27:10.012;FBTS SI 20250306 PS;SIMPLE_INSTRUMENT;EFP_FIN;EUR;81;107.58000000;1327;EXCHANGE_LAST;;1;1;XEUR;11286677;639;
27.02.2025;13:27:11.746;FBTS SI 20250306 PS;SIMPLE_INSTRUMENT;BLOCK;EUR;82;107.57000000;796;EXCHANGE_LAST;;1;1;XEUR;11286677;639;
27.02.2025;13:28:42.193;FBTS SI 20250306 PS;SIMPLE_INSTRUMENT;BLOCK;EUR;83;107.57000000;2594;EXCHANGE_LAST;;1;1;XEUR;11286677;639;
27.02.2025;13:37:40.949;FBTS SI 20250306 PS;SIMPLE_INSTRUMENT;EFP_FIN;EUR;85;107.58000000;384;EXCHANGE_LAST;;1;1;XEUR;11286677;639;
27.02.2025;13:44:48.671;FBTS SI 20250306 PS;SIMPLE_INSTRUMENT;EFP_FIN;EUR;86;107.57000000;796;EXCHANGE_LAST;;1;1;XEUR;11286677;639;
27.02.2025;13:57:37.096;FBTS SI 20250306 PS;SIMPLE_INSTRUMENT;EFP_FIN;EUR;87;107.56000000;874;EXCHANGE_LAST;;1;1;XEUR;11286677;639;
27.02.2025;14:00:15.915;FBTS SI 20250306 PS;SIMPLE_INSTRUMENT;EFP_FIN;EUR;88;107.56000000;2306;EXCHANGE_LAST;;1;1;XEUR;11286677;639;
27.02.2025;14:23:14.027;FBTS SI 20250306 PS;SIMPLE_INSTRUMENT;EFP_FIN;EUR;96;107.60000000;399;EXCHANGE_LAST;;1;1;XEUR;11286677;639;
27.02.2025;14:35:49.861;FBTS SI 20250306 PS;SIMPLE_INSTRUMENT;BLOCK;EUR;97;107.59000000;1330;EXCHANGE_LAST;;1;1;XEUR;11286677;639;
27.02.2025;14:35:13.568;FBTS SI 20250306 PS;SIMPLE_INSTRUMENT;BLOCK;EUR;99;107.58000000;313;EXCHANGE_LAST;;1;1;XEUR;11286677;639;
27.02.2025;14:36:10.717;FBTS SI 20250606 PS;SIMPLE_INSTRUMENT;BLOCK;EUR;100;107.41000000;141;EXCHANGE_LAST;;1;1;XEUR;11820367;639;
27.02.2025;14:36:17.289;FBTS SI 20250606 PS;SIMPLE_INSTRUMENT;BLOCK;EUR;101;107.42000000;141;EXCHANGE_LAST;;1;1;XEUR;11820367;639;
27.02.2025;14:38:40.134;FBTS SI 20250306 PS;SIMPLE_INSTRUMENT;BLOCK;EUR;102;107.55000000;1280;EXCHANGE_LAST;;1;1;XEUR;11286677;639;
27.02.2025;14:39:54.167;FBTS SI 20250306 PS;SIMPLE_INSTRUMENT;BLOCK;EUR;103;107.57000000;908;EXCHANGE_LAST;;1;1;XEUR;11286677;639;
27.02.2025;14:40:58.365;FBTS SI 20250306 PS;SIMPLE_INSTRUMENT;BLOCK;EUR;104;107.57000000;371;EXCHANGE_LAST;;1;1;XEUR;11286677;639;
27.02.2025;15:26:34.150;FBTS SI 20250306 PS;SIMPLE_INSTRUMENT;BLOCK;EUR;105;107.60000000;1580;EXCHANGE_LAST;;1;1;XEUR;11286677;639;
27.02.2025;15:30:09.575;FBTS SI 20250306 PS;SIMPLE_INSTRUMENT;BLOCK;EUR;106;107.61000000;1362;EXCHANGE_LAST;;1;1;XEUR;11286677;639;
27.02.2025;15:35:43.866;FBTS SI 20250306 PS;SIMPLE_INSTRUMENT;BLOCK;EUR;107;107.61000000;1116;EXCHANGE_LAST;;1;1;XEUR;11286677;639;
27.02.2025;15:43:03.379;FBTS SI 20250306 PS;SIMPLE_INSTRUMENT;BLOCK;EUR;108;107.61000000;655;EXCHANGE_LAST;;1;1;XEUR;11286677;639;
27.02.2025;16:07:33.375;FBTS SI 20250306 PS;SIMPLE_INSTRUMENT;BLOCK;EUR;110;107.61000000;1080;EXCHANGE_LAST;;1;1;XEUR;11286677;639;
27.02.2025;16:09:50.195;FBTS SI 20250306 PS;SIMPLE_INSTRUMENT;BLOCK;EUR;111;107.61000000;681;EXCHANGE_LAST;;1;1;XEUR;11286677;639;
27.02.2025;16:11:05.148;FBTS SI 20250306 PS;SIMPLE_INSTRUMENT;BLOCK;EUR;112;107.61000000;908;EXCHANGE_LAST;;1;1;XEUR;11286677;639;
27.02.2025;16:50:02.806;FBTS SI 20250306 PS;SIMPLE_INSTRUMENT;BLOCK;EUR;116;107.62000000;454;EXCHANGE_LAST;;1;1;XEUR;11286677;639;
27.02.2025;12:38:26.124;FCBU SI 20250402 CS;SIMPLE_INSTRUMENT;BLOCK;USD;2;0.17120000;300;EXCHANGE_LAST;;1;1;XEUR;10984561;570870;
27.02.2025;16:57:27.625;FCBU SI 20250402 CS;SIMPLE_INSTRUMENT;BLOCK;USD;11;0.17060000;200;EXCHANGE_LAST;;1;1;XEUR;10984561;570870;
27.02.2025;11:07:21.266;FCEU SI 20250317 PS;SIMPLE_INSTRUMENT;BLOCK;USD;1;1.04915000;2011;EXCHANGE_LAST;;1;1;XEUR;9136240;369376;
27.02.2025;15:37:18.520;FCEU SI 20250317 PS;SIMPLE_INSTRUMENT;BLOCK;USD;7;1.04305000;961;EXCHANGE_LAST;;1;1;XEUR;9136240;369376;
27.02.2025;16:42:02.448;FCEU SI 20250317 PS;SIMPLE_INSTRUMENT;BLOCK;USD;10;1.04165000;495;EXCHANGE_LAST;;1;1;XEUR;9136240;369376;
27.02.2025;12:58:48.730;FCNS SI 20250317 PS;SIMPLE_INSTRUMENT;EFP_IDX;SEK;3;0.95477000;295;EXCHANGE_LAST;;1;1;XEUR;9136391;402911;
27.02.2025;12:58:49.189;FCNS SI 20250317 PS;SIMPLE_INSTRUMENT;EFP_IDX;SEK;4;0.95478000;139;EXCHANGE_LAST;;1;1;XEUR;9136391;402911;
27.02.2025;15:12:21.316;FCNS SI 20250317 PS;SIMPLE_INSTRUMENT;EFP_IDX;SEK;5;0.95404000;130;EXCHANGE_LAST;;1;1;XEUR;9136391;402911;
27.02.2025;15:12:21.784;FCNS SI 20250317 PS;SIMPLE_INSTRUMENT;EFP_IDX;SEK;6;0.95405000;212;EXCHANGE_LAST;;1;1;XEUR;9136391;402911;
27.02.2025;16:16:28.785;FCNS SI 20250317 PS;SIMPLE_INSTRUMENT;EFP_IDX;SEK;8;0.95425000;82;EXCHANGE_LAST;;1;1;XEUR;9136391;402911;
27.02.2025;16:16:29.208;FCNS SI 20250317 PS;SIMPLE_INSTRUMENT;EFP_IDX;SEK;9;0.95426000;260;EXCHANGE_LAST;;1;1;XEUR;9136391;402911;
27.02.2025;19:13:16.514;FCNS SI 20250317 PS;SIMPLE_INSTRUMENT;EFP_IDX;SEK;12;0.95447000;330;EXCHANGE_LAST;;1;1;XEUR;9136391;402911;
27.02.2025;19:13:16.944;FCNS SI 20250317 PS;SIMPLE_INSTRUMENT;EFP_IDX;SEK;13;0.95448000;329;EXCHANGE_LAST;;1;1;XEUR;9136391;402911;
27.02.2025;10:59:44.227;FD3D SI 20251219 CS;SIMPLE_INSTRUMENT;BLOCK;EUR;23;114.20000000;125;EXCHANGE_LAST;;1;1;XEUR;5914068;588;
27.02.2025;10:59:52.932;FD3D SI 20251219 CS;SIMPLE_INSTRUMENT;BLOCK;EUR;24;114.30000000;125;EXCHANGE_LAST;;1;1;XEUR;5914068;588;
27.02.2025;11:00:49.425;FD3D SI 20251219 CS;SIMPLE_INSTRUMENT;BLOCK;EUR;25;114.20000000;225;EXCHANGE_LAST;;1;1;XEUR;5914068;588;
27.02.2025;11:00:59.744;FD3D SI 20251219 CS;SIMPLE_INSTRUMENT;BLOCK;EUR;26;114.30000000;225;EXCHANGE_LAST;;1;1;XEUR;5914068;588;
27.02.2025;16:21:32.614;FDAX SI 20250321 CS;SIMPLE_INSTRUMENT;EFP_IDX;EUR;1;22590.00000000;150;EXCHANGE_LAST;;1;1;XEUR;7561255;589;
27.02.2025;16:22:25.743;FDAX SI 20250321 CS;SIMPLE_INSTRUMENT;EFP_IDX;EUR;2;22590.00000000;100;EXCHANGE_LAST;;1;1;XEUR;7561255;589;
27.02.2025;16:28:30.227;FDAX SI 20250321 CS;SIMPLE_INSTRUMENT;EFP_IDX;EUR;3;22590.00000000;150;EXCHANGE_LAST;;1;1;XEUR;7561255;589;
27.02.2025;16:41:10.310;FDAX SI 20250321 CS;SIMPLE_INSTRUMENT;EFP_IDX;EUR;4;22588.00000000;8;EXCHANGE_LAST;;1;1;XEUR;7561255;589;
27.02.2025;16:41:17.069;FDAX SI 20250321 CS;SIMPLE_INSTRUMENT;EFP_IDX;EUR;5;22589.00000000;62;EXCHANGE_LAST;;1;1;XEUR;7561255;589;
27.02.2025;16:57:03.744;FDAX SI 20250321 CS;SIMPLE_INSTRUMENT;EFP_IDX;EUR;6;22590.00000000;3;EXCHANGE_LAST;;1;1;XEUR;7561255;589;
27.02.2025;16:57:26.379;FDAX SI 20250321 CS;SIMPLE_INSTRUMENT;EFP_IDX;EUR;7;22591.00000000;22;EXCHANGE_LAST;;1;1;XEUR;7561255;589;
27.02.2025;11:05:44.724;FEBD SI 20261218 CS;SIMPLE_INSTRUMENT;BLOCK;EUR;27;10.53000000;250;EXCHANGE_LAST;;1;1;XEUR;7158212;597;
27.02.2025;11:13:26.634;FEBD SI 20251219 CS;SIMPLE_INSTRUMENT;BLOCK;EUR;28;11.12000000;600;EXCHANGE_LAST;;2;1;XEUR;5914075;597;
27.02.2025;11:26:11.978;FEBD SI 20251219 CS;SIMPLE_INSTRUMENT;BLOCK;EUR;32;11.12000000;250;EXCHANGE_LAST;;1;1;XEUR;5914075;597;
27.02.2025;11:52:58.127;FEBD SI 20251219 CS;SIMPLE_INSTRUMENT;BLOCK;EUR;36;11.12000000;250;EXCHANGE_LAST;;1;1;XEUR;5914075;597;
27.02.2025;12:32:48.313;FEBD SI 20251219 CS;SIMPLE_INSTRUMENT;BLOCK;EUR;37;11.12000000;750;EXCHANGE_LAST;;1;1;XEUR;5914075;597;
27.02.2025;11:31:36.329;FECX SI 20250321 CS;SIMPLE_INSTRUMENT;BLOCK;EUR;34;166.75000000;150;EXCHANGE_LAST;;1;1;XEUR;11427948;410158;
27.02.2025;11:31:42.598;FECX SI 20250321 CS;SIMPLE_INSTRUMENT;BLOCK;EUR;35;166.75000000;75;EXCHANGE_LAST;;1;1;XEUR;11427948;410158;
27.02.2025;15:04:50.076;FECX SI 20250321 CS;SIMPLE_INSTRUMENT;BLOCK;EUR;45;166.86000000;100;EXCHANGE_LAST;;1;1;XEUR;11427948;410158;
27.02.2025;15:25:59.236;FECX SI 20250321 CS;SIMPLE_INSTRUMENT;BLOCK;EUR;50;166.88000000;141;EXCHANGE_LAST;;1;1;XEUR;11427948;410158;
27.02.2025;16:44:31.265;FEDV SI 20250321 CS;SIMPLE_INSTRUMENT;BLOCK;EUR;59;1839.00000000;260;EXCHANGE_LAST;;1;1;XEUR;11359068;596;
27.02.2025;16:44:41.674;FEDV SI 20250321 CS;SIMPLE_INSTRUMENT;BLOCK;EUR;60;1839.50000000;740;EXCHANGE_LAST;;1;1;XEUR;11359068;596;
27.02.2025;16:20:38.636;FES1 SI 20250321 PS;SIMPLE_INSTRUMENT;BLOCK;EUR;58;5.40000000;300;EXCHANGE_LAST;;1;1;XEUR;11391470;58959;
27.02.2025;11:23:29.020;FESB SI 20250321 CS;SIMPLE_INSTRUMENT;BLOCK;EUR;44;184.30000000;2000;EXCHANGE_LAST;;1;1;XEUR;11359072;605;
27.02.2025;16:14:55.729;FESB SI 20250321 CS;SIMPLE_INSTRUMENT;BLOCK;EUR;47;183.40000000;5000;EXCHANGE_LAST;;1;1;XEUR;11359072;605;
27.02.2025;16:50:08.017;FESB SI 20250321 CS;SIMPLE_INSTRUMENT;BLOCK;EUR;51;184.30000000;6573;EXCHANGE_LAST;;1;1;XEUR;11359072;605;
27.02.2025;16:50:13.017;FESB SI 20250321 CS;SIMPLE_INSTRUMENT;BLOCK;EUR;52;184.10000000;8713;EXCHANGE_LAST;;1;1;XEUR;11359072;605;
27.02.2025;13:57:31.790;FESB SI 20250321 CS;SIMPLE_INSTRUMENT;VOLA;EUR;603979799;184.40000000;300;EXCHANGE_LAST;;1;1;XEUR;11359072;605;
27.02.2025;16:54:10.387;FESU SI 20250321 CS;SIMPLE_INSTRUMENT;EFP_IDX;EUR;3;397.90000000;200;EXCHANGE_LAST;;1;1;XEUR;11359368;673;
27.02.2025;16:54:22.441;FESU SI 20250321 CS;SIMPLE_INSTRUMENT;EFP_IDX;EUR;4;397.80000000;300;EXCHANGE_LAST;;1;1;XEUR;11359368;673;
27.02.2025;09:57:52.649;FESX SI 20250321 CS;SIMPLE_INSTRUMENT;BLOCK;EUR;1;5497.00000000;5000;EXCHANGE_LAST;;1;1;XEUR;7793482;675;
27.02.2025;10:19:03.477;FESX SI 20250321 CS;SIMPLE_INSTRUMENT;EFP_IDX;EUR;2;5500.00000000;1000;EXCHANGE_LAST;;1;1;XEUR;7793482;675;
27.02.2025;11:18:40.929;FESX SI 20250321 CS;SIMPLE_INSTRUMENT;BLOCK;EUR;3;5492.00000000;7920;EXCHANGE_LAST;;1;1;XEUR;7793482;675;
27.02.2025;14:57:41.618;FESX SI 20250321 CS;SIMPLE_INSTRUMENT;BLOCK;EUR;4;5470.00000000;5000;EXCHANGE_LAST;;1;1;XEUR;7793482;675;
27.02.2025;15:02:38.006;FESX SI 20250321 CS;SIMPLE_INSTRUMENT;BLOCK;EUR;5;5460.00000000;2500;EXCHANGE_LAST;;1;1;XEUR;7793482;675;
27.02.2025;15:28:05.997;FESX SI 20250321 CS;SIMPLE_INSTRUMENT;BLOCK;EUR;6;5450.00000000;5000;EXCHANGE_LAST;;1;1;XEUR;7793482;675;
27.02.2025;16:49:48.085;FESX SI 20250321 CS;SIMPLE_INSTRUMENT;EFP_IDX;EUR;9;5478.00000000;815;EXCHANGE_LAST;;1;1;XEUR;7793482;675;
27.02.2025;16:50:14.684;FESX SI 20250321 CS;SIMPLE_INSTRUMENT;EFP_IDX;EUR;10;5478.00000000;690;EXCHANGE_LAST;;1;1;XEUR;7793482;675;
27.02.2025;16:50:11.018;FESX SI 20250321 CS;SIMPLE_INSTRUMENT;EFP_IDX;EUR;11;5479.00000000;185;EXCHANGE_LAST;;1;1;XEUR;7793482;675;
27.02.2025;16:50:30.695;FESX SI 20250321 CS;SIMPLE_INSTRUMENT;EFP_IDX;EUR;12;5479.00000000;310;EXCHANGE_LAST;;1;1;XEUR;7793482;675;
27.02.2025;16:54:44.800;FESX SI 20250321 CS;SIMPLE_INSTRUMENT;EFP_IDX;EUR;13;5478.00000000;408;EXCHANGE_LAST;;1;1;XEUR;7793482;675;
27.02.2025;16:56:00.980;FESX SI 20250321 CS;SIMPLE_INSTRUMENT;EFP_IDX;EUR;14;5479.00000000;92;EXCHANGE_LAST;;1;1;XEUR;7793482;675;
27.02.2025;16:51:27.465;FESX SI 20250321 CS;SIMPLE_INSTRUMENT;EFP_IDX;EUR;15;5479.00000000;93;EXCHANGE_LAST;;1;1;XEUR;7793482;675;
27.02.2025;16:52:44.916;FESX SI 20250321 CS;SIMPLE_INSTRUMENT;EFP_IDX;EUR;16;5478.00000000;407;EXCHANGE_LAST;;1;1;XEUR;7793482;675;
27.02.2025;16:59:46.755;FESX SI 20250321 CS;SIMPLE_INSTRUMENT;EFP_IDX;EUR;17;5478.00000000;138;EXCHANGE_LAST;;1;1;XEUR;7793482;675;
27.02.2025;16:59:14.012;FESX SI 20250321 CS;SIMPLE_INSTRUMENT;EFP_IDX;EUR;18;5479.00000000;62;EXCHANGE_LAST;;1;1;XEUR;7793482;675;
27.02.2025;16:57:06.240;FESX SI 20250321 CS;SIMPLE_INSTRUMENT;EFP_IDX;EUR;20;5478.00000000;207;EXCHANGE_LAST;;1;1;XEUR;7793482;675;
27.02.2025;16:57:10.675;FESX SI 20250321 CS;SIMPLE_INSTRUMENT;EFP_IDX;EUR;21;5479.00000000;93;EXCHANGE_LAST;;1;1;XEUR;7793482;675;
27.02.2025;16:55:31.478;FESX SI 20250321 CS;SIMPLE_INSTRUMENT;EFP_IDX;EUR;22;5478.00000000;180;EXCHANGE_LAST;;1;1;XEUR;7793482;675;
27.02.2025;16:56:02.253;FESX SI 20250321 CS;SIMPLE_INSTRUMENT;EFP_IDX;EUR;23;5479.00000000;93;EXCHANGE_LAST;;1;1;XEUR;7793482;675;
27.02.2025;16:59:01.956;FESX SI 20250321 CS;SIMPLE_INSTRUMENT;EFP_IDX;EUR;24;5478.00000000;207;EXCHANGE_LAST;;1;1;XEUR;7793482;675;
27.02.2025;16:59:08.622;FESX SI 20250321 CS;SIMPLE_INSTRUMENT;EFP_IDX;EUR;25;5479.00000000;93;EXCHANGE_LAST;;1;1;XEUR;7793482;675;
27.02.2025;17:00:23.496;FESX SI 20250321 CS;SIMPLE_INSTRUMENT;EFP_IDX;EUR;26;5478.00000000;586;EXCHANGE_LAST;;1;1;XEUR;7793482;675;
27.02.2025;17:00:35.879;FESX SI 20250321 CS;SIMPLE_INSTRUMENT;EFP_IDX;EUR;27;5479.00000000;264;EXCHANGE_LAST;;1;1;XEUR;7793482;675;
27.02.2025;09:29:37.250;FESX SI 20250321 CS;SIMPLE_INSTRUMENT;VOLA;EUR;637534224;5490.00000000;864;EXCHANGE_LAST;;1;1;XEUR;7793482;675;
27.02.2025;13:50:45.473;FESX SI 20250321 CS;SIMPLE_INSTRUMENT;VOLA;EUR;637534288;5496.00000000;630;EXCHANGE_LAST;;1;1;XEUR;7793482;675;
27.02.2025;14:30:06.433;FESX SI 20250321 CS;SIMPLE_INSTRUMENT;VOLA;EUR;637534302;5480.00000000;220;EXCHANGE_LAST;;1;1;XEUR;7793482;675;
27.02.2025;14:31:29.156;FESX SI 20250321 CS;SIMPLE_INSTRUMENT;VOLA;EUR;637534304;5480.00000000;900;EXCHANGE_LAST;;1;1;XEUR;7793482;675;
27.02.2025;14:31:25.132;FESX SI 20250321 CS;SIMPLE_INSTRUMENT;VOLA;EUR;637534305;5480.00000000;430;EXCHANGE_LAST;;1;1;XEUR;7793482;675;
27.02.2025;14:34:00.652;FESX SI 20250321 CS;SIMPLE_INSTRUMENT;VOLA;EUR;637534307;5482.00000000;333;EXCHANGE_LAST;;1;1;XEUR;7793482;675;
27.02.2025;15:14:03.394;FESX SI 20250321 CS;SIMPLE_INSTRUMENT;VOLA;EUR;637534320;5460.00000000;150;EXCHANGE_LAST;;1;1;XEUR;7793482;675;
27.02.2025;16:53:13.095;FESX SI 20250321 CS;SIMPLE_INSTRUMENT;VOLA;EUR;637534346;5470.00000000;31;EXCHANGE_LAST;;1;1;XEUR;7793482;675;
27.02.2025;16:53:41.163;FESX SI 20250321 CS;SIMPLE_INSTRUMENT;VOLA;EUR;637534347;5469.00000000;25;EXCHANGE_LAST;;1;1;XEUR;7793482;675;
27.02.2025;08:14:21.319;FEXD SI 20271217 CS;SIMPLE_INSTRUMENT;BLOCK;EUR;1;153.40000000;185;EXCHANGE_LAST;;1;1;XEUR;2848338;693;
27.02.2025;08:14:45.388;FEXD SI 20251219 CS;SIMPLE_INSTRUMENT;BLOCK;EUR;2;165.80000000;500;EXCHANGE_LAST;;1;1;XEUR;1548120;693;
27.02.2025;08:15:34.937;FEXD SI 20261218 CS;SIMPLE_INSTRUMENT;BLOCK;EUR;3;158.70000000;140;EXCHANGE_LAST;;1;1;XEUR;2163053;693;
27.02.2025;09:38:18.925;FEXD SI 20271217 CS;SIMPLE_INSTRUMENT;BLOCK;EUR;6;153.90000000;150;EXCHANGE_LAST;;1;1;XEUR;2848338;693;
27.02.2025;09:38:22.652;FEXD SI 20261218 CS;SIMPLE_INSTRUMENT;BLOCK;EUR;7;159.10000000;150;EXCHANGE_LAST;;1;1;XEUR;2163053;693;
27.02.2025;09:40:35.509;FEXD.S.DEC27.DEC28.SPD;FUTURES_SPREAD;BLOCK;EUR;11;4.20000000;100;EXCHANGE_LAST;;1;1;XEUR;72060570450264162;693;
27.02.2025;09:40:35.509;FEXD SI 20271217 CS;SIMPLE_INSTRUMENT;BLOCK;EUR;11;154.00000000;100;PRC_DECOMP_EXCHANGE;;;;XEUR;2848338;693;EXCHANGE
27.02.2025;09:40:35.509;FEXD SI 20281215 CS;SIMPLE_INSTRUMENT;BLOCK;EUR;11;149.80000000;100;PRC_DECOMP_EXCHANGE;;;;XEUR;3680985;693;EXCHANGE
27.02.2025;09:40:41.810;FEXD.S.DEC27.DEC28.SPD;FUTURES_SPREAD;BLOCK;EUR;12;4.30000000;100;EXCHANGE_LAST;;1;1;XEUR;72060570450264162;693;
27.02.2025;09:40:41.810;FEXD SI 20271217 CS;SIMPLE_INSTRUMENT;BLOCK;EUR;12;154.00000000;100;PRC_DECOMP_EXCHANGE;;;;XEUR;2848338;693;EXCHANGE
27.02.2025;09:40:41.810;FEXD SI 20281215 CS;SIMPLE_INSTRUMENT;BLOCK;EUR;12;149.70000000;100;PRC_DECOMP_EXCHANGE;;;;XEUR;3680985;693;EXCHANGE
27.02.2025;11:25:05.472;FEXD SI 20261218 CS;SIMPLE_INSTRUMENT;BLOCK;EUR;33;158.90000000;250;EXCHANGE_LAST;;1;1;XEUR;2163053;693;
27.02.2025;14:45:59.548;FEXD SI 20251219 CS;SIMPLE_INSTRUMENT;BLOCK;EUR;39;165.90000000;181;EXCHANGE_LAST;;1;1;XEUR;1548120;693;
27.02.2025;14:46:25.360;FEXD SI 20251219 CS;SIMPLE_INSTRUMENT;BLOCK;EUR;40;165.80000000;181;EXCHANGE_LAST;;1;1;XEUR;1548120;693;
27.02.2025;14:55:13.801;FEXD SI 20271217 CS;SIMPLE_INSTRUMENT;BLOCK;EUR;41;154.00000000;437;EXCHANGE_LAST;;1;1;XEUR;2848338;693;
27.02.2025;14:47:51.462;FEXD SI 20291221 CS;SIMPLE_INSTRUMENT;BLOCK;EUR;42;145.70000000;101;EXCHANGE_LAST;;1;1;XEUR;4631968;693;
27.02.2025;14:48:13.445;FEXD SI 20291221 CS;SIMPLE_INSTRUMENT;BLOCK;EUR;43;145.80000000;100;EXCHANGE_LAST;;1;1;XEUR;4631968;693;
27.02.2025;15:09:28.439;FEXD SI 20261218 CS;SIMPLE_INSTRUMENT;BLOCK;EUR;46;158.40000000;400;EXCHANGE_LAST;;1;1;XEUR;2163053;693;
27.02.2025;15:15:55.561;FEXD SI 20261218 CS;SIMPLE_INSTRUMENT;BLOCK;EUR;49;158.50000000;690;EXCHANGE_LAST;;1;1;XEUR;2163053;693;
27.02.2025;15:48:10.488;FEXD SI 20261218 CS;SIMPLE_INSTRUMENT;BLOCK;EUR;53;158.80000000;160;EXCHANGE_LAST;;1;1;XEUR;2163053;693;
27.02.2025;15:51:40.273;FEXD SI 20261218 CS;SIMPLE_INSTRUMENT;BLOCK;EUR;54;158.50000000;500;EXCHANGE_LAST;;1;1;XEUR;2163053;693;
27.02.2025;15:55:05.136;FEXD SI 20261218 CS;SIMPLE_INSTRUMENT;BLOCK;EUR;55;158.90000000;287;EXCHANGE_LAST;;1;1;XEUR;2163053;693;
27.02.2025;16:13:02.249;FFOX SI 20250321 CS;SIMPLE_INSTRUMENT;BLOCK;EUR;2;4716.50000000;200;EXCHANGE_LAST;;1;1;XEUR;11338030;695;
27.02.2025;07:53:09.596;FGBL SI 20250306 PS;SIMPLE_INSTRUMENT;EFS;EUR;1;132.64000000;941;EXCHANGE_LAST;;1;1;XEUR;11286679;688;
27.02.2025;08:16:36.945;FGBL SI 20250306 PS;SIMPLE_INSTRUMENT;EFS;EUR;2;132.80000000;209;EXCHANGE_LAST;;1;1;XEUR;11286679;688;
27.02.2025;08:19:19.649;FGBL SI 20250306 PS;SIMPLE_INSTRUMENT;EFS;EUR;3;132.77000000;443;EXCHANGE_LAST;;1;1;XEUR;11286679;688;
27.02.2025;08:20:18.449;FGBL SI 20250306 PS;SIMPLE_INSTRUMENT;EFS;EUR;4;132.83000000;269;EXCHANGE_LAST;;1;1;XEUR;11286679;688;
27.02.2025;08:23:55.700;FGBL SI 20250306 PS;SIMPLE_INSTRUMENT;EFS;EUR;5;132.73000000;745;EXCHANGE_LAST;;1;1;XEUR;11286679;688;
27.02.2025;08:24:45.743;FGBL SI 20250306 PS;SIMPLE_INSTRUMENT;EFS;EUR;6;132.70000000;343;EXCHANGE_LAST;;1;1;XEUR;11286679;688;
27.02.2025;08:26:35.823;FGBL SI 20250306 PS;SIMPLE_INSTRUMENT;EFS;EUR;7;132.70000000;294;EXCHANGE_LAST;;1;1;XEUR;11286679;688;
27.02.2025;08:30:00.997;FGBL SI 20250306 PS;SIMPLE_INSTRUMENT;EFS;EUR;8;132.70000000;418;EXCHANGE_LAST;;1;1;XEUR;11286679;688;
27.02.2025;08:32:56.821;FGBL SI 20250306 PS;SIMPLE_INSTRUMENT;EFS;EUR;9;132.79000000;705;EXCHANGE_LAST;;1;1;XEUR;11286679;688;
27.02.2025;08:37:04.515;FGBL SI 20250306 PS;SIMPLE_INSTRUMENT;BLOCK;EUR;10;132.69000000;4087;EXCHANGE_LAST;;1;1;XEUR;11286679;688;
27.02.2025;08:37:12.622;FGBL SI 20250306 PS;SIMPLE_INSTRUMENT;BLOCK;EUR;11;132.70000000;4088;EXCHANGE_LAST;;1;1;XEUR;11286679;688;
27.02.2025;08:37:20.163;FGBL SI 20250606 PS;SIMPLE_INSTRUMENT;BLOCK;EUR;12;131.81000000;8175;EXCHANGE_LAST;;1;1;XEUR;11820389;688;
27.02.2025;08:40:32.013;FGBL SI 20250306 PS;SIMPLE_INSTRUMENT;EFS;EUR;13;132.67000000;418;EXCHANGE_LAST;;1;1;XEUR;11286679;688;
27.02.2025;08:43:29.010;FGBL SI 20250306 PS;SIMPLE_INSTRUMENT;EFS;EUR;14;132.68000000;461;EXCHANGE_LAST;;1;1;XEUR;11286679;688;
27.02.2025;08:51:02.899;FGBL SI 20250306 PS;SIMPLE_INSTRUMENT;EFS;EUR;15;132.66000000;418;EXCHANGE_LAST;;1;1;XEUR;11286679;688;
27.02.2025;08:51:18.915;FGBL SI 20250306 PS;SIMPLE_INSTRUMENT;EFS;EUR;16;132.66000000;418;EXCHANGE_LAST;;1;1;XEUR;11286679;688;
27.02.2025;08:51:32.930;FGBL SI 20250306 PS;SIMPLE_INSTRUMENT;EFS;EUR;17;132.66000000;418;EXCHANGE_LAST;;1;1;XEUR;11286679;688;
27.02.2025;08:55:29.456;FGBL SI 20250306 PS;SIMPLE_INSTRUMENT;EFS;EUR;18;132.77000000;940;EXCHANGE_LAST;;1;1;XEUR;11286679;688;
27.02.2025;09:05:07.305;FGBL SI 20250306 PS;SIMPLE_INSTRUMENT;EFS;EUR;19;132.64000000;372;EXCHANGE_LAST;;1;1;XEUR;11286679;688;
27.02.2025;09:11:19.842;FGBL SI 20250306 PS;SIMPLE_INSTRUMENT;EFS;EUR;20;132.61000000;373;EXCHANGE_LAST;;1;1;XEUR;11286679;688;
27.02.2025;09:14:40.782;FGBL SI 20250306 PS;SIMPLE_INSTRUMENT;EFS;EUR;21;132.62000000;395;EXCHANGE_LAST;;1;1;XEUR;11286679;688;
27.02.2025;09:16:33.948;FGBL SI 20250306 PS;SIMPLE_INSTRUMENT;EFP_FIN;EUR;22;132.61000000;185;EXCHANGE_LAST;;1;1;XEUR;11286679;688;
27.02.2025;09:16:33.545;FGBL SI 20250306 PS;SIMPLE_INSTRUMENT;EFP_FIN;EUR;23;132.64000000;192;EXCHANGE_LAST;;1;1;XEUR;11286679;688;
27.02.2025;09:19:23.689;FGBL SI 20250306 PS;SIMPLE_INSTRUMENT;EFS;EUR;24;132.68000000;28;EXCHANGE_LAST;;1;1;XEUR;11286679;688;
27.02.2025;09:21:09.342;FGBL SI 20250306 PS;SIMPLE_INSTRUMENT;BLOCK;EUR;25;132.68000000;4000;EXCHANGE_LAST;;1;1;XEUR;11286679;688;
27.02.2025;09:21:48.254;FGBL SI 20250606 PS;SIMPLE_INSTRUMENT;BLOCK;EUR;26;131.80000000;2000;EXCHANGE_LAST;;1;1;XEUR;11820389;688;
27.02.2025;09:22:28.990;FGBL SI 20250306 PS;SIMPLE_INSTRUMENT;EFP_FIN;EUR;27;132.61000000;704;EXCHANGE_LAST;;1;1;XEUR;11286679;688;
27.02.2025;09:23:33.598;FGBL SI 20250606 PS;SIMPLE_INSTRUMENT;BLOCK;EUR;28;131.79000000;2000;EXCHANGE_LAST;;1;1;XEUR;11820389;688;
27.02.2025;09:32:57.793;FGBL SI 20250306 PS;SIMPLE_INSTRUMENT;EFS;EUR;29;132.65000000;372;EXCHANGE_LAST;;1;1;XEUR;11286679;688;
27.02.2025;09:42:58.888;FGBL SI 20250306 PS;SIMPLE_INSTRUMENT;EFS;EUR;30;132.65000000;732;EXCHANGE_LAST;;1;1;XEUR;11286679;688;
27.02.2025;09:44:23.036;FGBL SI 20250606 PS;SIMPLE_INSTRUMENT;EFS;EUR;31;131.76000000;773;EXCHANGE_LAST;;1;1;XEUR;11820389;688;
27.02.2025;09:46:03.370;FGBL SI 20250306 PS;SIMPLE_INSTRUMENT;EFS;EUR;32;132.61000000;419;EXCHANGE_LAST;;1;1;XEUR;11286679;688;
27.02.2025;09:48:45.861;FGBL SI 20250306 PS;SIMPLE_INSTRUMENT;EFS;EUR;33;132.62000000;329;EXCHANGE_LAST;;1;1;XEUR;11286679;688;
27.02.2025;09:49:59.047;FGBL SI 20250306 PS;SIMPLE_INSTRUMENT;EFS;EUR;34;132.62000000;329;EXCHANGE_LAST;;1;1;XEUR;11286679;688;
27.02.2025;09:50:18.500;FGBL SI 20250306 PS;SIMPLE_INSTRUMENT;EFS;EUR;35;132.66000000;548;EXCHANGE_LAST;;1;1;XEUR;11286679;688;
27.02.2025;09:50:58.104;FGBL SI 20250306 PS;SIMPLE_INSTRUMENT;EFS;EUR;36;132.61000000;359;EXCHANGE_LAST;;1;1;XEUR;11286679;688;
27.02.2025;09:51:11.856;FGBL SI 20250606 PS;SIMPLE_INSTRUMENT;EFS;EUR;37;131.77000000;566;EXCHANGE_LAST;;1;1;XEUR;11820389;688;
27.02.2025;09:51:18.633;FGBL SI 20250306 PS;SIMPLE_INSTRUMENT;EFS;EUR;38;132.59000000;745;EXCHANGE_LAST;;1;1;XEUR;11286679;688;
27.02.2025;09:52:03.672;FGBL SI 20250306 PS;SIMPLE_INSTRUMENT;EFS;EUR;39;132.59000000;419;EXCHANGE_LAST;;1;1;XEUR;11286679;688;
27.02.2025;09:52:21.371;FGBL SI 20250606 PS;SIMPLE_INSTRUMENT;EFS;EUR;40;131.73000000;371;EXCHANGE_LAST;;1;1;XEUR;11820389;688;
27.02.2025;09:55:58.859;FGBL SI 20250306 PS;SIMPLE_INSTRUMENT;EFS;EUR;41;132.59000000;373;EXCHANGE_LAST;;1;1;XEUR;11286679;688;
27.02.2025;09:56:13.611;FGBL SI 20250306 PS;SIMPLE_INSTRUMENT;EFS;EUR;42;132.59000000;628;EXCHANGE_LAST;;1;1;XEUR;11286679;688;
27.02.2025;10:02:51.664;FGBL SI 20250306 PS;SIMPLE_INSTRUMENT;EFS;EUR;43;132.59000000;160;EXCHANGE_LAST;;1;1;XEUR;11286679;688;
27.02.2025;10:02:58.794;FGBL SI 20250306 PS;SIMPLE_INSTRUMENT;EFP_FIN;EUR;44;132.59000000;235;EXCHANGE_LAST;;1;1;XEUR;11286679;688;
27.02.2025;10:03:50.926;FGBL SI 20250306 PS;SIMPLE_INSTRUMENT;EFP_FIN;EUR;45;132.62000000;260;EXCHANGE_LAST;;1;1;XEUR;11286679;688;
27.02.2025;10:06:35.461;FGBL SI 20250306 PS;SIMPLE_INSTRUMENT;EFS;EUR;46;132.63000000;419;EXCHANGE_LAST;;1;1;XEUR;11286679;688;
27.02.2025;10:07:50.527;FGBL SI 20250306 PS;SIMPLE_INSTRUMENT;EFS;EUR;47;132.62000000;419;EXCHANGE_LAST;;1;1;XEUR;11286679;688;
27.02.2025;10:13:00.800;FGBL SI 20250306 PS;SIMPLE_INSTRUMENT;EFS;EUR;48;132.62000000;372;EXCHANGE_LAST;;1;1;XEUR;11286679;688;
27.02.2025;10:13:50.834;FGBL SI 20250306 PS;SIMPLE_INSTRUMENT;EFS;EUR;49;132.63000000;372;EXCHANGE_LAST;;1;1;XEUR;11286679;688;
27.02.2025;10:16:09.487;FGBL SI 20250306 PS;SIMPLE_INSTRUMENT;BLOCK;EUR;50;132.63000000;2001;EXCHANGE_LAST;;1;1;XEUR;11286679;688;
27.02.2025;10:17:16.978;FGBL SI 20250306 PS;SIMPLE_INSTRUMENT;EFS;EUR;51;132.63000000;419;EXCHANGE_LAST;;1;1;XEUR;11286679;688;
27.02.2025;10:18:22.033;FGBL SI 20250306 PS;SIMPLE_INSTRUMENT;EFS;EUR;52;132.63000000;419;EXCHANGE_LAST;;1;1;XEUR;11286679;688;
27.02.2025;10:18:32.044;FGBL SI 20250306 PS;SIMPLE_INSTRUMENT;EFS;EUR;53;132.63000000;372;EXCHANGE_LAST;;1;1;XEUR;11286679;688;
27.02.2025;10:18:57.072;FGBL SI 20250306 PS;SIMPLE_INSTRUMENT;EFS;EUR;54;132.62000000;372;EXCHANGE_LAST;;1;1;XEUR;11286679;688;
27.02.2025;10:20:17.137;FGBL SI 20250306 PS;SIMPLE_INSTRUMENT;EFS;EUR;55;132.64000000;372;EXCHANGE_LAST;;1;1;XEUR;11286679;688;
27.02.2025;10:21:37.203;FGBL SI 20250306 PS;SIMPLE_INSTRUMENT;EFS;EUR;56;132.62000000;372;EXCHANGE_LAST;;1;1;XEUR;11286679;688;
27.02.2025;10:23:40.063;FGBL SI 20250306 PS;SIMPLE_INSTRUMENT;EFP_FIN;EUR;57;132.63000000;174;EXCHANGE_LAST;;1;1;XEUR;11286679;688;
27.02.2025;10:26:04.573;FGBL SI 20250306 PS;SIMPLE_INSTRUMENT;EFS;EUR;58;132.62000000;1347;EXCHANGE_LAST;;1;1;XEUR;11286679;688;
27.02.2025;10:27:01.831;FGBL SI 20250606 PS;SIMPLE_INSTRUMENT;EFS;EUR;59;131.72000000;1391;EXCHANGE_LAST;;1;1;XEUR;11820389;688;
27.02.2025;10:36:33.104;FGBL SI 20250306 PS;SIMPLE_INSTRUMENT;EFP_FIN;EUR;60;132.58000000;242;EXCHANGE_LAST;;1;1;XEUR;11286679;688;
27.02.2025;10:44:18.154;FGBL SI 20250306 PS;SIMPLE_INSTRUMENT;EFS;EUR;61;132.57000000;447;EXCHANGE_LAST;;1;1;XEUR;11286679;688;
27.02.2025;10:44:42.396;FGBL SI 20250306 PS;SIMPLE_INSTRUMENT;EFS;EUR;62;132.60000000;300;EXCHANGE_LAST;;1;1;XEUR;11286679;688;
27.02.2025;10:45:12.626;FGBL SI 20250306 PS;SIMPLE_INSTRUMENT;EFS;EUR;63;132.57000000;899;EXCHANGE_LAST;;1;1;XEUR;11286679;688;
27.02.2025;10:46:04.427;FGBL SI 20250606 PS;SIMPLE_INSTRUMENT;EFS;EUR;64;131.69000000;928;EXCHANGE_LAST;;1;1;XEUR;11820389;688;
27.02.2025;10:46:58.050;FGBL SI 20250306 PS;SIMPLE_INSTRUMENT;EFP_FIN;EUR;65;132.58000000;456;EXCHANGE_LAST;;1;1;XEUR;11286679;688;
27.02.2025;10:55:19.619;FGBL SI 20250306 PS;SIMPLE_INSTRUMENT;EFS;EUR;66;132.53000000;372;EXCHANGE_LAST;;1;1;XEUR;11286679;688;
27.02.2025;11:07:04.541;FGBL SI 20250306 PS;SIMPLE_INSTRUMENT;EFS;EUR;67;132.56000000;629;EXCHANGE_LAST;;1;1;XEUR;11286679;688;
27.02.2025;11:09:41.265;FGBL SI 20250306 PS;SIMPLE_INSTRUMENT;EFS;EUR;68;132.56000000;4569;EXCHANGE_LAST;;1;1;XEUR;11286679;688;
27.02.2025;11:10:51.959;FGBL SI 20250606 PS;SIMPLE_INSTRUMENT;EFS;EUR;69;131.67000000;4574;EXCHANGE_LAST;;1;1;XEUR;11820389;688;
27.02.2025;11:15:46.849;FGBL SI 20250306 PS;SIMPLE_INSTRUMENT;EFS;EUR;70;132.54000000;517;EXCHANGE_LAST;;1;1;XEUR;11286679;688;
27.02.2025;11:17:09.973;FGBL SI 20250306 PS;SIMPLE_INSTRUMENT;EFS;EUR;71;132.54000000;418;EXCHANGE_LAST;;1;1;XEUR;11286679;688;
27.02.2025;11:17:18.878;FGBL SI 20250606 PS;SIMPLE_INSTRUMENT;EFS;EUR;72;131.65000000;534;EXCHANGE_LAST;;1;1;XEUR;11820389;688;
27.02.2025;11:19:41.370;FGBL SI 20250306 PS;SIMPLE_INSTRUMENT;EFS;EUR;73;132.54000000;418;EXCHANGE_LAST;;1;1;XEUR;11286679;688;
27.02.2025;11:25:57.913;FGBL SI 20250306 PS;SIMPLE_INSTRUMENT;EFS;EUR;74;132.53000000;372;EXCHANGE_LAST;;1;1;XEUR;11286679;688;
27.02.2025;11:27:09.366;FGBL SI 20250306 PS;SIMPLE_INSTRUMENT;EFS;EUR;75;132.56000000;418;EXCHANGE_LAST;;1;1;XEUR;11286679;688;
27.02.2025;11:27:55.122;FGBL SI 20250306 PS;SIMPLE_INSTRUMENT;EFP_FIN;EUR;76;132.54000000;1441;EXCHANGE_LAST;;1;1;XEUR;11286679;688;
27.02.2025;11:28:32.505;FGBL SI 20250306 PS;SIMPLE_INSTRUMENT;EFP_FIN;EUR;77;132.62000000;1236;EXCHANGE_LAST;;1;1;XEUR;11286679;688;
27.02.2025;11:29:23.044;FGBL SI 20250306 PS;SIMPLE_INSTRUMENT;EFS;EUR;78;132.53000000;372;EXCHANGE_LAST;;1;1;XEUR;11286679;688;
27.02.2025;11:29:56.589;FGBL SI 20250306 PS;SIMPLE_INSTRUMENT;EFS;EUR;79;132.53000000;592;EXCHANGE_LAST;;1;1;XEUR;11286679;688;
27.02.2025;11:34:48.278;FGBL SI 20250306 PS;SIMPLE_INSTRUMENT;EFS;EUR;80;132.53000000;372;EXCHANGE_LAST;;1;1;XEUR;11286679;688;
27.02.2025;11:35:38.319;FGBL SI 20250306 PS;SIMPLE_INSTRUMENT;EFS;EUR;81;132.53000000;372;EXCHANGE_LAST;;1;1;XEUR;11286679;688;
27.02.2025;11:37:26.784;FGBL SI 20250306 PS;SIMPLE_INSTRUMENT;EFS;EUR;82;132.54000000;837;EXCHANGE_LAST;;1;1;XEUR;11286679;688;
27.02.2025;11:37:43.410;FGBL SI 20250306 PS;SIMPLE_INSTRUMENT;EFS;EUR;83;132.56000000;419;EXCHANGE_LAST;;1;1;XEUR;11286679;688;
27.02.2025;11:37:48.417;FGBL SI 20250306 PS;SIMPLE_INSTRUMENT;EFS;EUR;84;132.53000000;372;EXCHANGE_LAST;;1;1;XEUR;11286679;688;
27.02.2025;11:38:39.046;FGBL SI 20250306 PS;SIMPLE_INSTRUMENT;EFS;EUR;85;132.54000000;418;EXCHANGE_LAST;;1;1;XEUR;11286679;688;
27.02.2025;11:38:53.466;FGBL SI 20250306 PS;SIMPLE_INSTRUMENT;EFS;EUR;86;132.55000000;372;EXCHANGE_LAST;;1;1;XEUR;11286679;688;
27.02.2025;11:38:58.471;FGBL SI 20250306 PS;SIMPLE_INSTRUMENT;EFS;EUR;87;132.55000000;372;EXCHANGE_LAST;;1;1;XEUR;11286679;688;
27.02.2025;11:39:09.484;FGBL SI 20250306 PS;SIMPLE_INSTRUMENT;EFS;EUR;88;132.56000000;372;EXCHANGE_LAST;;1;1;XEUR;11286679;688;
27.02.2025;11:39:13.488;FGBL SI 20250306 PS;SIMPLE_INSTRUMENT;EFS;EUR;89;132.55000000;372;EXCHANGE_LAST;;1;1;XEUR;11286679;688;
27.02.2025;11:40:13.521;FGBL SI 20250306 PS;SIMPLE_INSTRUMENT;EFS;EUR;90;132.56000000;344;EXCHANGE_LAST;;1;1;XEUR;11286679;688;
27.02.2025;11:41:08.909;FGBL SI 20250606 PS;SIMPLE_INSTRUMENT;EFS;EUR;91;131.67000000;355;EXCHANGE_LAST;;1;1;XEUR;11820389;688;
27.02.2025;11:45:53.248;FGBL SI 20250306 PS;SIMPLE_INSTRUMENT;EFP_FIN;EUR;92;132.55000000;127;EXCHANGE_LAST;;1;1;XEUR;11286679;688;
27.02.2025;11:45:59.749;FGBL SI 20250306 PS;SIMPLE_INSTRUMENT;EFS;EUR;93;132.57000000;419;EXCHANGE_LAST;;1;1;XEUR;11286679;688;
27.02.2025;11:48:45.398;FGBL SI 20250306 PS;SIMPLE_INSTRUMENT;EFP_FIN;EUR;94;132.52000000;282;EXCHANGE_LAST;;1;1;XEUR;11286679;688;
27.02.2025;11:53:02.546;FGBL SI 20250306 PS;SIMPLE_INSTRUMENT;EFP_FIN;EUR;95;132.60000000;595;EXCHANGE_LAST;;1;1;XEUR;11286679;688;
27.02.2025;11:54:23.938;FGBL SI 20250306 PS;SIMPLE_INSTRUMENT;EFP_FIN;EUR;96;132.56000000;1428;EXCHANGE_LAST;;1;1;XEUR;11286679;688;
27.02.2025;11:55:05.991;FGBL SI 20250306 PS;SIMPLE_INSTRUMENT;EFP_FIN;EUR;97;132.54000000;119;EXCHANGE_LAST;;1;1;XEUR;11286679;688;
27.02.2025;12:02:46.463;FGBL SI 20250306 PS;SIMPLE_INSTRUMENT;EFS;EUR;98;132.59000000;419;EXCHANGE_LAST;;1;1;XEUR;11286679;688;
27.02.2025;12:08:17.695;FGBL SI 20250306 PS;SIMPLE_INSTRUMENT;EFS;EUR;99;132.59000000;419;EXCHANGE_LAST;;1;1;XEUR;11286679;688;
27.02.2025;12:13:49.113;FGBL SI 20250306 PS;SIMPLE_INSTRUMENT;EFP_FIN;EUR;101;132.60000000;448;EXCHANGE_LAST;;1;1;XEUR;11286679;688;
27.02.2025;12:14:33.353;FGBL SI 20250306 PS;SIMPLE_INSTRUMENT;EFS;EUR;102;132.60000000;418;EXCHANGE_LAST;;1;1;XEUR;11286679;688;
27.02.2025;12:14:59.177;FGBL.S.MAR25.JUN25.SPD;FUTURES_SPREAD;BLOCK;EUR;103;0.88000000;2125;EXCHANGE_LAST;;1;1;XEUR;72060548975427676;688;
27.02.2025;12:14:59.177;FGBL SI 20250306 PS;SIMPLE_INSTRUMENT;BLOCK;EUR;103;132.59000000;2125;PRC_DECOMP_EXCHANGE;;;;XEUR;11286679;688;EXCHANGE
27.02.2025;12:14:59.177;FGBL SI 20250606 PS;SIMPLE_INSTRUMENT;BLOCK;EUR;103;131.71000000;2125;PRC_DECOMP_EXCHANGE;;;;XEUR;11820389;688;EXCHANGE
27.02.2025;12:18:14.689;FGBL SI 20250306 PS;SIMPLE_INSTRUMENT;BLOCK;EUR;104;132.58000000;2001;EXCHANGE_LAST;;1;1;XEUR;11286679;688;
27.02.2025;12:24:01.966;FGBL SI 20250306 PS;SIMPLE_INSTRUMENT;EFS;EUR;105;132.57000000;359;EXCHANGE_LAST;;1;1;XEUR;11286679;688;
27.02.2025;12:25:45.225;FGBL SI 20250606 PS;SIMPLE_INSTRUMENT;EFS;EUR;106;131.69000000;371;EXCHANGE_LAST;;1;1;XEUR;11820389;688;
27.02.2025;12:29:41.089;FGBL SI 20250306 PS;SIMPLE_INSTRUMENT;EFP_FIN;EUR;107;132.56000000;238;EXCHANGE_LAST;;1;1;XEUR;11286679;688;
27.02.2025;12:34:52.091;FGBL SI 20250306 PS;SIMPLE_INSTRUMENT;EFS;EUR;108;132.60000000;209;EXCHANGE_LAST;;1;1;XEUR;11286679;688;
27.02.2025;12:34:51.903;FGBL SI 20250306 PS;SIMPLE_INSTRUMENT;EFP_FIN;EUR;109;132.61000000;2156;EXCHANGE_LAST;;1;1;XEUR;11286679;688;
27.02.2025;12:40:08.378;FGBL SI 20250306 PS;SIMPLE_INSTRUMENT;EFS;EUR;110;132.63000000;329;EXCHANGE_LAST;;1;1;XEUR;11286679;688;
27.02.2025;12:40:23.395;FGBL SI 20250306 PS;SIMPLE_INSTRUMENT;EFS;EUR;111;132.63000000;329;EXCHANGE_LAST;;1;1;XEUR;11286679;688;
27.02.2025;12:41:04.011;FGBL SI 20250306 PS;SIMPLE_INSTRUMENT;EFP_FIN;EUR;112;132.59000000;317;EXCHANGE_LAST;;1;1;XEUR;11286679;688;
27.02.2025;12:43:51.886;FGBL SI 20250306 PS;SIMPLE_INSTRUMENT;EFP_FIN;EUR;113;132.60000000;895;EXCHANGE_LAST;;1;1;XEUR;11286679;688;
27.02.2025;12:45:32.038;FGBL SI 20250306 PS;SIMPLE_INSTRUMENT;EFS;EUR;114;132.58000000;1264;EXCHANGE_LAST;;1;1;XEUR;11286679;688;
27.02.2025;12:47:07.176;FGBL SI 20250606 PS;SIMPLE_INSTRUMENT;EFS;EUR;115;131.69000000;1305;EXCHANGE_LAST;;1;1;XEUR;11820389;688;
27.02.2025;12:50:22.247;FGBL SI 20250306 PS;SIMPLE_INSTRUMENT;EFP_FIN;EUR;116;132.56000000;269;EXCHANGE_LAST;;1;1;XEUR;11286679;688;
27.02.2025;12:54:43.630;FGBL SI 20250306 PS;SIMPLE_INSTRUMENT;EFP_FIN;EUR;117;132.63000000;1586;EXCHANGE_LAST;;1;1;XEUR;11286679;688;
27.02.2025;12:57:15.678;FGBL SI 20250306 PS;SIMPLE_INSTRUMENT;EFS;EUR;118;132.57000000;235;EXCHANGE_LAST;;1;1;XEUR;11286679;688;
27.02.2025;13:02:18.734;FGBL SI 20250306 PS;SIMPLE_INSTRUMENT;EFS;EUR;119;132.58000000;414;EXCHANGE_LAST;;1;1;XEUR;11286679;688;
27.02.2025;13:17:47.770;FGBL SI 20250306 PS;SIMPLE_INSTRUMENT;EFP_FIN;EUR;120;132.60000000;242;EXCHANGE_LAST;;1;1;XEUR;11286679;688;
27.02.2025;13:18:52.683;FGBL SI 20250306 PS;SIMPLE_INSTRUMENT;EFP_FIN;EUR;121;132.61000000;180;EXCHANGE_LAST;;1;1;XEUR;11286679;688;
27.02.2025;13:21:09.417;FGBL SI 20250306 PS;SIMPLE_INSTRUMENT;EFP_FIN;EUR;122;132.62000000;711;EXCHANGE_LAST;;1;1;XEUR;11286679;688;
27.02.2025;13:29:46.812;FGBL SI 20250306 PS;SIMPLE_INSTRUMENT;EFP_FIN;EUR;123;132.63000000;206;EXCHANGE_LAST;;1;1;XEUR;11286679;688;
27.02.2025;13:34:17.230;FGBL SI 20250306 PS;SIMPLE_INSTRUMENT;EFS;EUR;124;132.58000000;226;EXCHANGE_LAST;;1;1;XEUR;11286679;688;
27.02.2025;13:39:12.401;FGBL SI 20250306 PS;SIMPLE_INSTRUMENT;EFP_FIN;EUR;125;132.64000000;303;EXCHANGE_LAST;;1;1;XEUR;11286679;688;
27.02.2025;13:37:38.827;FGBL SI 20250306 PS;SIMPLE_INSTRUMENT;EFS;EUR;126;132.53000000;209;EXCHANGE_LAST;;1;1;XEUR;11286679;688;
27.02.2025;13:38:01.487;FGBL SI 20250306 PS;SIMPLE_INSTRUMENT;EFS;EUR;127;132.53000000;209;EXCHANGE_LAST;;1;1;XEUR;11286679;688;
27.02.2025;13:51:31.111;FGBL SI 20250306 PS;SIMPLE_INSTRUMENT;EFS;EUR;128;132.67000000;418;EXCHANGE_LAST;;1;1;XEUR;11286679;688;
27.02.2025;13:51:56.141;FGBL SI 20250306 PS;SIMPLE_INSTRUMENT;EFS;EUR;129;132.68000000;418;EXCHANGE_LAST;;1;1;XEUR;11286679;688;
27.02.2025;13:55:49.464;FGBL SI 20250306 PS;SIMPLE_INSTRUMENT;EFP_FIN;EUR;130;132.64000000;168;EXCHANGE_LAST;;1;1;XEUR;11286679;688;
27.02.2025;13:55:04.839;FGBL SI 20250306 PS;SIMPLE_INSTRUMENT;EFS;EUR;131;132.54000000;418;EXCHANGE_LAST;;1;1;XEUR;11286679;688;
27.02.2025;13:55:15.770;FGBL SI 20250306 PS;SIMPLE_INSTRUMENT;EFS;EUR;132;132.52000000;180;EXCHANGE_LAST;;1;1;XEUR;11286679;688;
27.02.2025;13:58:53.012;FGBL SI 20250306 PS;SIMPLE_INSTRUMENT;EFS;EUR;133;132.54000000;418;EXCHANGE_LAST;;1;1;XEUR;11286679;688;
27.02.2025;13:59:34.208;FGBL SI 20250306 PS;SIMPLE_INSTRUMENT;EFS;EUR;134;132.54000000;836;EXCHANGE_LAST;;1;1;XEUR;11286679;688;
27.02.2025;14:00:49.871;FGBL SI 20250306 PS;SIMPLE_INSTRUMENT;EFS;EUR;135;132.54000000;418;EXCHANGE_LAST;;1;1;XEUR;11286679;688;
27.02.2025;14:03:52.510;FGBL SI 20250306 PS;SIMPLE_INSTRUMENT;EFP_FIN;EUR;136;132.79000000;371;EXCHANGE_LAST;;1;1;XEUR;11286679;688;
27.02.2025;14:04:18.202;FGBL SI 20250306 PS;SIMPLE_INSTRUMENT;EFS;EUR;137;132.66000000;209;EXCHANGE_LAST;;1;1;XEUR;11286679;688;
27.02.2025;14:06:41.142;FGBL SI 20250306 PS;SIMPLE_INSTRUMENT;EFS;EUR;138;132.54000000;418;EXCHANGE_LAST;;1;1;XEUR;11286679;688;
27.02.2025;14:08:57.053;FGBL SI 20250306 PS;SIMPLE_INSTRUMENT;BLOCK;EUR;139;132.54000000;2000;EXCHANGE_LAST;;1;1;XEUR;11286679;688;
27.02.2025;14:09:06.806;FGBL SI 20250306 PS;SIMPLE_INSTRUMENT;BLOCK;EUR;140;132.55000000;2000;EXCHANGE_LAST;;1;1;XEUR;11286679;688;
27.02.2025;14:09:24.447;FGBL SI 20250606 PS;SIMPLE_INSTRUMENT;BLOCK;EUR;141;131.66000000;4000;EXCHANGE_LAST;;1;1;XEUR;11820389;688;
27.02.2025;14:30:30.405;FGBL SI 20250306 PS;SIMPLE_INSTRUMENT;EFP_FIN;EUR;142;132.71000000;159;EXCHANGE_LAST;;1;1;XEUR;11286679;688;
27.02.2025;14:32:10.204;FGBL SI 20250306 PS;SIMPLE_INSTRUMENT;EFP_FIN;EUR;143;132.70000000;395;EXCHANGE_LAST;;1;1;XEUR;11286679;688;
27.02.2025;14:32:29.956;FGBL SI 20250306 PS;SIMPLE_INSTRUMENT;EFS;EUR;144;132.69000000;418;EXCHANGE_LAST;;1;1;XEUR;11286679;688;
27.02.2025;14:32:30.956;FGBL SI 20250306 PS;SIMPLE_INSTRUMENT;EFS;EUR;145;132.68000000;418;EXCHANGE_LAST;;1;1;XEUR;11286679;688;
27.02.2025;14:34:59.348;FGBL SI 20250306 PS;SIMPLE_INSTRUMENT;EFP_FIN;EUR;146;132.71000000;73;EXCHANGE_LAST;;1;1;XEUR;11286679;688;
27.02.2025;14:37:09.524;FGBL SI 20250306 PS;SIMPLE_INSTRUMENT;EFS;EUR;147;132.71000000;612;EXCHANGE_LAST;;1;1;XEUR;11286679;688;
27.02.2025;14:41:28.547;FGBL SI 20250606 PS;SIMPLE_INSTRUMENT;EFS;EUR;148;131.75000000;462;EXCHANGE_LAST;;1;1;XEUR;11820389;688;
27.02.2025;14:42:40.368;FGBL SI 20250306 PS;SIMPLE_INSTRUMENT;EFS;EUR;149;132.64000000;452;EXCHANGE_LAST;;1;1;XEUR;11286679;688;
27.02.2025;14:49:51.614;FGBL SI 20250306 PS;SIMPLE_INSTRUMENT;EFP_FIN;EUR;150;132.68000000;498;EXCHANGE_LAST;;1;1;XEUR;11286679;688;
27.02.2025;14:51:51.806;FGBL SI 20250306 PS;SIMPLE_INSTRUMENT;EFS;EUR;151;132.82000000;418;EXCHANGE_LAST;;1;1;XEUR;11286679;688;
27.02.2025;14:51:56.812;FGBL SI 20250306 PS;SIMPLE_INSTRUMENT;EFS;EUR;152;132.82000000;209;EXCHANGE_LAST;;1;1;XEUR;11286679;688;
27.02.2025;14:52:48.131;FGBL SI 20250306 PS;SIMPLE_INSTRUMENT;BLOCK;EUR;153;132.79000000;9664;EXCHANGE_LAST;;1;1;XEUR;11286679;688;
27.02.2025;14:54:27.104;FGBL SI 20250606 PS;SIMPLE_INSTRUMENT;BLOCK;EUR;154;131.90000000;4783;EXCHANGE_LAST;;1;1;XEUR;11820389;688;
27.02.2025;14:54:46.406;FGBL SI 20250606 PS;SIMPLE_INSTRUMENT;BLOCK;EUR;155;131.91000000;4782;EXCHANGE_LAST;;1;1;XEUR;11820389;688;
27.02.2025;15:04:48.709;FGBL SI 20250306 PS;SIMPLE_INSTRUMENT;EFS;EUR;156;132.88000000;418;EXCHANGE_LAST;;1;1;XEUR;11286679;688;
27.02.2025;15:05:24.386;FGBL SI 20250306 PS;SIMPLE_INSTRUMENT;EFS;EUR;157;132.88000000;418;EXCHANGE_LAST;;1;1;XEUR;11286679;688;
27.02.2025;15:10:16.256;FGBL SI 20250306 PS;SIMPLE_INSTRUMENT;EFP_FIN;EUR;158;132.76000000;1156;EXCHANGE_LAST;;1;1;XEUR;11286679;688;
27.02.2025;15:11:26.215;FGBL SI 20250306 PS;SIMPLE_INSTRUMENT;EFP_FIN;EUR;159;132.76000000;1156;EXCHANGE_LAST;;1;1;XEUR;11286679;688;
27.02.2025;15:13:35.485;FGBL SI 20250306 PS;SIMPLE_INSTRUMENT;EFP_FIN;EUR;160;132.80000000;469;EXCHANGE_LAST;;1;1;XEUR;11286679;688;
27.02.2025;15:14:16.474;FGBL SI 20250306 PS;SIMPLE_INSTRUMENT;EFP_FIN;EUR;161;132.80000000;469;EXCHANGE_LAST;;1;1;XEUR;11286679;688;
27.02.2025;15:15:15.957;FGBL SI 20250306 PS;SIMPLE_INSTRUMENT;EFS;EUR;162;132.84000000;418;EXCHANGE_LAST;;1;1;XEUR;11286679;688;
27.02.2025;15:26:18.559;FGBL SI 20250306 PS;SIMPLE_INSTRUMENT;BLOCK;EUR;163;132.68000000;6681;EXCHANGE_LAST;;1;1;XEUR;11286679;688;
27.02.2025;15:26:36.215;FGBL SI 20250606 PS;SIMPLE_INSTRUMENT;BLOCK;EUR;164;131.79000000;3340;EXCHANGE_LAST;;1;1;XEUR;11820389;688;
27.02.2025;15:26:44.591;FGBL SI 20250606 PS;SIMPLE_INSTRUMENT;BLOCK;EUR;165;131.80000000;3341;EXCHANGE_LAST;;1;1;XEUR;11820389;688;
27.02.2025;15:28:22.368;FGBL SI 20250306 PS;SIMPLE_INSTRUMENT;EFS;EUR;166;132.75000000;418;EXCHANGE_LAST;;1;1;XEUR;11286679;688;
27.02.2025;15:30:34.008;FGBL SI 20250306 PS;SIMPLE_INSTRUMENT;EFS;EUR;167;132.73000000;418;EXCHANGE_LAST;;1;1;XEUR;11286679;688;
27.02.2025;15:35:37.697;FGBL SI 20250306 PS;SIMPLE_INSTRUMENT;EFP_FIN;EUR;168;132.70000000;125;EXCHANGE_LAST;;1;1;XEUR;11286679;688;
27.02.2025;15:40:56.581;FGBL SI 20250306 PS;SIMPLE_INSTRUMENT;BLOCK;EUR;169;132.72000000;2057;EXCHANGE_LAST;;1;1;XEUR;11286679;688;
27.02.2025;15:41:52.111;FGBL SI 20250306 PS;SIMPLE_INSTRUMENT;EFS;EUR;170;132.75000000;418;EXCHANGE_LAST;;1;1;XEUR;11286679;688;
27.02.2025;15:42:42.591;FGBL SI 20250306 PS;SIMPLE_INSTRUMENT;EFS;EUR;171;132.75000000;235;EXCHANGE_LAST;;1;1;XEUR;11286679;688;
27.02.2025;15:47:12.042;FGBL SI 20250306 PS;SIMPLE_INSTRUMENT;EFP_FIN;EUR;172;132.67000000;195;EXCHANGE_LAST;;1;1;XEUR;11286679;688;
27.02.2025;15:49:02.211;FGBL SI 20250306 PS;SIMPLE_INSTRUMENT;EFS;EUR;174;132.78000000;233;EXCHANGE_LAST;;1;1;XEUR;11286679;688;
27.02.2025;15:49:22.370;FGBL SI 20250306 PS;SIMPLE_INSTRUMENT;EFS;EUR;175;132.81000000;209;EXCHANGE_LAST;;1;1;XEUR;11286679;688;
27.02.2025;15:58:14.453;FGBL SI 20250306 PS;SIMPLE_INSTRUMENT;EFP_FIN;EUR;176;132.84000000;397;EXCHANGE_LAST;;1;1;XEUR;11286679;688;
27.02.2025;15:58:26.469;FGBL SI 20250306 PS;SIMPLE_INSTRUMENT;EFP_FIN;EUR;177;132.63000000;9517;EXCHANGE_LAST;;1;1;XEUR;11286679;688;
27.02.2025;15:59:54.129;FGBL SI 20250306 PS;SIMPLE_INSTRUMENT;EFS;EUR;178;132.70000000;1316;EXCHANGE_LAST;;1;1;XEUR;11286679;688;
27.02.2025;16:03:12.224;FGBL SI 20250306 PS;SIMPLE_INSTRUMENT;EFS;EUR;180;132.85000000;226;EXCHANGE_LAST;;1;1;XEUR;11286679;688;
27.02.2025;16:08:16.784;FGBL SI 20250306 PS;SIMPLE_INSTRUMENT;EFP_FIN;EUR;181;132.84000000;225;EXCHANGE_LAST;;1;1;XEUR;11286679;688;
27.02.2025;16:18:09.490;FGBL SI 20250606 PS;SIMPLE_INSTRUMENT;EFS;EUR;182;131.97000000;74;EXCHANGE_LAST;;1;1;XEUR;11820389;688;
27.02.2025;16:38:48.979;FGBL SI 20250306 PS;SIMPLE_INSTRUMENT;EFS;EUR;183;132.80000000;418;EXCHANGE_LAST;;1;1;XEUR;11286679;688;
27.02.2025;16:37:11.752;FGBL SI 20250306 PS;SIMPLE_INSTRUMENT;EFS;EUR;184;132.90000000;418;EXCHANGE_LAST;;1;1;XEUR;11286679;688;
27.02.2025;16:38:12.347;FGBL SI 20250306 PS;SIMPLE_INSTRUMENT;EFP_FIN;EUR;185;132.74000000;225;EXCHANGE_LAST;;1;1;XEUR;11286679;688;
27.02.2025;16:41:37.449;FGBL SI 20250306 PS;SIMPLE_INSTRUMENT;EFS;EUR;186;132.90000000;418;EXCHANGE_LAST;;1;1;XEUR;11286679;688;
27.02.2025;16:42:51.995;FGBL SI 20250306 PS;SIMPLE_INSTRUMENT;EFS;EUR;187;132.91000000;209;EXCHANGE_LAST;;1;1;XEUR;11286679;688;
27.02.2025;16:43:28.021;FGBL SI 20250306 PS;SIMPLE_INSTRUMENT;EFS;EUR;188;132.94000000;418;EXCHANGE_LAST;;1;1;XEUR;11286679;688;
27.02.2025;17:06:41.425;FGBL SI 20250606 PS;SIMPLE_INSTRUMENT;EFS;EUR;189;132.04000000;678;EXCHANGE_LAST;;1;1;XEUR;11820389;688;
27.02.2025;17:07:28.275;FGBL SI 20250306 PS;SIMPLE_INSTRUMENT;EFS;EUR;190;132.88000000;1305;EXCHANGE_LAST;;1;1;XEUR;11286679;688;
27.02.2025;17:10:07.742;FGBL SI 20250306 PS;SIMPLE_INSTRUMENT;EFS;EUR;191;132.89000000;208;EXCHANGE_LAST;;1;1;XEUR;11286679;688;
27.02.2025;17:10:12.514;FGBL SI 20250306 PS;SIMPLE_INSTRUMENT;EFS;EUR;192;132.76000000;658;EXCHANGE_LAST;;1;1;XEUR;11286679;688;
27.02.2025;17:11:46.767;FGBL SI 20250606 PS;SIMPLE_INSTRUMENT;EFS;EUR;193;132.01000000;213;EXCHANGE_LAST;;1;1;XEUR;11820389;688;
27.02.2025;17:20:22.930;FGBL SI 20250306 PS;SIMPLE_INSTRUMENT;EFP_FIN;EUR;194;132.82000000;238;EXCHANGE_LAST;;1;1;XEUR;11286679;688;
27.02.2025;07:41:30.035;FGBL SI 20250606 PS;SIMPLE_INSTRUMENT;VOLA;EUR;268435460;131.98000000;95;EXCHANGE_LAST;;1;1;XEUR;11820389;688;
27.02.2025;07:41:53.038;FGBL SI 20250606 PS;SIMPLE_INSTRUMENT;VOLA;EUR;268435461;131.98000000;95;EXCHANGE_LAST;;1;1;XEUR;11820389;688;
27.02.2025;09:21:36.334;FGBL SI 20250606 PS;SIMPLE_INSTRUMENT;VOLA;EUR;268435475;131.76000000;40;EXCHANGE_LAST;;1;1;XEUR;11820389;688;
27.02.2025;09:24:07.354;FGBL SI 20250606 PS;SIMPLE_INSTRUMENT;VOLA;EUR;268435476;131.76000000;20;EXCHANGE_LAST;;1;1;XEUR;11820389;688;
27.02.2025;10:47:39.360;FGBL SI 20250306 PS;SIMPLE_INSTRUMENT;VOLA;EUR;268435486;132.58000000;225;EXCHANGE_LAST;;1;1;XEUR;11286679;688;
27.02.2025;11:54:34.105;FGBL SI 20250606 PS;SIMPLE_INSTRUMENT;VOLA;EUR;268435494;131.66000000;90;EXCHANGE_LAST;;1;1;XEUR;11820389;688;
27.02.2025;12:55:08.848;FGBL SI 20250606 PS;SIMPLE_INSTRUMENT;VOLA;EUR;268435498;131.60000000;7;EXCHANGE_LAST;;1;1;XEUR;11820389;688;
27.02.2025;13:35:12.945;FGBL SI 20250306 PS;SIMPLE_INSTRUMENT;VOLA;EUR;268435506;132.63000000;65;EXCHANGE_LAST;;1;1;XEUR;11286679;688;
27.02.2025;14:17:13.988;FGBL SI 20250606 PS;SIMPLE_INSTRUMENT;VOLA;EUR;268435512;131.85000000;155;EXCHANGE_LAST;;1;1;XEUR;11820389;688;
27.02.2025;14:17:36.998;FGBL SI 20250606 PS;SIMPLE_INSTRUMENT;VOLA;EUR;268435513;131.85000000;155;EXCHANGE_LAST;;1;1;XEUR;11820389;688;
27.02.2025;15:50:33.250;FGBL SI 20250306 PS;SIMPLE_INSTRUMENT;VOLA;EUR;268435531;132.76000000;1300;EXCHANGE_LAST;;1;1;XEUR;11286679;688;
27.02.2025;16:03:50.867;FGBL SI 20250306 PS;SIMPLE_INSTRUMENT;VOLA;EUR;268435537;132.80000000;204;EXCHANGE_LAST;;1;1;XEUR;11286679;688;
27.02.2025;08:18:25.712;FGBM SI 20250306 PS;SIMPLE_INSTRUMENT;EFS;EUR;1;117.65000000;926;EXCHANGE_LAST;;1;1;XEUR;11286680;689;
27.02.2025;08:27:46.830;FGBM SI 20250306 PS;SIMPLE_INSTRUMENT;EFS;EUR;2;117.63000000;463;EXCHANGE_LAST;;1;1;XEUR;11286680;689;
27.02.2025;08:29:09.717;FGBM SI 20250306 PS;SIMPLE_INSTRUMENT;EFS;EUR;3;117.63000000;463;EXCHANGE_LAST;;1;1;XEUR;11286680;689;
27.02.2025;08:35:09.585;FGBM SI 20250306 PS;SIMPLE_INSTRUMENT;EFS;EUR;4;117.62000000;463;EXCHANGE_LAST;;1;1;XEUR;11286680;689;
27.02.2025;08:35:36.220;FGBM SI 20250306 PS;SIMPLE_INSTRUMENT;EFS;EUR;5;117.61000000;926;EXCHANGE_LAST;;1;1;XEUR;11286680;689;
27.02.2025;08:36:26.263;FGBM SI 20250306 PS;SIMPLE_INSTRUMENT;EFS;EUR;6;117.61000000;926;EXCHANGE_LAST;;1;1;XEUR;11286680;689;
27.02.2025;08:43:40.987;FGBM SI 20250306 PS;SIMPLE_INSTRUMENT;EFP_FIN;EUR;7;117.65000000;280;EXCHANGE_LAST;;1;1;XEUR;11286680;689;
27.02.2025;08:45:04.021;FGBM SI 20250306 PS;SIMPLE_INSTRUMENT;EFP_FIN;EUR;8;117.61000000;2000;EXCHANGE_LAST;;1;1;XEUR;11286680;689;
27.02.2025;08:55:01.454;FGBM SI 20250306 PS;SIMPLE_INSTRUMENT;EFS;EUR;9;117.65000000;3946;EXCHANGE_LAST;;1;1;XEUR;11286680;689;
27.02.2025;08:59:09.872;FGBM SI 20250306 PS;SIMPLE_INSTRUMENT;EFP_FIN;EUR;10;117.62000000;257;EXCHANGE_LAST;;1;1;XEUR;11286680;689;
27.02.2025;09:04:04.505;FGBM SI 20250306 PS;SIMPLE_INSTRUMENT;EFS;EUR;11;117.60000000;926;EXCHANGE_LAST;;1;1;XEUR;11286680;689;
27.02.2025;09:07:23.374;FGBM SI 20250306 PS;SIMPLE_INSTRUMENT;EFS;EUR;12;117.60000000;463;EXCHANGE_LAST;;1;1;XEUR;11286680;689;
27.02.2025;09:09:26.002;FGBM SI 20250306 PS;SIMPLE_INSTRUMENT;EFS;EUR;13;117.60000000;926;EXCHANGE_LAST;;1;1;XEUR;11286680;689;
27.02.2025;09:12:47.349;FGBM SI 20250306 PS;SIMPLE_INSTRUMENT;EFP_FIN;EUR;14;117.61000000;1371;EXCHANGE_LAST;;1;1;XEUR;11286680;689;
27.02.2025;09:14:24.710;FGBM SI 20250306 PS;SIMPLE_INSTRUMENT;EFP_FIN;EUR;15;117.63000000;935;EXCHANGE_LAST;;1;1;XEUR;11286680;689;
27.02.2025;09:15:15.154;FGBM SI 20250306 PS;SIMPLE_INSTRUMENT;EFP_FIN;EUR;16;117.63000000;708;EXCHANGE_LAST;;1;1;XEUR;11286680;689;
27.02.2025;09:36:33.431;FGBM SI 20250306 PS;SIMPLE_INSTRUMENT;EFP_FIN;EUR;17;117.62000000;1294;EXCHANGE_LAST;;1;1;XEUR;11286680;689;
27.02.2025;09:36:47.963;FGBM SI 20250306 PS;SIMPLE_INSTRUMENT;EFP_FIN;EUR;18;117.62000000;863;EXCHANGE_LAST;;1;1;XEUR;11286680;689;
27.02.2025;09:43:03.226;FGBM SI 20250306 PS;SIMPLE_INSTRUMENT;EFS;EUR;19;117.60000000;463;EXCHANGE_LAST;;1;1;XEUR;11286680;689;
27.02.2025;09:43:33.251;FGBM SI 20250306 PS;SIMPLE_INSTRUMENT;EFS;EUR;20;117.60000000;463;EXCHANGE_LAST;;1;1;XEUR;11286680;689;
27.02.2025;09:45:56.898;FGBM SI 20250306 PS;SIMPLE_INSTRUMENT;EFS;EUR;21;117.59000000;463;EXCHANGE_LAST;;1;1;XEUR;11286680;689;
27.02.2025;09:50:28.385;FGBM SI 20250306 PS;SIMPLE_INSTRUMENT;EFS;EUR;22;117.59000000;463;EXCHANGE_LAST;;1;1;XEUR;11286680;689;
27.02.2025;09:50:50.038;FGBM SI 20250306 PS;SIMPLE_INSTRUMENT;EFS;EUR;23;117.58000000;463;EXCHANGE_LAST;;1;1;XEUR;11286680;689;
27.02.2025;09:53:23.740;FGBM SI 20250306 PS;SIMPLE_INSTRUMENT;EFS;EUR;24;117.58000000;926;EXCHANGE_LAST;;1;1;XEUR;11286680;689;
27.02.2025;09:59:03.666;FGBM SI 20250306 PS;SIMPLE_INSTRUMENT;EFS;EUR;25;117.60000000;3772;EXCHANGE_LAST;;1;1;XEUR;11286680;689;
27.02.2025;10:01:05.121;FGBM SI 20250306 PS;SIMPLE_INSTRUMENT;EFS;EUR;26;117.60000000;926;EXCHANGE_LAST;;1;1;XEUR;11286680;689;
27.02.2025;10:01:16.622;FGBM SI 20250606 PS;SIMPLE_INSTRUMENT;EFS;EUR;27;118.58000000;3538;EXCHANGE_LAST;;1;1;XEUR;11820390;689;
27.02.2025;10:06:25.748;FGBM SI 20250306 PS;SIMPLE_INSTRUMENT;EFP_FIN;EUR;28;117.60000000;492;EXCHANGE_LAST;;1;1;XEUR;11286680;689;
27.02.2025;10:07:39.881;FGBM SI 20250306 PS;SIMPLE_INSTRUMENT;EFS;EUR;29;117.59000000;2104;EXCHANGE_LAST;;1;1;XEUR;11286680;689;
27.02.2025;10:08:05.550;FGBM SI 20250306 PS;SIMPLE_INSTRUMENT;EFS;EUR;30;117.61000000;926;EXCHANGE_LAST;;1;1;XEUR;11286680;689;
27.02.2025;10:08:49.296;FGBM SI 20250606 PS;SIMPLE_INSTRUMENT;EFS;EUR;31;118.57000000;2073;EXCHANGE_LAST;;1;1;XEUR;11820390;689;
27.02.2025;10:21:19.727;FGBM SI 20250306 PS;SIMPLE_INSTRUMENT;EFS;EUR;32;117.61000000;471;EXCHANGE_LAST;;1;1;XEUR;11286680;689;
27.02.2025;10:22:42.117;FGBM SI 20250306 PS;SIMPLE_INSTRUMENT;EFP_FIN;EUR;33;117.61000000;234;EXCHANGE_LAST;;1;1;XEUR;11286680;689;
27.02.2025;10:37:39.582;FGBM SI 20250306 PS;SIMPLE_INSTRUMENT;EFP_FIN;EUR;34;117.58000000;431;EXCHANGE_LAST;;1;1;XEUR;11286680;689;
27.02.2025;10:57:40.747;FGBM SI 20250606 PS;SIMPLE_INSTRUMENT;EFS;EUR;35;118.57000000;232;EXCHANGE_LAST;;1;1;XEUR;11820390;689;
27.02.2025;11:04:21.727;FGBM SI 20250306 PS;SIMPLE_INSTRUMENT;EFP_FIN;EUR;36;117.57000000;234;EXCHANGE_LAST;;1;1;XEUR;11286680;689;
27.02.2025;11:15:03.223;FGBM SI 20250306 PS;SIMPLE_INSTRUMENT;EFS;EUR;37;117.57000000;463;EXCHANGE_LAST;;1;1;XEUR;11286680;689;
27.02.2025;11:22:14.889;FGBM SI 20250306 PS;SIMPLE_INSTRUMENT;EFP_FIN;EUR;38;117.55000000;343;EXCHANGE_LAST;;1;1;XEUR;11286680;689;
27.02.2025;11:22:27.760;FGBM SI 20250306 PS;SIMPLE_INSTRUMENT;EFS;EUR;39;117.57000000;927;EXCHANGE_LAST;;1;1;XEUR;11286680;689;
27.02.2025;11:38:20.729;FGBM SI 20250306 PS;SIMPLE_INSTRUMENT;EFS;EUR;40;117.56000000;987;EXCHANGE_LAST;;1;1;XEUR;11286680;689;
27.02.2025;11:58:02.834;FGBM SI 20250306 PS;SIMPLE_INSTRUMENT;EFP_FIN;EUR;41;117.58000000;425;EXCHANGE_LAST;;1;1;XEUR;11286680;689;
27.02.2025;12:03:05.063;FGBM SI 20250306 PS;SIMPLE_INSTRUMENT;EFS;EUR;42;117.58000000;754;EXCHANGE_LAST;;1;1;XEUR;11286680;689;
27.02.2025;12:05:53.573;FGBM SI 20250306 PS;SIMPLE_INSTRUMENT;EFP_FIN;EUR;43;117.59000000;932;EXCHANGE_LAST;;1;1;XEUR;11286680;689;
27.02.2025;12:05:00.070;FGBM SI 20250606 PS;SIMPLE_INSTRUMENT;EFS;EUR;44;118.57000000;708;EXCHANGE_LAST;;1;1;XEUR;11820390;689;
27.02.2025;12:05:58.628;FGBM SI 20250306 PS;SIMPLE_INSTRUMENT;EFP_FIN;EUR;45;117.59000000;216;EXCHANGE_LAST;;1;1;XEUR;11286680;689;
27.02.2025;12:12:21.795;FGBM SI 20250306 PS;SIMPLE_INSTRUMENT;EFS;EUR;46;117.58000000;9421;EXCHANGE_LAST;;1;1;XEUR;11286680;689;
27.02.2025;12:13:31.799;FGBM SI 20250606 PS;SIMPLE_INSTRUMENT;EFS;EUR;47;118.56000000;8847;EXCHANGE_LAST;;1;1;XEUR;11820390;689;
27.02.2025;12:16:24.931;FGBM SI 20250306 PS;SIMPLE_INSTRUMENT;EFS;EUR;48;117.59000000;777;EXCHANGE_LAST;;1;1;XEUR;11286680;689;
27.02.2025;12:17:58.118;FGBM SI 20250306 PS;SIMPLE_INSTRUMENT;EFS;EUR;49;117.58000000;926;EXCHANGE_LAST;;1;1;XEUR;11286680;689;
27.02.2025;12:18:03.124;FGBM SI 20250306 PS;SIMPLE_INSTRUMENT;EFS;EUR;50;117.60000000;926;EXCHANGE_LAST;;1;1;XEUR;11286680;689;
27.02.2025;12:32:33.732;FGBM SI 20250306 PS;SIMPLE_INSTRUMENT;EFS;EUR;51;117.59000000;14130;EXCHANGE_LAST;;1;1;XEUR;11286680;689;
27.02.2025;12:33:55.017;FGBM SI 20250606 PS;SIMPLE_INSTRUMENT;EFS;EUR;52;118.57000000;13269;EXCHANGE_LAST;;1;1;XEUR;11820390;689;
27.02.2025;13:35:04.305;FGBM SI 20250306 PS;SIMPLE_INSTRUMENT;EFS;EUR;53;117.62000000;300;EXCHANGE_LAST;;1;1;XEUR;11286680;689;
27.02.2025;14:03:42.731;FGBM SI 20250306 PS;SIMPLE_INSTRUMENT;EFS;EUR;54;117.60000000;438;EXCHANGE_LAST;;1;1;XEUR;11286680;689;
27.02.2025;14:04:11.949;FGBM SI 20250306 PS;SIMPLE_INSTRUMENT;EFP_FIN;EUR;55;117.68000000;1295;EXCHANGE_LAST;;1;1;XEUR;11286680;689;
27.02.2025;14:05:09.364;FGBM SI 20250306 PS;SIMPLE_INSTRUMENT;EFS;EUR;56;117.67000000;925;EXCHANGE_LAST;;1;1;XEUR;11286680;689;
27.02.2025;14:09:47.657;FGBM SI 20250306 PS;SIMPLE_INSTRUMENT;EFS;EUR;57;117.67000000;749;EXCHANGE_LAST;;1;1;XEUR;11286680;689;
27.02.2025;14:13:08.498;FGBM SI 20250306 PS;SIMPLE_INSTRUMENT;EFP_FIN;EUR;58;117.68000000;863;EXCHANGE_LAST;;1;1;XEUR;11286680;689;
27.02.2025;14:12:20.879;FGBM SI 20250306 PS;SIMPLE_INSTRUMENT;EFS;EUR;59;117.68000000;374;EXCHANGE_LAST;;1;1;XEUR;11286680;689;
27.02.2025;14:13:57.913;FGBM SI 20250306 PS;SIMPLE_INSTRUMENT;EFS;EUR;60;117.69000000;925;EXCHANGE_LAST;;1;1;XEUR;11286680;689;
27.02.2025;14:14:20.770;FGBM SI 20250306 PS;SIMPLE_INSTRUMENT;EFS;EUR;61;117.68000000;465;EXCHANGE_LAST;;1;1;XEUR;11286680;689;
27.02.2025;14:14:21.581;FGBM SI 20250306 PS;SIMPLE_INSTRUMENT;EFP_FIN;EUR;62;117.69000000;867;EXCHANGE_LAST;;1;1;XEUR;11286680;689;
27.02.2025;14:26:53.642;FGBM SI 20250306 PS;SIMPLE_INSTRUMENT;EFS;EUR;63;117.66000000;749;EXCHANGE_LAST;;1;1;XEUR;11286680;689;
27.02.2025;14:29:11.864;FGBM SI 20250306 PS;SIMPLE_INSTRUMENT;EFS;EUR;64;117.66000000;925;EXCHANGE_LAST;;1;1;XEUR;11286680;689;
27.02.2025;14:30:38.390;FGBM SI 20250306 PS;SIMPLE_INSTRUMENT;EFS;EUR;65;117.65000000;749;EXCHANGE_LAST;;1;1;XEUR;11286680;689;
27.02.2025;14:34:59.899;FGBM SI 20250306 PS;SIMPLE_INSTRUMENT;EFP_FIN;EUR;66;117.69000000;663;EXCHANGE_LAST;;1;1;XEUR;11286680;689;
27.02.2025;14:41:37.041;FGBM SI 20250306 PS;SIMPLE_INSTRUMENT;EFS;EUR;67;117.66000000;324;EXCHANGE_LAST;;1;1;XEUR;11286680;689;
27.02.2025;14:44:03.156;FGBM SI 20250306 PS;SIMPLE_INSTRUMENT;EFS;EUR;68;117.65000000;1375;EXCHANGE_LAST;;1;1;XEUR;11286680;689;
27.02.2025;14:44:26.440;FGBM SI 20250306 PS;SIMPLE_INSTRUMENT;BLOCK;EUR;69;117.66000000;16187;EXCHANGE_LAST;;1;1;XEUR;11286680;689;
27.02.2025;14:44:37.206;FGBM SI 20250606 PS;SIMPLE_INSTRUMENT;EFS;EUR;70;118.64000000;1291;EXCHANGE_LAST;;1;1;XEUR;11820390;689;
27.02.2025;14:45:27.493;FGBM SI 20250606 PS;SIMPLE_INSTRUMENT;BLOCK;EUR;71;118.64000000;7107;EXCHANGE_LAST;;1;1;XEUR;11820390;689;
27.02.2025;14:45:37.245;FGBM SI 20250606 PS;SIMPLE_INSTRUMENT;BLOCK;EUR;72;118.65000000;7108;EXCHANGE_LAST;;1;1;XEUR;11820390;689;
27.02.2025;14:46:23.425;FGBM SI 20250306 PS;SIMPLE_INSTRUMENT;EFP_FIN;EUR;73;117.65000000;201;EXCHANGE_LAST;;1;1;XEUR;11286680;689;
27.02.2025;14:46:23.425;FGBM SI 20250306 PS;SIMPLE_INSTRUMENT;EFP_FIN;EUR;74;117.65000000;153;EXCHANGE_LAST;;1;1;XEUR;11286680;689;
27.02.2025;14:52:24.127;FGBM SI 20250306 PS;SIMPLE_INSTRUMENT;EFS;EUR;75;117.71000000;925;EXCHANGE_LAST;;1;1;XEUR;11286680;689;
27.02.2025;14:52:26.838;FGBM SI 20250306 PS;SIMPLE_INSTRUMENT;EFS;EUR;76;117.71000000;926;EXCHANGE_LAST;;1;1;XEUR;11286680;689;
27.02.2025;14:55:52.763;FGBM SI 20250306 PS;SIMPLE_INSTRUMENT;EFS;EUR;77;117.73000000;925;EXCHANGE_LAST;;1;1;XEUR;11286680;689;
27.02.2025;14:57:21.717;FGBM SI 20250306 PS;SIMPLE_INSTRUMENT;EFS;EUR;78;117.71000000;1156;EXCHANGE_LAST;;1;1;XEUR;11286680;689;
27.02.2025;15:03:12.319;FGBM SI 20250306 PS;SIMPLE_INSTRUMENT;EFS;EUR;79;117.77000000;463;EXCHANGE_LAST;;1;1;XEUR;11286680;689;
27.02.2025;15:05:35.478;FGBM SI 20250306 PS;SIMPLE_INSTRUMENT;EFS;EUR;80;117.72000000;986;EXCHANGE_LAST;;1;1;XEUR;11286680;689;
27.02.2025;15:17:59.946;FGBM SI 20250306 PS;SIMPLE_INSTRUMENT;EFS;EUR;81;117.72000000;986;EXCHANGE_LAST;;1;1;XEUR;11286680;689;
27.02.2025;15:20:05.009;FGBM SI 20250306 PS;SIMPLE_INSTRUMENT;EFS;EUR;82;117.71000000;926;EXCHANGE_LAST;;1;1;XEUR;11286680;689;
27.02.2025;15:23:25.175;FGBM SI 20250306 PS;SIMPLE_INSTRUMENT;EFS;EUR;83;117.70000000;500;EXCHANGE_LAST;;1;1;XEUR;11286680;689;
27.02.2025;15:26:29.487;FGBM SI 20250306 PS;SIMPLE_INSTRUMENT;EFS;EUR;84;117.75000000;986;EXCHANGE_LAST;;1;1;XEUR;11286680;689;
27.02.2025;15:28:48.575;FGBM SI 20250306 PS;SIMPLE_INSTRUMENT;EFP_FIN;EUR;85;117.69000000;863;EXCHANGE_LAST;;1;1;XEUR;11286680;689;
27.02.2025;15:32:55.228;FGBM SI 20250306 PS;SIMPLE_INSTRUMENT;EFP_FIN;EUR;86;117.70000000;886;EXCHANGE_LAST;;1;1;XEUR;11286680;689;
27.02.2025;15:37:18.721;FGBM SI 20250306 PS;SIMPLE_INSTRUMENT;EFP_FIN;EUR;87;117.69000000;85;EXCHANGE_LAST;;1;1;XEUR;11286680;689;
27.02.2025;15:38:10.926;FGBM SI 20250306 PS;SIMPLE_INSTRUMENT;EFS;EUR;88;117.74000000;462;EXCHANGE_LAST;;1;1;XEUR;11286680;689;
27.02.2025;15:41:04.675;FGBM SI 20250306 PS;SIMPLE_INSTRUMENT;EFP_FIN;EUR;89;117.69000000;228;EXCHANGE_LAST;;1;1;XEUR;11286680;689;
27.02.2025;15:41:43.862;FGBM SI 20250306 PS;SIMPLE_INSTRUMENT;EFS;EUR;90;117.74000000;231;EXCHANGE_LAST;;1;1;XEUR;11286680;689;
27.02.2025;15:43:46.071;FGBM SI 20250306 PS;SIMPLE_INSTRUMENT;EFS;EUR;91;117.74000000;693;EXCHANGE_LAST;;1;1;XEUR;11286680;689;
27.02.2025;15:46:17.456;FGBM SI 20250606 PS;SIMPLE_INSTRUMENT;EFP_FIN;EUR;92;118.70000000;1278;EXCHANGE_LAST;;1;1;XEUR;11820390;689;
27.02.2025;15:46:55.289;FGBM SI 20250306 PS;SIMPLE_INSTRUMENT;EFS;EUR;93;117.70000000;925;EXCHANGE_LAST;;1;1;XEUR;11286680;689;
27.02.2025;15:52:31.827;FGBM SI 20250306 PS;SIMPLE_INSTRUMENT;EFP_FIN;EUR;94;117.70000000;647;EXCHANGE_LAST;;1;1;XEUR;11286680;689;
27.02.2025;16:01:59.312;FGBM SI 20250306 PS;SIMPLE_INSTRUMENT;EFS;EUR;95;117.73000000;925;EXCHANGE_LAST;;1;1;XEUR;11286680;689;
27.02.2025;16:07:58.478;FGBM SI 20250306 PS;SIMPLE_INSTRUMENT;EFS;EUR;96;117.75000000;463;EXCHANGE_LAST;;1;1;XEUR;11286680;689;
27.02.2025;16:12:06.177;FGBM SI 20250306 PS;SIMPLE_INSTRUMENT;EFS;EUR;97;117.73000000;925;EXCHANGE_LAST;;1;1;XEUR;11286680;689;
27.02.2025;16:37:08.789;FGBM SI 20250306 PS;SIMPLE_INSTRUMENT;EFP_FIN;EUR;98;117.77000000;863;EXCHANGE_LAST;;1;1;XEUR;11286680;689;
27.02.2025;16:41:45.085;FGBM SI 20250306 PS;SIMPLE_INSTRUMENT;EFS;EUR;99;117.74000000;462;EXCHANGE_LAST;;1;1;XEUR;11286680;689;
27.02.2025;17:09:07.031;FGBM SI 20250306 PS;SIMPLE_INSTRUMENT;EFS;EUR;100;117.75000000;2740;EXCHANGE_LAST;;1;1;XEUR;11286680;689;
27.02.2025;17:11:05.274;FGBM SI 20250306 PS;SIMPLE_INSTRUMENT;EFS;EUR;101;117.76000000;926;EXCHANGE_LAST;;1;1;XEUR;11286680;689;
27.02.2025;08:16:58.115;FGBS SI 20250306 PS;SIMPLE_INSTRUMENT;EFS;EUR;1;106.87000000;3136;EXCHANGE_LAST;;1;1;XEUR;11286681;690;
27.02.2025;08:31:54.952;FGBS SI 20250306 PS;SIMPLE_INSTRUMENT;EFP_FIN;EUR;2;106.86000000;1805;EXCHANGE_LAST;;1;1;XEUR;11286681;690;
27.02.2025;08:55:56.458;FGBS SI 20250306 PS;SIMPLE_INSTRUMENT;EFS;EUR;3;106.86000000;5474;EXCHANGE_LAST;;1;1;XEUR;11286681;690;
27.02.2025;09:13:31.778;FGBS SI 20250306 PS;SIMPLE_INSTRUMENT;EFS;EUR;4;106.87000000;7833;EXCHANGE_LAST;;1;1;XEUR;11286681;690;
27.02.2025;09:14:29.869;FGBS SI 20250306 PS;SIMPLE_INSTRUMENT;EFP_FIN;EUR;5;106.85500000;1240;EXCHANGE_LAST;;1;1;XEUR;11286681;690;
27.02.2025;09:23:47.424;FGBS SI 20250306 PS;SIMPLE_INSTRUMENT;EFS;EUR;6;106.85500000;919;EXCHANGE_LAST;;1;1;XEUR;11286681;690;
27.02.2025;09:24:56.740;FGBS SI 20250606 PS;SIMPLE_INSTRUMENT;EFS;EUR;7;106.97000000;948;EXCHANGE_LAST;;1;1;XEUR;11820391;690;
27.02.2025;09:30:21.546;FGBS SI 20250306 PS;SIMPLE_INSTRUMENT;EFP_FIN;EUR;8;106.86500000;823;EXCHANGE_LAST;;1;1;XEUR;11286681;690;
27.02.2025;09:39:21.658;FGBS SI 20250306 PS;SIMPLE_INSTRUMENT;EFP_FIN;EUR;10;106.86500000;379;EXCHANGE_LAST;;1;1;XEUR;11286681;690;
27.02.2025;09:40:03.534;FGBS SI 20250306 PS;SIMPLE_INSTRUMENT;EFP_FIN;EUR;11;106.86000000;935;EXCHANGE_LAST;;1;1;XEUR;11286681;690;
27.02.2025;09:40:48.033;FGBS SI 20250306 PS;SIMPLE_INSTRUMENT;EFP_FIN;EUR;12;106.86000000;935;EXCHANGE_LAST;;1;1;XEUR;11286681;690;
27.02.2025;09:48:26.443;FGBS SI 20250306 PS;SIMPLE_INSTRUMENT;EFP_FIN;EUR;13;106.86000000;412;EXCHANGE_LAST;;1;1;XEUR;11286681;690;
27.02.2025;09:47:47.803;FGBS SI 20250306 PS;SIMPLE_INSTRUMENT;EFP_FIN;EUR;14;106.86000000;468;EXCHANGE_LAST;;1;1;XEUR;11286681;690;
27.02.2025;09:50:30.436;FGBS SI 20250306 PS;SIMPLE_INSTRUMENT;EFS;EUR;16;106.86000000;2721;EXCHANGE_LAST;;1;1;XEUR;11286681;690;
27.02.2025;09:51:30.713;FGBS SI 20250606 PS;SIMPLE_INSTRUMENT;EFS;EUR;17;106.97000000;2722;EXCHANGE_LAST;;1;1;XEUR;11820391;690;
27.02.2025;09:57:46.965;FGBS SI 20250306 PS;SIMPLE_INSTRUMENT;EFP_FIN;EUR;18;106.86000000;467;EXCHANGE_LAST;;1;1;XEUR;11286681;690;
27.02.2025;09:57:35.835;FGBS SI 20250306 PS;SIMPLE_INSTRUMENT;EFP_FIN;EUR;19;106.86000000;468;EXCHANGE_LAST;;1;1;XEUR;11286681;690;
27.02.2025;10:01:35.659;FGBS SI 20250306 PS;SIMPLE_INSTRUMENT;EFS;EUR;20;106.86000000;964;EXCHANGE_LAST;;1;1;XEUR;11286681;690;
27.02.2025;10:04:02.670;FGBS SI 20250606 PS;SIMPLE_INSTRUMENT;BLOCK;EUR;21;106.96500000;5000;EXCHANGE_LAST;;1;1;XEUR;11820391;690;
27.02.2025;10:03:56.669;FGBS SI 20250306 PS;SIMPLE_INSTRUMENT;BLOCK;EUR;22;106.86000000;5000;EXCHANGE_LAST;;1;1;XEUR;11286681;690;
27.02.2025;10:11:09.694;FGBS SI 20250306 PS;SIMPLE_INSTRUMENT;EFP_FIN;EUR;23;106.85500000;935;EXCHANGE_LAST;;1;1;XEUR;11286681;690;
27.02.2025;10:07:49.696;FGBS SI 20250306 PS;SIMPLE_INSTRUMENT;EFP_FIN;EUR;24;106.86000000;467;EXCHANGE_LAST;;1;1;XEUR;11286681;690;
27.02.2025;10:12:11.951;FGBS SI 20250306 PS;SIMPLE_INSTRUMENT;EFS;EUR;25;106.86000000;7833;EXCHANGE_LAST;;1;1;XEUR;11286681;690;
27.02.2025;10:24:48.594;FGBS SI 20250306 PS;SIMPLE_INSTRUMENT;EFP_FIN;EUR;26;106.85500000;1103;EXCHANGE_LAST;;1;1;XEUR;11286681;690;
27.02.2025;11:11:26.253;FGBS SI 20250306 PS;SIMPLE_INSTRUMENT;EFP_FIN;EUR;27;106.85000000;480;EXCHANGE_LAST;;1;1;XEUR;11286681;690;
27.02.2025;11:17:37.656;FGBS SI 20250606 PS;SIMPLE_INSTRUMENT;EFS;EUR;28;106.95000000;1307;EXCHANGE_LAST;;1;1;XEUR;11820391;690;
27.02.2025;11:29:50.209;FGBS SI 20250306 PS;SIMPLE_INSTRUMENT;EFP_FIN;EUR;30;106.84000000;935;EXCHANGE_LAST;;1;1;XEUR;11286681;690;
27.02.2025;11:30:18.317;FGBS SI 20250306 PS;SIMPLE_INSTRUMENT;EFS;EUR;31;106.84500000;1306;EXCHANGE_LAST;;1;1;XEUR;11286681;690;
27.02.2025;11:37:02.952;FGBS SI 20250306 PS;SIMPLE_INSTRUMENT;EFS;EUR;32;106.84000000;2738;EXCHANGE_LAST;;1;1;XEUR;11286681;690;
27.02.2025;11:44:43.713;FGBS SI 20250306 PS;SIMPLE_INSTRUMENT;EFS;EUR;33;106.84000000;5225;EXCHANGE_LAST;;1;1;XEUR;11286681;690;
27.02.2025;11:56:51.963;FGBS SI 20250306 PS;SIMPLE_INSTRUMENT;EFS;EUR;34;106.84500000;2738;EXCHANGE_LAST;;1;1;XEUR;11286681;690;
27.02.2025;12:13:23.858;FGBS SI 20250306 PS;SIMPLE_INSTRUMENT;EFS;EUR;35;106.85500000;1339;EXCHANGE_LAST;;1;1;XEUR;11286681;690;
27.02.2025;12:15:48.490;FGBS SI 20250306 PS;SIMPLE_INSTRUMENT;EFS;EUR;36;106.85000000;2190;EXCHANGE_LAST;;1;1;XEUR;11286681;690;
27.02.2025;12:19:47.743;FGBS SI 20250306 PS;SIMPLE_INSTRUMENT;EFP_FIN;EUR;37;106.85000000;1065;EXCHANGE_LAST;;1;1;XEUR;11286681;690;
27.02.2025;12:37:25.016;FGBS SI 20250306 PS;SIMPLE_INSTRUMENT;EFP_FIN;EUR;38;106.86000000;1084;EXCHANGE_LAST;;1;1;XEUR;11286681;690;
27.02.2025;12:56:01.995;FGBS SI 20250306 PS;SIMPLE_INSTRUMENT;EFP_FIN;EUR;39;106.85500000;620;EXCHANGE_LAST;;1;1;XEUR;11286681;690;
27.02.2025;13:25:01.328;FGBS SI 20250606 PS;SIMPLE_INSTRUMENT;EFS;EUR;40;106.97000000;3925;EXCHANGE_LAST;;1;1;XEUR;11820391;690;
27.02.2025;13:25:06.329;FGBS SI 20250306 PS;SIMPLE_INSTRUMENT;EFS;EUR;41;106.86000000;3961;EXCHANGE_LAST;;1;1;XEUR;11286681;690;
27.02.2025;13:35:13.233;FGBS SI 20250306 PS;SIMPLE_INSTRUMENT;EFS;EUR;42;106.86000000;1315;EXCHANGE_LAST;;1;1;XEUR;11286681;690;
27.02.2025;13:52:09.437;FGBS SI 20250306 PS;SIMPLE_INSTRUMENT;EFP_FIN;EUR;43;106.84000000;2964;EXCHANGE_LAST;;1;1;XEUR;11286681;690;
27.02.2025;13:58:21.983;FGBS SI 20250306 PS;SIMPLE_INSTRUMENT;BLOCK;EUR;44;106.88000000;8000;EXCHANGE_LAST;;1;1;XEUR;11286681;690;
27.02.2025;13:58:59.131;FGBS SI 20250606 PS;SIMPLE_INSTRUMENT;BLOCK;EUR;45;106.99000000;4000;EXCHANGE_LAST;;1;1;XEUR;11820391;690;
27.02.2025;13:59:53.581;FGBS SI 20250606 PS;SIMPLE_INSTRUMENT;BLOCK;EUR;46;106.98500000;4000;EXCHANGE_LAST;;1;1;XEUR;11820391;690;
27.02.2025;14:04:59.331;FGBS SI 20250306 PS;SIMPLE_INSTRUMENT;EFP_FIN;EUR;47;106.89000000;776;EXCHANGE_LAST;;1;1;XEUR;11286681;690;
27.02.2025;14:10:11.982;FGBS SI 20250306 PS;SIMPLE_INSTRUMENT;EFP_FIN;EUR;48;106.84500000;486;EXCHANGE_LAST;;1;1;XEUR;11286681;690;
27.02.2025;14:16:37.158;FGBS SI 20250306 PS;SIMPLE_INSTRUMENT;EFS;EUR;49;106.88000000;13118;EXCHANGE_LAST;;1;1;XEUR;11286681;690;
27.02.2025;14:23:08.109;FGBS SI 20250306 PS;SIMPLE_INSTRUMENT;EFP_FIN;EUR;50;106.88000000;412;EXCHANGE_LAST;;1;1;XEUR;11286681;690;
27.02.2025;14:56:39.913;FGBS SI 20250306 PS;SIMPLE_INSTRUMENT;EFP_FIN;EUR;51;106.87000000;1174;EXCHANGE_LAST;;1;1;XEUR;11286681;690;
27.02.2025;14:57:31.148;FGBS SI 20250306 PS;SIMPLE_INSTRUMENT;EFP_FIN;EUR;52;106.87000000;1174;EXCHANGE_LAST;;1;1;XEUR;11286681;690;
27.02.2025;15:34:04.618;FGBS SI 20250306 PS;SIMPLE_INSTRUMENT;EFP_FIN;EUR;53;106.89000000;468;EXCHANGE_LAST;;1;1;XEUR;11286681;690;
27.02.2025;15:53:46.213;FGBS.S.MAR25.JUN25.SPD;FUTURES_SPREAD;BLOCK;EUR;54;-0.11000000;4000;EXCHANGE_LAST;;1;1;XEUR;72060557565362268;690;
27.02.2025;15:53:46.213;FGBS SI 20250306 PS;SIMPLE_INSTRUMENT;BLOCK;EUR;54;106.89000000;4000;PRC_DECOMP_MEMBER;;;;XEUR;11286681;690;MEMBER
27.02.2025;15:53:46.213;FGBS SI 20250606 PS;SIMPLE_INSTRUMENT;BLOCK;EUR;54;107.00000000;4000;PRC_DECOMP_MEMBER;;;;XEUR;11820391;690;MEMBER
27.02.2025;15:53:15.230;FGBS.S.MAR25.JUN25.SPD;FUTURES_SPREAD;BLOCK;EUR;55;-0.11500000;4000;EXCHANGE_LAST;;1;1;XEUR;72060557565362268;690;
27.02.2025;15:53:15.230;FGBS SI 20250306 PS;SIMPLE_INSTRUMENT;BLOCK;EUR;55;106.89000000;4000;PRC_DECOMP_MEMBER;;;;XEUR;11286681;690;MEMBER
27.02.2025;15:53:15.230;FGBS SI 20250606 PS;SIMPLE_INSTRUMENT;BLOCK;EUR;55;107.00500000;4000;PRC_DECOMP_MEMBER;;;;XEUR;11820391;690;MEMBER
27.02.2025;16:02:10.974;FGBS SI 20250306 PS;SIMPLE_INSTRUMENT;EFP_FIN;EUR;56;106.91000000;150;EXCHANGE_LAST;;1;1;XEUR;11286681;690;
27.02.2025;16:12:01.509;FGBS SI 20250306 PS;SIMPLE_INSTRUMENT;EFS;EUR;57;106.89500000;8212;EXCHANGE_LAST;;1;1;XEUR;11286681;690;
27.02.2025;16:30:07.951;FGBS SI 20250306 PS;SIMPLE_INSTRUMENT;EFP_FIN;EUR;58;106.89000000;626;EXCHANGE_LAST;;1;1;XEUR;11286681;690;
27.02.2025;16:29:27.571;FGBS SI 20250306 PS;SIMPLE_INSTRUMENT;EFP_FIN;EUR;60;106.89000000;5008;EXCHANGE_LAST;;1;1;XEUR;11286681;690;
27.02.2025;16:53:45.124;FGBS SI 20250306 PS;SIMPLE_INSTRUMENT;EFP_FIN;EUR;61;106.90000000;467;EXCHANGE_LAST;;1;1;XEUR;11286681;690;
27.02.2025;16:58:48.831;FGBS SI 20250306 PS;SIMPLE_INSTRUMENT;EFS;EUR;62;106.89500000;2620;EXCHANGE_LAST;;1;1;XEUR;11286681;690;
27.02.2025;08:16:17.950;FGBX SI 20250306 PS;SIMPLE_INSTRUMENT;BLOCK;EUR;1;129.34000000;366;EXCHANGE_LAST;;1;1;XEUR;11286682;691;
27.02.2025;08:24:22.721;FGBX SI 20250306 PS;SIMPLE_INSTRUMENT;EFP_FIN;EUR;2;129.10000000;149;EXCHANGE_LAST;;1;1;XEUR;11286682;691;
27.02.2025;08:45:45.242;FGBX SI 20250306 PS;SIMPLE_INSTRUMENT;BLOCK;EUR;6;128.92000000;386;EXCHANGE_LAST;;1;1;XEUR;11286682;691;
27.02.2025;08:46:16.887;FGBX SI 20250306 PS;SIMPLE_INSTRUMENT;BLOCK;EUR;7;128.94000000;190;EXCHANGE_LAST;;1;1;XEUR;11286682;691;
27.02.2025;08:48:15.703;FGBX SI 20250306 PS;SIMPLE_INSTRUMENT;EFS;EUR;8;128.94000000;94;EXCHANGE_LAST;;1;1;XEUR;11286682;691;
27.02.2025;08:53:14.038;FGBX SI 20250306 PS;SIMPLE_INSTRUMENT;EFP_FIN;EUR;9;128.90000000;569;EXCHANGE_LAST;;1;1;XEUR;11286682;691;
27.02.2025;09:07:29.701;FGBX SI 20250306 PS;SIMPLE_INSTRUMENT;EFP_FIN;EUR;10;128.80000000;97;EXCHANGE_LAST;;1;1;XEUR;11286682;691;
27.02.2025;09:07:43.879;FGBX SI 20250306 PS;SIMPLE_INSTRUMENT;EFP_FIN;EUR;11;128.82000000;149;EXCHANGE_LAST;;1;1;XEUR;11286682;691;
27.02.2025;09:13:36.626;FGBX SI 20250306 PS;SIMPLE_INSTRUMENT;EFP_FIN;EUR;12;129.30000000;149;EXCHANGE_LAST;;1;1;XEUR;11286682;691;
27.02.2025;09:13:38.013;FGBX.S.MAR25.JUN25.SPD;FUTURES_SPREAD;BLOCK;EUR;13;0.28000000;261;EXCHANGE_LAST;;1;1;XEUR;72060561860329564;691;
27.02.2025;09:13:38.013;FGBX SI 20250606 PS;SIMPLE_INSTRUMENT;BLOCK;EUR;13;128.48000000;261;PRC_DECOMP_MEMBER;;;;XEUR;11820392;691;MEMBER
27.02.2025;09:13:38.013;FGBX SI 20250306 PS;SIMPLE_INSTRUMENT;BLOCK;EUR;13;128.76000000;261;PRC_DECOMP_MEMBER;;;;XEUR;11286682;691;MEMBER
27.02.2025;09:13:49.289;FGBX.S.MAR25.JUN25.SPD;FUTURES_SPREAD;BLOCK;EUR;14;0.28000000;135;EXCHANGE_LAST;;1;1;XEUR;72060561860329564;691;
27.02.2025;09:13:49.289;FGBX SI 20250306 PS;SIMPLE_INSTRUMENT;BLOCK;EUR;14;128.76000000;135;PRC_DECOMP_MEMBER;;;;XEUR;11286682;691;MEMBER
27.02.2025;09:13:49.289;FGBX SI 20250606 PS;SIMPLE_INSTRUMENT;BLOCK;EUR;14;128.48000000;135;PRC_DECOMP_MEMBER;;;;XEUR;11820392;691;MEMBER
27.02.2025;09:14:01.252;FGBX.S.MAR25.JUN25.SPD;FUTURES_SPREAD;BLOCK;EUR;15;0.26000000;261;EXCHANGE_LAST;;1;1;XEUR;72060561860329564;691;
27.02.2025;09:14:01.252;FGBX SI 20250306 PS;SIMPLE_INSTRUMENT;BLOCK;EUR;15;128.76000000;261;PRC_DECOMP_MEMBER;;;;XEUR;11286682;691;MEMBER
27.02.2025;09:14:01.252;FGBX SI 20250606 PS;SIMPLE_INSTRUMENT;BLOCK;EUR;15;128.50000000;261;PRC_DECOMP_MEMBER;;;;XEUR;11820392;691;MEMBER
27.02.2025;09:14:04.526;FGBX.S.MAR25.JUN25.SPD;FUTURES_SPREAD;BLOCK;EUR;16;0.26000000;135;EXCHANGE_LAST;;1;1;XEUR;72060561860329564;691;
27.02.2025;09:14:04.526;FGBX SI 20250306 PS;SIMPLE_INSTRUMENT;BLOCK;EUR;16;128.76000000;135;PRC_DECOMP_MEMBER;;;;XEUR;11286682;691;MEMBER
27.02.2025;09:14:04.526;FGBX SI 20250606 PS;SIMPLE_INSTRUMENT;BLOCK;EUR;16;128.50000000;135;PRC_DECOMP_MEMBER;;;;XEUR;11820392;691;MEMBER
27.02.2025;09:33:09.834;FGBX SI 20250306 PS;SIMPLE_INSTRUMENT;BLOCK;EUR;17;128.88000000;221;EXCHANGE_LAST;;1;1;XEUR;11286682;691;
27.02.2025;09:33:16.624;FGBX SI 20250606 PS;SIMPLE_INSTRUMENT;BLOCK;EUR;18;128.60000000;111;EXCHANGE_LAST;;1;1;XEUR;11820392;691;
27.02.2025;09:33:23.074;FGBX SI 20250606 PS;SIMPLE_INSTRUMENT;BLOCK;EUR;19;128.62000000;110;EXCHANGE_LAST;;1;1;XEUR;11820392;691;
27.02.2025;10:09:20.509;FGBX SI 20250306 PS;SIMPLE_INSTRUMENT;EFP_FIN;EUR;24;128.80000000;74;EXCHANGE_LAST;;1;1;XEUR;11286682;691;
27.02.2025;10:09:58.726;FGBX SI 20250306 PS;SIMPLE_INSTRUMENT;BLOCK;EUR;25;128.80000000;819;EXCHANGE_LAST;;1;1;XEUR;11286682;691;
27.02.2025;10:11:07.141;FGBX SI 20250606 PS;SIMPLE_INSTRUMENT;BLOCK;EUR;26;128.52000000;409;EXCHANGE_LAST;;1;1;XEUR;11820392;691;
27.02.2025;10:11:07.165;FGBX SI 20250606 PS;SIMPLE_INSTRUMENT;BLOCK;EUR;27;128.54000000;410;EXCHANGE_LAST;;1;1;XEUR;11820392;691;
27.02.2025;10:16:10.991;FGBX SI 20250306 PS;SIMPLE_INSTRUMENT;BLOCK;EUR;29;128.80000000;380;EXCHANGE_LAST;;1;1;XEUR;11286682;691;
27.02.2025;10:21:11.462;FGBX SI 20250606 PS;SIMPLE_INSTRUMENT;BLOCK;EUR;30;128.52000000;190;EXCHANGE_LAST;;1;1;XEUR;11820392;691;
27.02.2025;10:21:11.507;FGBX SI 20250606 PS;SIMPLE_INSTRUMENT;BLOCK;EUR;31;128.54000000;190;EXCHANGE_LAST;;1;1;XEUR;11820392;691;
27.02.2025;10:37:11.022;FGBX SI 20250306 PS;SIMPLE_INSTRUMENT;BLOCK;EUR;38;128.80000000;380;EXCHANGE_LAST;;1;1;XEUR;11286682;691;
27.02.2025;10:40:23.377;FGBX SI 20250306 PS;SIMPLE_INSTRUMENT;EFS;EUR;39;128.72000000;1642;EXCHANGE_LAST;;1;1;XEUR;11286682;691;
27.02.2025;10:41:05.675;FGBX SI 20250606 PS;SIMPLE_INSTRUMENT;EFS;EUR;40;128.44000000;1656;EXCHANGE_LAST;;1;1;XEUR;11820392;691;
27.02.2025;11:00:55.363;FGBX SI 20250306 PS;SIMPLE_INSTRUMENT;BLOCK;EUR;46;128.58000000;500;EXCHANGE_LAST;;1;1;XEUR;11286682;691;
