#Date;TrdTime;Contract;ContractType;TrdTyp;Currency;TesId;Prc;Qty;TrdInd;Aggressor;Buy;Sell;Exch;InstrumentId;RelatedProdId;PrcDecomp
28.11.2024;08:56:13.664;A2LV SI 20261218 CS;SIMPLE_INSTRUMENT;BLOCK;EUR;3;15.10000000;20;EXCHANGE_LAST;;1;1;XEUR;4632085;12;
28.11.2024;09:33:19.992;A2LV SI 20261218 CS;SIMPLE_INSTRUMENT;BLOCK;EUR;7;15.10000000;50;EXCHANGE_LAST;;2;1;XEUR;4632085;12;
28.11.2024;09:34:00.142;A2LV SI 20261218 CS;SIMPLE_INSTRUMENT;BLOCK;EUR;9;15.10000000;55;EXCHANGE_LAST;;1;1;XEUR;4632085;12;
28.11.2024;10:52:57.520;A2XA SI 20251219 CS;SIMPLE_INSTRUMENT;BLOCK;EUR;34;2.09000000;200;EXCHANGE_LAST;;2;1;XEUR;3681055;17;
28.11.2024;12:27:10.028;A2XA SI 20251219 CS;SIMPLE_INSTRUMENT;BLOCK;EUR;53;2.08500000;200;EXCHANGE_LAST;;1;1;XEUR;3681055;17;
28.11.2024;16:53:32.600;A3HO SI 20261218 CS;SIMPLE_INSTRUMENT;BLOCK;EUR;118;1.13000000;130;EXCHANGE_LAST;;1;1;XEUR;6821308;48792;
28.11.2024;10:16:05.598;ADS SI 20250117 PS AM P 220.00 0;SIMPLE_INSTRUMENT;BLOCK;EUR;4;7.08000000;300;EXCHANGE_LAST;;1;1;XEUR;12067147;50;
28.11.2024;12:22:38.988;ADS.O.241128.STG.000007;STANDARD_OPTION_STRATEGY;BLOCK;EUR;6;4.50000000;250;EXCHANGE_LAST;;1;1;XEUR;72057808786331111;50;
28.11.2024;12:22:38.988;ADS SI 20241220 PS AM P 210.00 0;SIMPLE_INSTRUMENT;BLOCK;EUR;6;2.14000000;250;PRC_DECOMP_EXCHANGE;;;;XEUR;11669621;50;EXCHANGE
28.11.2024;12:22:38.988;ADS SI 20241220 PS AM C 230.00 0;SIMPLE_INSTRUMENT;BLOCK;EUR;6;2.36000000;250;PRC_DECOMP_EXCHANGE;;;;XEUR;11021853;50;EXCHANGE
28.11.2024;12:33:30.726;ADS SI 20250321 PS AM P 190.00 0;SIMPLE_INSTRUMENT;BLOCK;EUR;8;3.60000000;1200;EXCHANGE_LAST;;2;3;XEUR;10828471;50;
28.11.2024;08:47:18.251;AIR SI 20241220 PS AM C 162.00 0;SIMPLE_INSTRUMENT;BLOCK;EUR;3;0.98000000;1381;EXCHANGE_LAST;;1;1;XEUR;11784491;64;
28.11.2024;14:31:37.632;AIR SI 20241220 PS AM C 162.00 0;SIMPLE_INSTRUMENT;BLOCK;EUR;27;0.96000000;1000;EXCHANGE_LAST;;1;1;XEUR;11784491;64;
28.11.2024;08:24:34.049;ALV.O.241128.STD.000004;STANDARD_OPTION_STRATEGY;BLOCK;EUR;1;44.07000000;350;EXCHANGE_LAST;;1;1;XEUR;72057911865566575;74;
28.11.2024;08:24:34.049;ALV SI 20251219 PS AM P 280.00 0;SIMPLE_INSTRUMENT;BLOCK;EUR;1;19.78000000;350;PRC_DECOMP_EXCHANGE;;;;XEUR;5920784;74;EXCHANGE
28.11.2024;08:24:34.049;ALV SI 20251219 PS AM C 280.00 0;SIMPLE_INSTRUMENT;BLOCK;EUR;1;24.29000000;350;PRC_DECOMP_EXCHANGE;;;;XEUR;5920783;74;EXCHANGE
28.11.2024;12:15:06.114;ASG5 SI 20250619 PS AM P 24.00 0;SIMPLE_INSTRUMENT;BLOCK;EUR;10;0.79000000;3000;EXCHANGE_LAST;;1;1;XEUR;7889072;109;
28.11.2024;10:12:42.363;ASM SI 20250321 PS AM P 640.00 0;SIMPLE_INSTRUMENT;BLOCK;EUR;1;45.10000000;200;EXCHANGE_LAST;;1;1;XEUR;10830146;107;
28.11.2024;11:35:38.183;ASM SI 20261218 PS AM P 640.00 0;SIMPLE_INSTRUMENT;BLOCK;EUR;7;112.60000000;75;EXCHANGE_LAST;;1;1;XEUR;7152934;107;
28.11.2024;12:02:51.571;ASM SI 20261218 PS AM P 400.00 0;SIMPLE_INSTRUMENT;BLOCK;EUR;9;24.50000000;100;EXCHANGE_LAST;;1;1;XEUR;7152976;107;
28.11.2024;13:41:07.255;ASM SI 20250620 PS AM P 600.00 0;SIMPLE_INSTRUMENT;BLOCK;EUR;15;41.50000000;150;EXCHANGE_LAST;;1;1;XEUR;11349935;107;
28.11.2024;13:54:44.331;ASM SI 20251219 PS AM P 640.00 0;SIMPLE_INSTRUMENT;BLOCK;EUR;16;82.00000000;200;EXCHANGE_LAST;;1;1;XEUR;5921402;107;
28.11.2024;14:22:35.376;ASMH SI 20241220 CS;SIMPLE_INSTRUMENT;BLOCK;EUR;89;648.73440000;88;EXCHANGE_LAST;;1;1;XEUR;7047762;3979;
28.11.2024;08:25:14.696;AXA.O.241128.STD.000003;STANDARD_OPTION_STRATEGY;BLOCK;EUR;1;5.86000000;3000;EXCHANGE_LAST;;1;1;XEUR;72058139498794108;127;
28.11.2024;08:25:14.696;AXA SI 20251219 PS AM C 32.00 0;SIMPLE_INSTRUMENT;BLOCK;EUR;1;2.72000000;3000;PRC_DECOMP_EXCHANGE;;;;XEUR;6158497;127;EXCHANGE
28.11.2024;08:25:14.696;AXA SI 20251219 PS AM P 32.00 0;SIMPLE_INSTRUMENT;BLOCK;EUR;1;3.14000000;3000;PRC_DECOMP_EXCHANGE;;;;XEUR;6158498;127;EXCHANGE
28.11.2024;08:56:30.555;AXA SI 20250620 PS AM C 32.00 0;SIMPLE_INSTRUMENT;BLOCK;EUR;4;2.28000000;3000;EXCHANGE_LAST;;1;1;XEUR;7898737;127;
28.11.2024;08:58:05.971;AXA SI 20250321 PS AM P 32.00 0;SIMPLE_INSTRUMENT;BLOCK;EUR;5;1.31000000;2000;EXCHANGE_LAST;;1;1;XEUR;10830414;127;
28.11.2024;15:42:04.042;AXA SI 20260619 PS AM C 40.00 0;SIMPLE_INSTRUMENT;BLOCK;EUR;36;0.65000000;8633;EXCHANGE_LAST;;1;1;XEUR;9538772;127;
28.11.2024;15:42:21.134;AXA SI 20260619 PS AM C 40.00 0;SIMPLE_INSTRUMENT;BLOCK;EUR;37;0.66000000;28579;EXCHANGE_LAST;;1;1;XEUR;9538772;127;
28.11.2024;11:08:11.182;AXAE.O.241128.BUL.000001;STANDARD_OPTION_STRATEGY;BLOCK;EUR;11;3.78000000;2500;EXCHANGE_LAST;;1;1;XEUR;72058135203809550;126;
28.11.2024;11:08:11.182;AXAE SI 20250620 PS EU C 36.00 0;SIMPLE_INSTRUMENT;BLOCK;EUR;11;0.34000000;2500;PRC_DECOMP_EXCHANGE;;;;XEUR;8111253;126;EXCHANGE
28.11.2024;11:08:11.182;AXAE SI 20250620 PS EU C 28.00 0;SIMPLE_INSTRUMENT;BLOCK;EUR;11;4.12000000;2500;PRC_DECOMP_EXCHANGE;;;;XEUR;7898640;126;EXCHANGE
28.11.2024;09:22:36.423;B2NP SI 20261218 CS;SIMPLE_INSTRUMENT;BLOCK;EUR;4;4.28000000;80;EXCHANGE_LAST;;1;1;XEUR;6798320;131;
28.11.2024;10:50:38.774;B2NP SI 20251219 CS;SIMPLE_INSTRUMENT;BLOCK;EUR;36;5.17000000;580;EXCHANGE_LAST;;1;4;XEUR;5914355;131;
28.11.2024;11:21:53.776;B2NP SI 20301220 CS;SIMPLE_INSTRUMENT;BLOCK;EUR;40;2.61000000;600;EXCHANGE_LAST;;1;1;XEUR;9913076;131;
28.11.2024;11:22:20.841;B2NP SI 20281215 CS;SIMPLE_INSTRUMENT;BLOCK;EUR;41;3.13000000;500;EXCHANGE_LAST;;1;1;XEUR;7086921;131;
28.11.2024;12:06:12.791;B2NP SI 20281215 CS;SIMPLE_INSTRUMENT;BLOCK;EUR;46;3.13000000;150;EXCHANGE_LAST;;1;1;XEUR;7086921;131;
28.11.2024;14:12:02.096;B2NP SI 20251219 CS;SIMPLE_INSTRUMENT;BLOCK;EUR;86;5.18000000;150;EXCHANGE_LAST;;1;1;XEUR;5914355;131;
28.11.2024;14:12:23.505;B2NP SI 20261218 CS;SIMPLE_INSTRUMENT;BLOCK;EUR;87;4.26000000;150;EXCHANGE_LAST;;1;1;XEUR;6798320;131;
28.11.2024;14:20:00.860;B2NP SI 20251219 CS;SIMPLE_INSTRUMENT;BLOCK;EUR;88;5.18000000;100;EXCHANGE_LAST;;1;1;XEUR;5914355;131;
28.11.2024;14:37:44.349;B2NP SI 20261218 CS;SIMPLE_INSTRUMENT;BLOCK;EUR;91;4.30000000;100;EXCHANGE_LAST;;1;1;XEUR;6798320;131;
28.11.2024;14:43:47.283;B2NP SI 20261218 CS;SIMPLE_INSTRUMENT;BLOCK;EUR;92;4.30000000;100;EXCHANGE_LAST;;1;1;XEUR;6798320;131;
28.11.2024;14:44:38.274;B2NP SI 20251219 CS;SIMPLE_INSTRUMENT;BLOCK;EUR;94;5.25000000;100;EXCHANGE_LAST;;1;1;XEUR;5914355;131;
28.11.2024;15:03:41.314;B2NP SI 20251219 CS;SIMPLE_INSTRUMENT;BLOCK;EUR;97;5.25000000;50;EXCHANGE_LAST;;1;1;XEUR;5914355;131;
28.11.2024;15:19:51.991;B2NP SI 20251219 CS;SIMPLE_INSTRUMENT;BLOCK;EUR;101;5.25000000;50;EXCHANGE_LAST;;1;1;XEUR;5914355;131;
28.11.2024;15:49:24.541;B2NP SI 20250620 CS;SIMPLE_INSTRUMENT;BLOCK;EUR;110;4.84000000;75;EXCHANGE_LAST;;1;1;XEUR;10830225;131;
28.11.2024;15:40:36.203;B2YG SI 20251219 CS;SIMPLE_INSTRUMENT;BLOCK;EUR;109;1.85000000;1100;EXCHANGE_LAST;;2;2;XEUR;5914365;45713;
28.11.2024;08:36:15.717;BAS SI 20241220 PS AM C 45.00 0;SIMPLE_INSTRUMENT;BLOCK;EUR;1;0.27000000;3516;EXCHANGE_LAST;;1;1;XEUR;7509965;150;
28.11.2024;14:38:45.939;BASE.O.241128.BUL.000001;STANDARD_OPTION_STRATEGY;BLOCK;EUR;6;1.02000000;5000;EXCHANGE_LAST;;1;2;XEUR;72058242577995716;151;
28.11.2024;14:38:45.939;BASE SI 20250620 PS EU C 40.00 0;SIMPLE_INSTRUMENT;BLOCK;EUR;6;3.72000000;5000;PRC_DECOMP_EXCHANGE;;;;XEUR;7898878;151;EXCHANGE
28.11.2024;14:38:45.939;BASE SI 20250620 PS EU C 42.00 0;SIMPLE_INSTRUMENT;BLOCK;EUR;6;2.70000000;5000;PRC_DECOMP_EXCHANGE;;;;XEUR;11350586;151;EXCHANGE
28.11.2024;10:13:02.510;BAY SI 20251219 PS AM P 12.00 0;SIMPLE_INSTRUMENT;BLOCK;EUR;2;0.60000000;1500;EXCHANGE_LAST;;1;1;XEUR;10017446;168;
28.11.2024;11:00:03.317;BAY SI 20250321 PS AM C 22.00 0;SIMPLE_INSTRUMENT;BLOCK;EUR;3;0.82000000;2500;EXCHANGE_LAST;;1;1;XEUR;10831445;168;
28.11.2024;11:00:26.289;BAY SI 20250321 PS AM P 19.00 0;SIMPLE_INSTRUMENT;BLOCK;EUR;4;1.45000000;2500;EXCHANGE_LAST;;1;1;XEUR;10831451;168;
28.11.2024;09:55:08.630;BMW SI 20241220 PS AM C 72.00 0;SIMPLE_INSTRUMENT;BLOCK;EUR;3;0.86000000;1200;EXCHANGE_LAST;;1;1;XEUR;10398284;210;
28.11.2024;13:55:19.856;BMW SI 20250321 PS AM C 80.00 0;SIMPLE_INSTRUMENT;BLOCK;EUR;13;0.93000000;900;EXCHANGE_LAST;;2;1;XEUR;10832595;210;
28.11.2024;16:14:45.165;BMW SI 20250620 PS AM P 56.00 0;SIMPLE_INSTRUMENT;BLOCK;EUR;15;2.01000000;1000;EXCHANGE_LAST;;1;1;XEUR;11352607;210;
28.11.2024;08:34:07.619;BNP SI 20250321 PS AM P 52.00 0;SIMPLE_INSTRUMENT;BLOCK;EUR;2;1.60000000;1500;EXCHANGE_LAST;;1;1;XEUR;10833042;237;
28.11.2024;11:27:00.743;BNP SI 20251219 PS AM P 44.00 0;SIMPLE_INSTRUMENT;BLOCK;EUR;15;2.27000000;1000;EXCHANGE_LAST;;1;1;XEUR;5923360;237;
28.11.2024;11:37:32.475;BNP SI 20241220 PS AM P 52.00 0;SIMPLE_INSTRUMENT;BLOCK;EUR;18;0.50000000;2000;EXCHANGE_LAST;;1;1;XEUR;4640392;237;
28.11.2024;12:30:45.008;BYG.O.241128.STD.000001;STANDARD_OPTION_STRATEGY;BLOCK;EUR;23;2.71000000;1900;EXCHANGE_LAST;;2;1;XEUR;72058796628777073;280;
28.11.2024;12:30:45.008;BYG SI 20250321 PS AM P 28.00 0;SIMPLE_INSTRUMENT;BLOCK;EUR;23;1.23000000;1900;PRC_DECOMP_MEMBER;;;;XEUR;10833925;280;MEMBER
28.11.2024;12:30:45.008;BYG SI 20250321 PS AM C 28.00 0;SIMPLE_INSTRUMENT;BLOCK;EUR;23;1.48000000;1900;PRC_DECOMP_MEMBER;;;;XEUR;10833920;280;MEMBER
28.11.2024;10:01:59.428;C4RI SI 20251219 CS;SIMPLE_INSTRUMENT;BLOCK;EUR;25;2.58000000;900;EXCHANGE_LAST;;2;1;XEUR;5914459;50862;
28.11.2024;16:21:38.137;C4RI SI 20261218 CS;SIMPLE_INSTRUMENT;BLOCK;EUR;114;2.64000000;115;EXCHANGE_LAST;;1;1;XEUR;6821680;50862;
28.11.2024;10:14:04.835;CFR SI 20250919 PS AM C 100.00 0;SIMPLE_INSTRUMENT;BLOCK;CHF;10;26.00000000;400;EXCHANGE_LAST;;1;1;XEUR;11876326;313;
28.11.2024;15:47:29.608;CFR SI 20241220 PS AM C 132.00 0;SIMPLE_INSTRUMENT;BLOCK;CHF;46;0.53000000;524;EXCHANGE_LAST;;1;1;XEUR;11328178;313;
28.11.2024;12:34:15.760;DAI SI 20261218 PS AM P 36.00 0;SIMPLE_INSTRUMENT;BLOCK;EUR;9;2.40000000;5000;EXCHANGE_LAST;;2;4;XEUR;7737734;443196;
28.11.2024;12:32:26.238;DAI SI 20241220 PS AM C 56.00 0;SIMPLE_INSTRUMENT;BLOCK;EUR;10;0.26000000;1000;EXCHANGE_LAST;;1;1;XEUR;7349879;443196;
28.11.2024;16:14:35.498;DAI SI 20270618 PS AM C 57.00 0;SIMPLE_INSTRUMENT;BLOCK;EUR;14;4.60000000;1200;EXCHANGE_LAST;;2;1;XEUR;11840051;443196;
28.11.2024;10:53:04.385;DBK SI 20241220 PS AM C 16.00 0;SIMPLE_INSTRUMENT;BLOCK;EUR;5;0.30000000;15000;EXCHANGE_LAST;;1;1;XEUR;4772330;362;
28.11.2024;11:15:59.167;DPW SI 20250620 PS AM P 32.00 0;SIMPLE_INSTRUMENT;BLOCK;EUR;3;1.43000000;1000;EXCHANGE_LAST;;1;1;XEUR;7902450;445;
28.11.2024;12:49:28.910;DTE.O.241128.RBER.000014;STANDARD_OPTION_STRATEGY;BLOCK;EUR;5;-0.48000000;3750;EXCHANGE_LAST;;1;2;XEUR;72059415104105957;424;
28.11.2024;12:49:28.910;DTE SI 20250620 PS AM P 28.00 0;SIMPLE_INSTRUMENT;BLOCK;EUR;5;0.72000000;3750;PRC_DECOMP_EXCHANGE;;;;XEUR;7902018;424;EXCHANGE
28.11.2024;12:49:28.910;DTE SI 20250620 PS AM P 23.00 0;SIMPLE_INSTRUMENT;BLOCK;EUR;5;0.12000000;7500;PRC_DECOMP_EXCHANGE;;;;XEUR;10328495;424;EXCHANGE
28.11.2024;12:49:45.092;DTE.O.241128.RBER.000014;STANDARD_OPTION_STRATEGY;BLOCK;EUR;6;-0.49000000;3750;EXCHANGE_LAST;;1;2;XEUR;72059415104105957;424;
28.11.2024;12:49:45.092;DTE SI 20250620 PS AM P 28.00 0;SIMPLE_INSTRUMENT;BLOCK;EUR;6;0.71000000;3750;PRC_DECOMP_EXCHANGE;;;;XEUR;7902018;424;EXCHANGE
28.11.2024;12:49:45.092;DTE SI 20250620 PS AM P 23.00 0;SIMPLE_INSTRUMENT;BLOCK;EUR;6;0.11000000;7500;PRC_DECOMP_EXCHANGE;;;;XEUR;10328495;424;EXCHANGE
28.11.2024;13:41:14.834;DTE SI 20241220 PS AM C 31.00 0;SIMPLE_INSTRUMENT;BLOCK;EUR;9;0.13000000;7000;EXCHANGE_LAST;;2;2;XEUR;11878299;424;
28.11.2024;15:12:34.348;DTE.O.241128.STD.000021;STANDARD_OPTION_STRATEGY;BLOCK;EUR;11;3.90000000;3500;EXCHANGE_LAST;;2;2;XEUR;72059415104105964;424;
28.11.2024;15:12:34.348;DTE SI 20251219 PS AM P 30.00 0;SIMPLE_INSTRUMENT;BLOCK;EUR;11;1.98000000;3500;PRC_DECOMP_EXCHANGE;;;;XEUR;12052911;424;EXCHANGE
28.11.2024;15:12:34.348;DTE SI 20251219 PS AM C 30.00 0;SIMPLE_INSTRUMENT;BLOCK;EUR;11;1.92000000;3500;PRC_DECOMP_EXCHANGE;;;;XEUR;12052900;424;EXCHANGE
28.11.2024;16:43:50.926;DTE SI 20250919 PS AM P 24.00 0;SIMPLE_INSTRUMENT;BLOCK;EUR;13;0.27000000;1500;EXCHANGE_LAST;;1;1;XEUR;11878522;424;
28.11.2024;17:05:29.752;DTE SI 20250919 PS AM P 24.00 0;SIMPLE_INSTRUMENT;BLOCK;EUR;15;0.27000000;3500;EXCHANGE_LAST;;1;1;XEUR;11878522;424;
28.11.2024;16:54:35.906;DUFN SI 20250919 PS AM P 38.00 0;SIMPLE_INSTRUMENT;BLOCK;CHF;56;6.46000000;674;EXCHANGE_LAST;;1;1;XEUR;11878048;418;
28.11.2024;16:54:51.757;DUFN SI 20250919 PS AM C 30.00 0;SIMPLE_INSTRUMENT;BLOCK;CHF;57;4.30000000;1011;EXCHANGE_LAST;;1;1;XEUR;11877991;418;
28.11.2024;12:21:12.737;E2NL SI 20241220 CS;SIMPLE_INSTRUMENT;BLOCK;EUR;47;0.43000000;1335;EXCHANGE_LAST;;1;1;XEUR;3629725;471;
28.11.2024;12:21:59.186;E2NL SI 20251219 CS;SIMPLE_INSTRUMENT;BLOCK;EUR;49;0.46000000;1335;EXCHANGE_LAST;;1;1;XEUR;3681293;471;
28.11.2024;12:22:38.741;E2NL SI 20261218 CS;SIMPLE_INSTRUMENT;BLOCK;EUR;50;0.45000000;1335;EXCHANGE_LAST;;1;1;XEUR;4632356;471;
28.11.2024;12:23:27.544;E2NL SI 20271217 CS;SIMPLE_INSTRUMENT;BLOCK;EUR;51;0.43500000;1335;EXCHANGE_LAST;;1;1;XEUR;5914571;471;
28.11.2024;12:24:23.551;E2NL SI 20281215 CS;SIMPLE_INSTRUMENT;BLOCK;EUR;52;0.40500000;1335;EXCHANGE_LAST;;1;1;XEUR;6802276;471;
28.11.2024;10:09:15.693;E2NT SI 20251219 CS;SIMPLE_INSTRUMENT;BLOCK;EUR;28;0.99500000;350;EXCHANGE_LAST;;1;1;XEUR;3681294;470;
28.11.2024;10:26:15.638;EAD SI 20250117 PS AM P 140.00 0;SIMPLE_INSTRUMENT;BLOCK;EUR;9;3.00000000;500;EXCHANGE_LAST;;1;1;XEUR;12074170;465;
28.11.2024;15:21:51.699;EAD.O.241128.COMBO.000008;STANDARD_OPTION_STRATEGY;BLOCK;EUR;33;1.60000000;1050;EXCHANGE_LAST;;1;2;XEUR;72059591197746051;465;
28.11.2024;15:21:51.699;EAD SI 20250620 PS AM C 170.00 0;SIMPLE_INSTRUMENT;BLOCK;EUR;33;3.03000000;1050;PRC_DECOMP_EXCHANGE;;;;XEUR;11358073;465;EXCHANGE
28.11.2024;15:21:51.699;EAD SI 20250620 PS AM P 130.00 0;SIMPLE_INSTRUMENT;BLOCK;EUR;33;4.63000000;1050;PRC_DECOMP_EXCHANGE;;;;XEUR;11358084;465;EXCHANGE
28.11.2024;16:32:56.733;EAD.O.241128.BUL.000011;STANDARD_OPTION_STRATEGY;BLOCK;EUR;39;8.50000000;500;EXCHANGE_LAST;;1;1;XEUR;72059591197746054;465;
28.11.2024;16:32:56.733;EAD SI 20250321 PS AM C 160.00 0;SIMPLE_INSTRUMENT;BLOCK;EUR;39;3.11000000;500;PRC_DECOMP_EXCHANGE;;;;XEUR;11013886;465;EXCHANGE
28.11.2024;16:32:56.733;EAD SI 20250321 PS AM C 140.00 0;SIMPLE_INSTRUMENT;BLOCK;EUR;39;11.61000000;500;PRC_DECOMP_EXCHANGE;;;;XEUR;11013890;465;EXCHANGE
28.11.2024;12:18:25.903;ENL5 FI 20281214 PS EU P 6.0000 0;FLEXIBLE_INSTRUMENT;BLOCK;EUR;11;0.90000000;3000;EXCHANGE_LAST;;1;1;XEUR;1152923652090502068;500;
28.11.2024;12:19:59.036;ENL5 FI 20281214 PS EU C 6.0000 0;FLEXIBLE_INSTRUMENT;BLOCK;EUR;12;0.74000000;3000;EXCHANGE_LAST;;1;1;XEUR;1152923652090502069;500;
28.11.2024;15:46:47.736;ENL5 SI 20250320 PS AM P 6.00 0;SIMPLE_INSTRUMENT;BLOCK;EUR;17;0.09000000;1000;EXCHANGE_LAST;;1;1;XEUR;10822795;500;
28.11.2024;13:31:52.253;ENLH SI 20241219 CS;SIMPLE_INSTRUMENT;BLOCK;EUR;57;6.73680000;3000;EXCHANGE_LAST;;1;1;XEUR;7935846;524976;
28.11.2024;10:39:30.494;ENR SI 20251219 PS AM C 92.00 0;SIMPLE_INSTRUMENT;BLOCK;EUR;1;1.10000000;1000;EXCHANGE_LAST;;1;1;XEUR;12229454;298530;
28.11.2024;10:51:52.356;ENR SI 20251219 PS AM C 52.00 0;SIMPLE_INSTRUMENT;BLOCK;EUR;2;8.30000000;2000;EXCHANGE_LAST;;2;1;XEUR;11254331;298530;
28.11.2024;11:26:25.624;ENR SI 20251219 PS AM C 60.00 0;SIMPLE_INSTRUMENT;BLOCK;EUR;4;5.55000000;1000;EXCHANGE_LAST;;1;1;XEUR;11859554;298530;
28.11.2024;16:00:41.094;ENR SI 20250321 PS AM P 40.00 0;SIMPLE_INSTRUMENT;BLOCK;EUR;12;1.40000000;6000;EXCHANGE_LAST;;2;3;XEUR;11145320;298530;
28.11.2024;16:05:45.401;ENT5.N.241128.000001;NON_STANDARD_OPTION_STRATEGY;BLOCK;EUR;19;0.73000000;300;EXCHANGE_LAST;;1;1;XEUR;72059728636684180;497;
28.11.2024;16:05:45.401;ENT5 SI 20281214 PS AM P 8.00 0;SIMPLE_INSTRUMENT;BLOCK;EUR;19;0.57000000;600;PRC_DECOMP_EXCHANGE;;;;XEUR;10381172;497;EXCHANGE
28.11.2024;16:05:45.401;ENT5 SI 20250320 PS AM P 13.00 0;SIMPLE_INSTRUMENT;BLOCK;EUR;19;0.41000000;300;PRC_DECOMP_EXCHANGE;;;;XEUR;10822839;497;EXCHANGE
28.11.2024;12:36:47.759;ENUR SI 20251219 PS AM C 10.00 0;SIMPLE_INSTRUMENT;BLOCK;EUR;13;0.81000000;2000;EXCHANGE_LAST;;1;2;XEUR;11604844;498;
28.11.2024;09:10:27.244;FBTP SI 20241206 PS;SIMPLE_INSTRUMENT;EFS;EUR;1;121.94000000;493;EXCHANGE_LAST;;1;1;XEUR;10804520;636;
28.11.2024;09:27:23.490;FBTP SI 20241206 PS;SIMPLE_INSTRUMENT;EFP_FIN;EUR;2;121.94000000;676;EXCHANGE_LAST;;1;1;XEUR;10804520;636;
28.11.2024;09:28:23.427;FBTP SI 20241206 PS;SIMPLE_INSTRUMENT;EFP_FIN;EUR;3;121.85000000;1339;EXCHANGE_LAST;;1;1;XEUR;10804520;636;
28.11.2024;09:38:46.706;FBTP SI 20241206 PS;SIMPLE_INSTRUMENT;EFP_FIN;EUR;4;121.88000000;203;EXCHANGE_LAST;;1;1;XEUR;10804520;636;
28.11.2024;09:43:59.802;FBTP SI 20241206 PS;SIMPLE_INSTRUMENT;EFP_FIN;EUR;5;121.90000000;203;EXCHANGE_LAST;;1;1;XEUR;10804520;636;
28.11.2024;09:50:18.068;FBTP SI 20241206 PS;SIMPLE_INSTRUMENT;BLOCK;EUR;6;121.94000000;493;EXCHANGE_LAST;;1;1;XEUR;10804520;636;
28.11.2024;09:56:49.250;FBTP SI 20241206 PS;SIMPLE_INSTRUMENT;EFP_FIN;EUR;7;121.83000000;843;EXCHANGE_LAST;;1;1;XEUR;10804520;636;
28.11.2024;10:14:15.709;FBTP SI 20241206 PS;SIMPLE_INSTRUMENT;EFP_FIN;EUR;8;121.81000000;776;EXCHANGE_LAST;;1;1;XEUR;10804520;636;
28.11.2024;10:15:44.166;FBTP SI 20241206 PS;SIMPLE_INSTRUMENT;EFP_FIN;EUR;9;121.81000000;107;EXCHANGE_LAST;;1;1;XEUR;10804520;636;
28.11.2024;10:16:50.421;FBTP SI 20241206 PS;SIMPLE_INSTRUMENT;EFP_FIN;EUR;10;121.90000000;203;EXCHANGE_LAST;;1;1;XEUR;10804520;636;
28.11.2024;10:22:03.589;FBTP SI 20241206 PS;SIMPLE_INSTRUMENT;EFP_FIN;EUR;11;121.85000000;203;EXCHANGE_LAST;;1;1;XEUR;10804520;636;
28.11.2024;10:25:44.804;FBTP SI 20241206 PS;SIMPLE_INSTRUMENT;BLOCK;EUR;12;121.90000000;3000;EXCHANGE_LAST;;1;1;XEUR;10804520;636;
28.11.2024;10:25:35.804;FBTP SI 20250306 PS;SIMPLE_INSTRUMENT;BLOCK;EUR;13;121.29000000;1500;EXCHANGE_LAST;;1;1;XEUR;11286675;636;
28.11.2024;10:25:25.803;FBTP SI 20250306 PS;SIMPLE_INSTRUMENT;BLOCK;EUR;14;121.30000000;1500;EXCHANGE_LAST;;1;1;XEUR;11286675;636;
28.11.2024;10:27:19.381;FBTP SI 20241206 PS;SIMPLE_INSTRUMENT;BLOCK;EUR;15;121.88000000;4000;EXCHANGE_LAST;;1;1;XEUR;10804520;636;
28.11.2024;10:27:34.787;FBTP SI 20250306 PS;SIMPLE_INSTRUMENT;BLOCK;EUR;16;121.27000000;2000;EXCHANGE_LAST;;1;1;XEUR;11286675;636;
28.11.2024;10:27:41.385;FBTP SI 20250306 PS;SIMPLE_INSTRUMENT;BLOCK;EUR;17;121.28000000;2000;EXCHANGE_LAST;;1;1;XEUR;11286675;636;
28.11.2024;10:38:20.930;FBTP SI 20241206 PS;SIMPLE_INSTRUMENT;EFP_FIN;EUR;18;121.91000000;447;EXCHANGE_LAST;;1;1;XEUR;10804520;636;
28.11.2024;10:46:21.056;FBTP SI 20241206 PS;SIMPLE_INSTRUMENT;EFP_FIN;EUR;19;121.86000000;268;EXCHANGE_LAST;;1;1;XEUR;10804520;636;
28.11.2024;10:59:25.569;FBTP SI 20241206 PS;SIMPLE_INSTRUMENT;EFP_FIN;EUR;20;121.89000000;226;EXCHANGE_LAST;;1;1;XEUR;10804520;636;
28.11.2024;11:00:24.273;FBTP SI 20241206 PS;SIMPLE_INSTRUMENT;EFP_FIN;EUR;21;121.82000000;204;EXCHANGE_LAST;;1;1;XEUR;10804520;636;
28.11.2024;11:07:10.071;FBTP SI 20241206 PS;SIMPLE_INSTRUMENT;EFP_FIN;EUR;22;121.83000000;175;EXCHANGE_LAST;;1;1;XEUR;10804520;636;
28.11.2024;11:26:03.192;FBTP SI 20241206 PS;SIMPLE_INSTRUMENT;EFP_FIN;EUR;23;121.89000000;223;EXCHANGE_LAST;;1;1;XEUR;10804520;636;
28.11.2024;11:29:33.826;FBTP.S.DEC24.MAR25.SPD;FUTURES_SPREAD;BLOCK;EUR;24;0.61000000;1000;EXCHANGE_LAST;;1;1;XEUR;72060325637128282;636;
28.11.2024;11:29:33.826;FBTP SI 20250306 PS;SIMPLE_INSTRUMENT;BLOCK;EUR;24;121.31000000;1000;PRC_DECOMP_MEMBER;;;;XEUR;11286675;636;MEMBER
28.11.2024;11:29:33.826;FBTP SI 20241206 PS;SIMPLE_INSTRUMENT;BLOCK;EUR;24;121.92000000;1000;PRC_DECOMP_MEMBER;;;;XEUR;10804520;636;MEMBER
28.11.2024;11:29:59.708;FBTP.S.DEC24.MAR25.SPD;FUTURES_SPREAD;BLOCK;EUR;25;0.60000000;1000;EXCHANGE_LAST;;1;1;XEUR;72060325637128282;636;
28.11.2024;11:29:59.708;FBTP SI 20241206 PS;SIMPLE_INSTRUMENT;BLOCK;EUR;25;121.92000000;1000;PRC_DECOMP_MEMBER;;;;XEUR;10804520;636;MEMBER
28.11.2024;11:29:59.708;FBTP SI 20250306 PS;SIMPLE_INSTRUMENT;BLOCK;EUR;25;121.32000000;1000;PRC_DECOMP_MEMBER;;;;XEUR;11286675;636;MEMBER
28.11.2024;12:07:05.803;FBTP SI 20241206 PS;SIMPLE_INSTRUMENT;EFP_FIN;EUR;26;122.06000000;780;EXCHANGE_LAST;;1;1;XEUR;10804520;636;
28.11.2024;12:34:47.022;FBTP SI 20241206 PS;SIMPLE_INSTRUMENT;EFP_FIN;EUR;27;122.05000000;413;EXCHANGE_LAST;;1;1;XEUR;10804520;636;
28.11.2024;12:58:33.979;FBTP SI 20241206 PS;SIMPLE_INSTRUMENT;EFP_FIN;EUR;28;122.10000000;392;EXCHANGE_LAST;;1;1;XEUR;10804520;636;
28.11.2024;13:09:42.386;FBTP SI 20241206 PS;SIMPLE_INSTRUMENT;EFP_FIN;EUR;29;122.12000000;248;EXCHANGE_LAST;;1;1;XEUR;10804520;636;
28.11.2024;13:50:39.137;FBTP SI 20241206 PS;SIMPLE_INSTRUMENT;EFP_FIN;EUR;30;122.07000000;201;EXCHANGE_LAST;;1;1;XEUR;10804520;636;
28.11.2024;14:35:07.829;FBTP SI 20241206 PS;SIMPLE_INSTRUMENT;BLOCK;EUR;31;122.30000000;500;EXCHANGE_LAST;;1;1;XEUR;10804520;636;
28.11.2024;14:36:42.956;FBTP SI 20250306 PS;SIMPLE_INSTRUMENT;BLOCK;EUR;32;121.70000000;250;EXCHANGE_LAST;;1;1;XEUR;11286675;636;
28.11.2024;14:36:42.976;FBTP SI 20250306 PS;SIMPLE_INSTRUMENT;BLOCK;EUR;33;121.69000000;250;EXCHANGE_LAST;;1;1;XEUR;11286675;636;
28.11.2024;14:37:27.231;FBTP SI 20241206 PS;SIMPLE_INSTRUMENT;BLOCK;EUR;34;122.09000000;277;EXCHANGE_LAST;;1;1;XEUR;10804520;636;
28.11.2024;14:38:32.111;FBTP SI 20241206 PS;SIMPLE_INSTRUMENT;BLOCK;EUR;35;122.31000000;580;EXCHANGE_LAST;;1;1;XEUR;10804520;636;
28.11.2024;14:49:59.466;FBTP SI 20241206 PS;SIMPLE_INSTRUMENT;EFP_FIN;EUR;36;122.29000000;291;EXCHANGE_LAST;;1;1;XEUR;10804520;636;
28.11.2024;15:08:45.222;FBTP SI 20241206 PS;SIMPLE_INSTRUMENT;EFP_FIN;EUR;37;122.22000000;259;EXCHANGE_LAST;;1;1;XEUR;10804520;636;
28.11.2024;15:12:17.746;FBTP SI 20241206 PS;SIMPLE_INSTRUMENT;EFP_FIN;EUR;38;122.27000000;290;EXCHANGE_LAST;;1;1;XEUR;10804520;636;
28.11.2024;15:14:12.233;FBTP SI 20241206 PS;SIMPLE_INSTRUMENT;BLOCK;EUR;39;122.28000000;260;EXCHANGE_LAST;;1;1;XEUR;10804520;636;
28.11.2024;15:30:43.170;FBTP SI 20241206 PS;SIMPLE_INSTRUMENT;EFP_FIN;EUR;40;122.26000000;483;EXCHANGE_LAST;;1;1;XEUR;10804520;636;
28.11.2024;15:32:16.969;FBTP SI 20241206 PS;SIMPLE_INSTRUMENT;EFP_FIN;EUR;41;122.26000000;299;EXCHANGE_LAST;;1;1;XEUR;10804520;636;
28.11.2024;15:53:37.957;FBTP SI 20241206 PS;SIMPLE_INSTRUMENT;EFP_FIN;EUR;42;122.18000000;201;EXCHANGE_LAST;;1;1;XEUR;10804520;636;
28.11.2024;16:15:45.725;FBTP SI 20241206 PS;SIMPLE_INSTRUMENT;EFP_FIN;EUR;43;122.23000000;100;EXCHANGE_LAST;;1;1;XEUR;10804520;636;
28.11.2024;16:18:09.800;FBTP SI 20241206 PS;SIMPLE_INSTRUMENT;BLOCK;EUR;44;122.16000000;558;EXCHANGE_LAST;;1;1;XEUR;10804520;636;
28.11.2024;16:22:01.169;FBTP SI 20241206 PS;SIMPLE_INSTRUMENT;EFP_FIN;EUR;45;122.25000000;274;EXCHANGE_LAST;;1;1;XEUR;10804520;636;
28.11.2024;16:35:14.487;FBTP SI 20241206 PS;SIMPLE_INSTRUMENT;BLOCK;EUR;46;122.26000000;1119;EXCHANGE_LAST;;1;1;XEUR;10804520;636;
28.11.2024;16:40:43.211;FBTP SI 20241206 PS;SIMPLE_INSTRUMENT;EFP_FIN;EUR;47;122.27000000;559;EXCHANGE_LAST;;1;1;XEUR;10804520;636;
28.11.2024;16:41:52.227;FBTP SI 20241206 PS;SIMPLE_INSTRUMENT;EFP_FIN;EUR;48;122.23000000;400;EXCHANGE_LAST;;1;1;XEUR;10804520;636;
28.11.2024;08:53:14.274;FBTS.S.DEC24.MAR25.SPD;FUTURES_SPREAD;BLOCK;EUR;5;-0.01000000;251;EXCHANGE_LAST;;1;1;XEUR;72060338522030170;639;
28.11.2024;08:53:14.274;FBTS SI 20250306 PS;SIMPLE_INSTRUMENT;BLOCK;EUR;5;107.51000000;251;PRC_DECOMP_EXCHANGE;;;;XEUR;11286677;639;EXCHANGE
28.11.2024;08:53:14.274;FBTS SI 20241206 PS;SIMPLE_INSTRUMENT;BLOCK;EUR;5;107.50000000;251;PRC_DECOMP_EXCHANGE;;;;XEUR;10804522;639;EXCHANGE
28.11.2024;08:53:18.275;FBTS.S.DEC24.MAR25.SPD;FUTURES_SPREAD;BLOCK;EUR;6;-0.02000000;250;EXCHANGE_LAST;;1;1;XEUR;72060338522030170;639;
28.11.2024;08:53:18.275;FBTS SI 20241206 PS;SIMPLE_INSTRUMENT;BLOCK;EUR;6;107.49000000;250;PRC_DECOMP_EXCHANGE;;;;XEUR;10804522;639;EXCHANGE
28.11.2024;08:53:18.275;FBTS SI 20250306 PS;SIMPLE_INSTRUMENT;BLOCK;EUR;6;107.51000000;250;PRC_DECOMP_EXCHANGE;;;;XEUR;11286677;639;EXCHANGE
28.11.2024;08:56:01.289;FBTS SI 20241206 PS;SIMPLE_INSTRUMENT;EFP_FIN;EUR;7;107.51000000;235;EXCHANGE_LAST;;1;1;XEUR;10804522;639;
28.11.2024;08:56:28.710;FBTS SI 20241206 PS;SIMPLE_INSTRUMENT;EFP_FIN;EUR;8;107.51000000;1120;EXCHANGE_LAST;;1;1;XEUR;10804522;639;
28.11.2024;08:57:04.020;FBTS SI 20241206 PS;SIMPLE_INSTRUMENT;EFP_FIN;EUR;9;107.50000000;1512;EXCHANGE_LAST;;1;1;XEUR;10804522;639;
28.11.2024;09:12:50.832;FBTS.S.DEC24.MAR25.SPD;FUTURES_SPREAD;BLOCK;EUR;11;-0.01000000;500;EXCHANGE_LAST;;1;1;XEUR;72060338522030170;639;
28.11.2024;09:12:50.832;FBTS SI 20250306 PS;SIMPLE_INSTRUMENT;BLOCK;EUR;11;107.51000000;500;PRC_DECOMP_EXCHANGE;;;;XEUR;11286677;639;EXCHANGE
28.11.2024;09:12:50.832;FBTS SI 20241206 PS;SIMPLE_INSTRUMENT;BLOCK;EUR;11;107.50000000;500;PRC_DECOMP_EXCHANGE;;;;XEUR;10804522;639;EXCHANGE
28.11.2024;09:12:53.833;FBTS.S.DEC24.MAR25.SPD;FUTURES_SPREAD;BLOCK;EUR;12;-0.02000000;500;EXCHANGE_LAST;;1;1;XEUR;72060338522030170;639;
28.11.2024;09:12:53.833;FBTS SI 20241206 PS;SIMPLE_INSTRUMENT;BLOCK;EUR;12;107.49000000;500;PRC_DECOMP_EXCHANGE;;;;XEUR;10804522;639;EXCHANGE
28.11.2024;09:12:53.833;FBTS SI 20250306 PS;SIMPLE_INSTRUMENT;BLOCK;EUR;12;107.51000000;500;PRC_DECOMP_EXCHANGE;;;;XEUR;11286677;639;EXCHANGE
28.11.2024;09:16:04.844;FBTS.S.DEC24.MAR25.SPD;FUTURES_SPREAD;BLOCK;EUR;14;-0.01000000;250;EXCHANGE_LAST;;1;1;XEUR;72060338522030170;639;
28.11.2024;09:16:04.844;FBTS SI 20250306 PS;SIMPLE_INSTRUMENT;BLOCK;EUR;14;107.52000000;250;PRC_DECOMP_EXCHANGE;;;;XEUR;11286677;639;EXCHANGE
28.11.2024;09:16:04.844;FBTS SI 20241206 PS;SIMPLE_INSTRUMENT;BLOCK;EUR;14;107.51000000;250;PRC_DECOMP_EXCHANGE;;;;XEUR;10804522;639;EXCHANGE
28.11.2024;09:16:01.843;FBTS.S.DEC24.MAR25.SPD;FUTURES_SPREAD;BLOCK;EUR;15;-0.02000000;250;EXCHANGE_LAST;;1;1;XEUR;72060338522030170;639;
28.11.2024;09:16:01.843;FBTS SI 20250306 PS;SIMPLE_INSTRUMENT;BLOCK;EUR;15;107.53000000;250;PRC_DECOMP_EXCHANGE;;;;XEUR;11286677;639;EXCHANGE
28.11.2024;09:16:01.843;FBTS SI 20241206 PS;SIMPLE_INSTRUMENT;BLOCK;EUR;15;107.51000000;250;PRC_DECOMP_EXCHANGE;;;;XEUR;10804522;639;EXCHANGE
28.11.2024;09:17:29.850;FBTS.S.DEC24.MAR25.SPD;FUTURES_SPREAD;BLOCK;EUR;16;-0.01000000;250;EXCHANGE_LAST;;1;1;XEUR;72060338522030170;639;
28.11.2024;09:17:29.850;FBTS SI 20250306 PS;SIMPLE_INSTRUMENT;BLOCK;EUR;16;107.53000000;250;PRC_DECOMP_EXCHANGE;;;;XEUR;11286677;639;EXCHANGE
28.11.2024;09:17:29.850;FBTS SI 20241206 PS;SIMPLE_INSTRUMENT;BLOCK;EUR;16;107.52000000;250;PRC_DECOMP_EXCHANGE;;;;XEUR;10804522;639;EXCHANGE
28.11.2024;09:16:59.848;FBTS.S.DEC24.MAR25.SPD;FUTURES_SPREAD;BLOCK;EUR;17;-0.02000000;250;EXCHANGE_LAST;;1;1;XEUR;72060338522030170;639;
28.11.2024;09:16:59.848;FBTS SI 20250306 PS;SIMPLE_INSTRUMENT;BLOCK;EUR;17;107.53000000;250;PRC_DECOMP_EXCHANGE;;;;XEUR;11286677;639;EXCHANGE
28.11.2024;09:16:59.848;FBTS SI 20241206 PS;SIMPLE_INSTRUMENT;BLOCK;EUR;17;107.51000000;250;PRC_DECOMP_EXCHANGE;;;;XEUR;10804522;639;EXCHANGE
28.11.2024;09:19:31.857;FBTS.S.DEC24.MAR25.SPD;FUTURES_SPREAD;BLOCK;EUR;18;-0.01000000;250;EXCHANGE_LAST;;1;1;XEUR;72060338522030170;639;
28.11.2024;09:19:31.857;FBTS SI 20241206 PS;SIMPLE_INSTRUMENT;BLOCK;EUR;18;107.52000000;250;PRC_DECOMP_EXCHANGE;;;;XEUR;10804522;639;EXCHANGE
28.11.2024;09:19:31.857;FBTS SI 20250306 PS;SIMPLE_INSTRUMENT;BLOCK;EUR;18;107.53000000;250;PRC_DECOMP_EXCHANGE;;;;XEUR;11286677;639;EXCHANGE
28.11.2024;09:19:36.858;FBTS.S.DEC24.MAR25.SPD;FUTURES_SPREAD;BLOCK;EUR;19;-0.02000000;250;EXCHANGE_LAST;;1;1;XEUR;72060338522030170;639;
28.11.2024;09:19:36.858;FBTS SI 20250306 PS;SIMPLE_INSTRUMENT;BLOCK;EUR;19;107.53000000;250;PRC_DECOMP_EXCHANGE;;;;XEUR;11286677;639;EXCHANGE
28.11.2024;09:19:36.858;FBTS SI 20241206 PS;SIMPLE_INSTRUMENT;BLOCK;EUR;19;107.51000000;250;PRC_DECOMP_EXCHANGE;;;;XEUR;10804522;639;EXCHANGE
28.11.2024;09:33:49.314;FBTS SI 20241206 PS;SIMPLE_INSTRUMENT;EFP_FIN;EUR;21;107.51000000;705;EXCHANGE_LAST;;1;1;XEUR;10804522;639;
28.11.2024;09:35:01.159;FBTS SI 20241206 PS;SIMPLE_INSTRUMENT;EFP_FIN;EUR;23;107.51000000;235;EXCHANGE_LAST;;1;1;XEUR;10804522;639;
28.11.2024;10:13:55.014;FBTS SI 20241206 PS;SIMPLE_INSTRUMENT;BLOCK;EUR;28;107.50000000;1067;EXCHANGE_LAST;;1;1;XEUR;10804522;639;
28.11.2024;10:13:44.013;FBTS SI 20250306 PS;SIMPLE_INSTRUMENT;BLOCK;EUR;29;107.50000000;500;EXCHANGE_LAST;;1;1;XEUR;11286677;639;
28.11.2024;10:13:33.012;FBTS SI 20250306 PS;SIMPLE_INSTRUMENT;BLOCK;EUR;30;107.51000000;500;EXCHANGE_LAST;;1;1;XEUR;11286677;639;
28.11.2024;10:26:26.494;FBTS SI 20241206 PS;SIMPLE_INSTRUMENT;BLOCK;EUR;32;107.50000000;2800;EXCHANGE_LAST;;1;1;XEUR;10804522;639;
28.11.2024;10:27:18.997;FBTS SI 20250306 PS;SIMPLE_INSTRUMENT;BLOCK;EUR;33;107.50000000;1400;EXCHANGE_LAST;;1;1;XEUR;11286677;639;
28.11.2024;10:27:31.735;FBTS SI 20250306 PS;SIMPLE_INSTRUMENT;BLOCK;EUR;34;107.51000000;1400;EXCHANGE_LAST;;1;1;XEUR;11286677;639;
28.11.2024;11:06:47.762;FBTS SI 20241206 PS;SIMPLE_INSTRUMENT;BLOCK;EUR;39;107.50000000;1000;EXCHANGE_LAST;;1;1;XEUR;10804522;639;
28.11.2024;11:07:43.790;FBTS SI 20250306 PS;SIMPLE_INSTRUMENT;BLOCK;EUR;40;107.50000000;500;EXCHANGE_LAST;;1;1;XEUR;11286677;639;
28.11.2024;11:07:53.508;FBTS SI 20250306 PS;SIMPLE_INSTRUMENT;BLOCK;EUR;41;107.51000000;500;EXCHANGE_LAST;;1;1;XEUR;11286677;639;
28.11.2024;11:10:49.677;FBTS SI 20241206 PS;SIMPLE_INSTRUMENT;EFP_FIN;EUR;42;107.49000000;347;EXCHANGE_LAST;;1;1;XEUR;10804522;639;
28.11.2024;11:21:53.151;FBTS SI 20241206 PS;SIMPLE_INSTRUMENT;EFP_FIN;EUR;44;107.51000000;969;EXCHANGE_LAST;;1;1;XEUR;10804522;639;
28.11.2024;11:57:15.352;FBTS SI 20241206 PS;SIMPLE_INSTRUMENT;EFP_FIN;EUR;47;107.52000000;470;EXCHANGE_LAST;;1;1;XEUR;10804522;639;
28.11.2024;12:50:18.240;FBTS.S.DEC24.MAR25.SPD;FUTURES_SPREAD;BLOCK;EUR;50;0.00000000;1000;EXCHANGE_LAST;;1;1;XEUR;72060338522030170;639;
28.11.2024;12:50:18.240;FBTS SI 20250306 PS;SIMPLE_INSTRUMENT;BLOCK;EUR;50;107.58000000;1000;PRC_DECOMP_EXCHANGE;;;;XEUR;11286677;639;EXCHANGE
28.11.2024;12:50:18.240;FBTS SI 20241206 PS;SIMPLE_INSTRUMENT;BLOCK;EUR;50;107.58000000;1000;PRC_DECOMP_EXCHANGE;;;;XEUR;10804522;639;EXCHANGE
28.11.2024;12:50:25.372;FBTS.S.DEC24.MAR25.SPD;FUTURES_SPREAD;BLOCK;EUR;51;-0.01000000;1000;EXCHANGE_LAST;;1;1;XEUR;72060338522030170;639;
28.11.2024;12:50:25.372;FBTS SI 20241206 PS;SIMPLE_INSTRUMENT;BLOCK;EUR;51;107.57000000;1000;PRC_DECOMP_EXCHANGE;;;;XEUR;10804522;639;EXCHANGE
28.11.2024;12:50:25.372;FBTS SI 20250306 PS;SIMPLE_INSTRUMENT;BLOCK;EUR;51;107.58000000;1000;PRC_DECOMP_EXCHANGE;;;;XEUR;11286677;639;EXCHANGE
28.11.2024;13:03:39.288;FBTS SI 20241206 PS;SIMPLE_INSTRUMENT;EFP_FIN;EUR;53;107.56000000;242;EXCHANGE_LAST;;1;1;XEUR;10804522;639;
28.11.2024;13:46:22.613;FBTS SI 20241206 PS;SIMPLE_INSTRUMENT;EFP_FIN;EUR;56;107.56000000;1811;EXCHANGE_LAST;;1;1;XEUR;10804522;639;
28.11.2024;14:10:42.683;FBTS SI 20241206 PS;SIMPLE_INSTRUMENT;EFP_FIN;EUR;57;107.61000000;1786;EXCHANGE_LAST;;1;1;XEUR;10804522;639;
28.11.2024;15:11:26.955;FBTS SI 20241206 PS;SIMPLE_INSTRUMENT;EFP_FIN;EUR;61;107.52000000;470;EXCHANGE_LAST;;1;1;XEUR;10804522;639;
28.11.2024;15:19:12.498;FBTS SI 20250306 PS;SIMPLE_INSTRUMENT;EFP_FIN;EUR;62;107.62000000;4086;EXCHANGE_LAST;;1;1;XEUR;11286677;639;
28.11.2024;15:44:00.755;FBTS SI 20250306 PS;SIMPLE_INSTRUMENT;EFP_FIN;EUR;63;107.63000000;2724;EXCHANGE_LAST;;1;1;XEUR;11286677;639;
28.11.2024;15:48:50.692;FBTS SI 20250306 PS;SIMPLE_INSTRUMENT;EFP_FIN;EUR;65;107.63000000;454;EXCHANGE_LAST;;1;1;XEUR;11286677;639;
28.11.2024;16:02:19.162;FBTS SI 20250306 PS;SIMPLE_INSTRUMENT;BLOCK;EUR;66;107.63000000;454;EXCHANGE_LAST;;1;1;XEUR;11286677;639;
28.11.2024;16:08:09.205;FBTS SI 20250306 PS;SIMPLE_INSTRUMENT;EFP_FIN;EUR;67;107.62000000;4994;EXCHANGE_LAST;;1;1;XEUR;11286677;639;
28.11.2024;16:32:33.194;FBTS SI 20250306 PS;SIMPLE_INSTRUMENT;EFP_FIN;EUR;69;107.63000000;454;EXCHANGE_LAST;;1;1;XEUR;11286677;639;
28.11.2024;15:02:45.027;FCBU SI 20250103 CS;SIMPLE_INSTRUMENT;BLOCK;USD;3;0.16650000;300;EXCHANGE_LAST;;1;1;XEUR;10519769;570870;
28.11.2024;11:23:42.732;FCMU SI 20241216 CS;SIMPLE_INSTRUMENT;BLOCK;USD;1;0.04908000;150;EXCHANGE_LAST;;1;1;XEUR;10921066;570874;
28.11.2024;15:23:22.731;FCZU SI 20241216 CS;SIMPLE_INSTRUMENT;BLOCK;USD;4;0.05503000;195;EXCHANGE_LAST;;1;1;XEUR;10921064;570872;
28.11.2024;16:18:45.151;FES1 SI 20241220 PS;SIMPLE_INSTRUMENT;BLOCK;EUR;26;8.80000000;400;EXCHANGE_LAST;;1;1;XEUR;10869579;58959;
28.11.2024;15:04:40.912;FESB SI 20241220 CS;SIMPLE_INSTRUMENT;BLOCK;EUR;35;138.90000000;2126;EXCHANGE_LAST;;1;1;XEUR;10838895;605;
28.11.2024;16:42:32.580;FESB SI 20241220 CS;SIMPLE_INSTRUMENT;BLOCK;EUR;37;138.90000000;15000;EXCHANGE_LAST;;1;1;XEUR;10838895;605;
28.11.2024;16:43:05.298;FESB SI 20241220 CS;SIMPLE_INSTRUMENT;BLOCK;EUR;38;138.90000000;15000;EXCHANGE_LAST;;1;1;XEUR;10838895;605;
28.11.2024;11:53:38.664;FESX SI 20241220 CS;SIMPLE_INSTRUMENT;BLOCK;EUR;2;4769.00000000;5000;EXCHANGE_LAST;;1;1;XEUR;7793479;675;
28.11.2024;11:51:48.432;FESX SI 20241220 CS;SIMPLE_INSTRUMENT;BLOCK;EUR;3;4770.00000000;2000;EXCHANGE_LAST;;1;1;XEUR;7793479;675;
28.11.2024;12:28:24.794;FESX SI 20241220 CS;SIMPLE_INSTRUMENT;BLOCK;EUR;4;4770.00000000;2000;EXCHANGE_LAST;;1;1;XEUR;7793479;675;
28.11.2024;12:27:59.432;FESX SI 20241220 CS;SIMPLE_INSTRUMENT;BLOCK;EUR;5;4770.00000000;3000;EXCHANGE_LAST;;1;1;XEUR;7793479;675;
28.11.2024;12:30:24.502;FESX SI 20241220 CS;SIMPLE_INSTRUMENT;BLOCK;EUR;6;4770.00000000;3000;EXCHANGE_LAST;;1;1;XEUR;7793479;675;
28.11.2024;12:36:45.462;FESX SI 20241220 CS;SIMPLE_INSTRUMENT;BLOCK;EUR;7;4770.00000000;10000;EXCHANGE_LAST;;1;1;XEUR;7793479;675;
28.11.2024;12:46:27.877;FESX SI 20241220 CS;SIMPLE_INSTRUMENT;BLOCK;EUR;8;4771.00000000;2000;EXCHANGE_LAST;;1;1;XEUR;7793479;675;
28.11.2024;13:43:06.424;FESX SI 20241220 CS;SIMPLE_INSTRUMENT;BLOCK;EUR;9;4770.00000000;5500;EXCHANGE_LAST;;1;1;XEUR;7793479;675;
28.11.2024;10:02:02.099;FESX SI 20241220 CS;SIMPLE_INSTRUMENT;VOLA;EUR;637534254;4788.00000000;145;EXCHANGE_LAST;;1;1;XEUR;7793479;675;
28.11.2024;10:22:55.903;FESX SI 20241220 CS;SIMPLE_INSTRUMENT;VOLA;EUR;637534257;4790.00000000;265;EXCHANGE_LAST;;1;1;XEUR;7793479;675;
28.11.2024;10:15:22.129;FESX SI 20241220 CS;SIMPLE_INSTRUMENT;VOLA;EUR;637534260;4784.00000000;90;EXCHANGE_LAST;;1;1;XEUR;7793479;675;
28.11.2024;13:12:07.733;FESX SI 20241220 CS;SIMPLE_INSTRUMENT;VOLA;EUR;637534294;4780.00000000;100;EXCHANGE_LAST;;1;1;XEUR;7793479;675;
28.11.2024;13:46:49.531;FESX SI 20241220 CS;SIMPLE_INSTRUMENT;VOLA;EUR;637534301;4795.00000000;10;EXCHANGE_LAST;;1;1;XEUR;7793479;675;
28.11.2024;13:47:33.570;FESX SI 20241220 CS;SIMPLE_INSTRUMENT;VOLA;EUR;637534304;4780.00000000;100;EXCHANGE_LAST;;1;1;XEUR;7793479;675;
28.11.2024;15:15:26.530;FESX SI 20241220 CS;SIMPLE_INSTRUMENT;VOLA;EUR;637534318;4770.00000000;170;EXCHANGE_LAST;;1;1;XEUR;7793479;675;
28.11.2024;15:28:42.837;FESX SI 20241220 CS;SIMPLE_INSTRUMENT;VOLA;EUR;637534322;4780.00000000;325;EXCHANGE_LAST;;1;1;XEUR;7793479;675;
28.11.2024;16:22:19.174;FESX SI 20241220 CS;SIMPLE_INSTRUMENT;VOLA;EUR;637534341;4770.00000000;1260;EXCHANGE_LAST;;1;1;XEUR;7793479;675;
28.11.2024;09:02:29.070;FEXD SI 20261218 CS;SIMPLE_INSTRUMENT;BLOCK;EUR;1;150.70000000;150;EXCHANGE_LAST;;1;1;XEUR;2163053;693;
28.11.2024;09:11:38.998;FEXD SI 20261218 CS;SIMPLE_INSTRUMENT;BLOCK;EUR;2;150.60000000;150;EXCHANGE_LAST;;1;1;XEUR;2163053;693;
28.11.2024;09:11:44.269;FEXD SI 20261218 CS;SIMPLE_INSTRUMENT;BLOCK;EUR;3;150.70000000;150;EXCHANGE_LAST;;1;1;XEUR;2163053;693;
28.11.2024;12:54:47.526;FEXD.S.DEC27.DEC29.SPD;FUTURES_SPREAD;BLOCK;EUR;15;10.30000000;1000;EXCHANGE_LAST;;1;1;XEUR;72060570450264170;693;
28.11.2024;12:54:47.526;FEXD SI 20291221 CS;SIMPLE_INSTRUMENT;BLOCK;EUR;15;133.60000000;1000;PRC_DECOMP_MEMBER;;;;XEUR;4631968;693;MEMBER
28.11.2024;12:54:47.526;FEXD SI 20271217 CS;SIMPLE_INSTRUMENT;BLOCK;EUR;15;143.90000000;1000;PRC_DECOMP_MEMBER;;;;XEUR;2848338;693;MEMBER
28.11.2024;13:18:17.993;FEXD SI 20251219 CS;SIMPLE_INSTRUMENT;BLOCK;EUR;18;158.80000000;350;EXCHANGE_LAST;;1;1;XEUR;1548120;693;
28.11.2024;13:18:23.160;FEXD SI 20251219 CS;SIMPLE_INSTRUMENT;BLOCK;EUR;19;158.90000000;350;EXCHANGE_LAST;;1;1;XEUR;1548120;693;
28.11.2024;16:20:53.838;FFOX SI 20241220 CS;SIMPLE_INSTRUMENT;BLOCK;EUR;1;4340.30000000;300;EXCHANGE_LAST;;1;1;XEUR;10839549;695;
28.11.2024;07:19:02.954;FGBL SI 20241206 PS;SIMPLE_INSTRUMENT;EFS;EUR;1;134.04000000;93;EXCHANGE_LAST;;1;1;XEUR;10804524;688;
28.11.2024;07:54:17.881;FGBL SI 20241206 PS;SIMPLE_INSTRUMENT;EFS;EUR;2;134.21000000;258;EXCHANGE_LAST;;1;1;XEUR;10804524;688;
28.11.2024;07:56:56.107;FGBL SI 20241206 PS;SIMPLE_INSTRUMENT;EFS;EUR;3;134.19000000;915;EXCHANGE_LAST;;1;1;XEUR;10804524;688;
28.11.2024;08:10:21.981;FGBL SI 20241206 PS;SIMPLE_INSTRUMENT;EFS;EUR;4;134.28000000;87;EXCHANGE_LAST;;1;1;XEUR;10804524;688;
28.11.2024;08:12:32.423;FGBL SI 20241206 PS;SIMPLE_INSTRUMENT;EFS;EUR;5;134.30000000;431;EXCHANGE_LAST;;1;1;XEUR;10804524;688;
28.11.2024;08:21:49.684;FGBL SI 20241206 PS;SIMPLE_INSTRUMENT;EFP_FIN;EUR;6;134.29000000;242;EXCHANGE_LAST;;1;1;XEUR;10804524;688;
28.11.2024;08:21:53.949;FGBL SI 20250306 PS;SIMPLE_INSTRUMENT;EFS;EUR;7;135.88000000;457;EXCHANGE_LAST;;1;1;XEUR;11286679;688;
28.11.2024;09:00:29.256;FGBL SI 20241206 PS;SIMPLE_INSTRUMENT;EFS;EUR;8;134.32000000;456;EXCHANGE_LAST;;1;1;XEUR;10804524;688;
28.11.2024;09:00:14.649;FGBL SI 20241206 PS;SIMPLE_INSTRUMENT;EFS;EUR;9;134.32000000;456;EXCHANGE_LAST;;1;1;XEUR;10804524;688;
28.11.2024;08:38:34.876;FGBL SI 20241206 PS;SIMPLE_INSTRUMENT;EFS;EUR;10;134.27000000;75;EXCHANGE_LAST;;1;1;XEUR;10804524;688;
28.11.2024;08:39:15.363;FGBL.S.DEC24.MAR25.SPD;FUTURES_SPREAD;BLOCK;EUR;11;-1.59000000;2000;EXCHANGE_LAST;;1;1;XEUR;72060548975427674;688;
28.11.2024;08:39:15.363;FGBL SI 20241206 PS;SIMPLE_INSTRUMENT;BLOCK;EUR;11;134.24000000;2000;PRC_DECOMP_EXCHANGE;;;;XEUR;10804524;688;EXCHANGE
28.11.2024;08:39:15.363;FGBL SI 20250306 PS;SIMPLE_INSTRUMENT;BLOCK;EUR;11;135.83000000;2000;PRC_DECOMP_EXCHANGE;;;;XEUR;11286679;688;EXCHANGE
28.11.2024;08:39:28.837;FGBL.S.DEC24.MAR25.SPD;FUTURES_SPREAD;BLOCK;EUR;12;-1.60000000;2000;EXCHANGE_LAST;;1;1;XEUR;72060548975427674;688;
28.11.2024;08:39:28.837;FGBL SI 20250306 PS;SIMPLE_INSTRUMENT;BLOCK;EUR;12;135.83000000;2000;PRC_DECOMP_EXCHANGE;;;;XEUR;11286679;688;EXCHANGE
28.11.2024;08:39:28.837;FGBL SI 20241206 PS;SIMPLE_INSTRUMENT;BLOCK;EUR;12;134.23000000;2000;PRC_DECOMP_EXCHANGE;;;;XEUR;10804524;688;EXCHANGE
28.11.2024;08:41:16.237;FGBL SI 20241206 PS;SIMPLE_INSTRUMENT;EFS;EUR;13;134.23000000;228;EXCHANGE_LAST;;1;1;XEUR;10804524;688;
28.11.2024;08:44:32.667;FGBL SI 20241206 PS;SIMPLE_INSTRUMENT;EFS;EUR;14;134.23000000;241;EXCHANGE_LAST;;1;1;XEUR;10804524;688;
28.11.2024;08:44:30.898;FGBL SI 20241206 PS;SIMPLE_INSTRUMENT;EFS;EUR;15;134.25000000;962;EXCHANGE_LAST;;1;1;XEUR;10804524;688;
28.11.2024;08:45:43.250;FGBL SI 20250306 PS;SIMPLE_INSTRUMENT;EFS;EUR;16;135.86000000;250;EXCHANGE_LAST;;1;1;XEUR;11286679;688;
28.11.2024;08:52:31.579;FGBL SI 20241206 PS;SIMPLE_INSTRUMENT;EFS;EUR;17;134.26000000;228;EXCHANGE_LAST;;1;1;XEUR;10804524;688;
28.11.2024;08:56:41.749;FGBL SI 20241206 PS;SIMPLE_INSTRUMENT;EFS;EUR;18;134.28000000;8733;EXCHANGE_LAST;;1;1;XEUR;10804524;688;
28.11.2024;08:57:02.737;FGBL SI 20241206 PS;SIMPLE_INSTRUMENT;EFS;EUR;19;134.06000000;200;EXCHANGE_LAST;;1;1;XEUR;10804524;688;
28.11.2024;08:59:46.337;FGBL SI 20241206 PS;SIMPLE_INSTRUMENT;EFS;EUR;20;134.24000000;228;EXCHANGE_LAST;;1;1;XEUR;10804524;688;
28.11.2024;09:01:36.092;FGBL SI 20241206 PS;SIMPLE_INSTRUMENT;EFS;EUR;21;134.21000000;240;EXCHANGE_LAST;;1;1;XEUR;10804524;688;
28.11.2024;09:03:36.760;FGBL SI 20241206 PS;SIMPLE_INSTRUMENT;EFS;EUR;22;134.25000000;226;EXCHANGE_LAST;;1;1;XEUR;10804524;688;
28.11.2024;09:09:46.331;FGBL SI 20241206 PS;SIMPLE_INSTRUMENT;EFS;EUR;23;134.23000000;215;EXCHANGE_LAST;;1;1;XEUR;10804524;688;
28.11.2024;09:08:04.744;FGBL SI 20241206 PS;SIMPLE_INSTRUMENT;EFS;EUR;24;134.23000000;215;EXCHANGE_LAST;;1;1;XEUR;10804524;688;
28.11.2024;09:10:54.825;FGBL SI 20241206 PS;SIMPLE_INSTRUMENT;EFP_FIN;EUR;25;134.14000000;1706;EXCHANGE_LAST;;1;1;XEUR;10804524;688;
28.11.2024;09:12:13.365;FGBL SI 20241206 PS;SIMPLE_INSTRUMENT;EFS;EUR;26;134.21000000;300;EXCHANGE_LAST;;1;1;XEUR;10804524;688;
28.11.2024;09:14:09.513;FGBL SI 20241206 PS;SIMPLE_INSTRUMENT;EFP_FIN;EUR;27;134.20000000;116;EXCHANGE_LAST;;1;1;XEUR;10804524;688;
28.11.2024;09:23:33.731;FGBL SI 20241206 PS;SIMPLE_INSTRUMENT;EFS;EUR;28;134.11000000;862;EXCHANGE_LAST;;1;1;XEUR;10804524;688;
28.11.2024;09:25:38.704;FGBL SI 20241206 PS;SIMPLE_INSTRUMENT;EFS;EUR;29;134.14000000;391;EXCHANGE_LAST;;1;1;XEUR;10804524;688;
28.11.2024;09:28:27.613;FGBL SI 20241206 PS;SIMPLE_INSTRUMENT;EFS;EUR;30;134.10000000;48;EXCHANGE_LAST;;1;1;XEUR;10804524;688;
28.11.2024;09:29:28.287;FGBL SI 20241206 PS;SIMPLE_INSTRUMENT;EFP_FIN;EUR;31;134.10000000;775;EXCHANGE_LAST;;1;1;XEUR;10804524;688;
28.11.2024;09:33:01.016;FGBL SI 20241206 PS;SIMPLE_INSTRUMENT;EFS;EUR;32;134.12000000;431;EXCHANGE_LAST;;1;1;XEUR;10804524;688;
28.11.2024;09:37:04.257;FGBL SI 20241206 PS;SIMPLE_INSTRUMENT;EFS;EUR;33;134.11000000;431;EXCHANGE_LAST;;1;1;XEUR;10804524;688;
28.11.2024;09:37:54.586;FGBL SI 20241206 PS;SIMPLE_INSTRUMENT;EFS;EUR;34;134.12000000;431;EXCHANGE_LAST;;1;1;XEUR;10804524;688;
28.11.2024;09:43:12.463;FGBL SI 20241206 PS;SIMPLE_INSTRUMENT;EFS;EUR;35;134.11000000;431;EXCHANGE_LAST;;1;1;XEUR;10804524;688;
28.11.2024;09:43:38.673;FGBL SI 20241206 PS;SIMPLE_INSTRUMENT;EFS;EUR;36;134.12000000;963;EXCHANGE_LAST;;1;1;XEUR;10804524;688;
28.11.2024;09:48:27.676;FGBL SI 20241206 PS;SIMPLE_INSTRUMENT;EFS;EUR;37;134.12000000;431;EXCHANGE_LAST;;1;1;XEUR;10804524;688;
28.11.2024;09:48:37.685;FGBL SI 20241206 PS;SIMPLE_INSTRUMENT;EFS;EUR;38;134.12000000;216;EXCHANGE_LAST;;1;1;XEUR;10804524;688;
28.11.2024;09:50:53.971;FGBL SI 20241206 PS;SIMPLE_INSTRUMENT;EFS;EUR;39;134.16000000;481;EXCHANGE_LAST;;1;1;XEUR;10804524;688;
28.11.2024;09:50:58.043;FGBL SI 20241206 PS;SIMPLE_INSTRUMENT;EFS;EUR;40;134.12000000;482;EXCHANGE_LAST;;1;1;XEUR;10804524;688;
28.11.2024;09:56:51.556;FGBL SI 20241206 PS;SIMPLE_INSTRUMENT;EFP_FIN;EUR;41;134.10000000;388;EXCHANGE_LAST;;1;1;XEUR;10804524;688;
28.11.2024;09:57:49.510;FGBL SI 20241206 PS;SIMPLE_INSTRUMENT;EFS;EUR;42;134.12000000;194;EXCHANGE_LAST;;1;1;XEUR;10804524;688;
28.11.2024;09:58:04.154;FGBL SI 20241206 PS;SIMPLE_INSTRUMENT;EFS;EUR;43;134.14000000;431;EXCHANGE_LAST;;1;1;XEUR;10804524;688;
28.11.2024;09:58:20.923;FGBL SI 20241206 PS;SIMPLE_INSTRUMENT;EFP_FIN;EUR;44;134.15000000;427;EXCHANGE_LAST;;1;1;XEUR;10804524;688;
28.11.2024;10:05:48.988;FGBL SI 20241206 PS;SIMPLE_INSTRUMENT;EFS;EUR;45;134.13000000;215;EXCHANGE_LAST;;1;1;XEUR;10804524;688;
28.11.2024;10:06:54.064;FGBL SI 20241206 PS;SIMPLE_INSTRUMENT;EFS;EUR;46;134.13000000;431;EXCHANGE_LAST;;1;1;XEUR;10804524;688;
28.11.2024;10:11:45.810;FGBL SI 20241206 PS;SIMPLE_INSTRUMENT;EFS;EUR;47;134.15000000;241;EXCHANGE_LAST;;1;1;XEUR;10804524;688;
28.11.2024;10:14:41.501;FGBL SI 20241206 PS;SIMPLE_INSTRUMENT;EFS;EUR;48;134.10000000;215;EXCHANGE_LAST;;1;1;XEUR;10804524;688;
28.11.2024;10:19:30.227;FGBL SI 20241206 PS;SIMPLE_INSTRUMENT;EFS;EUR;49;134.06000000;216;EXCHANGE_LAST;;1;1;XEUR;10804524;688;
28.11.2024;10:20:45.813;FGBL SI 20241206 PS;SIMPLE_INSTRUMENT;EFS;EUR;50;134.06000000;431;EXCHANGE_LAST;;1;1;XEUR;10804524;688;
28.11.2024;10:30:26.447;FGBL SI 20241206 PS;SIMPLE_INSTRUMENT;EFS;EUR;51;134.08000000;862;EXCHANGE_LAST;;1;1;XEUR;10804524;688;
28.11.2024;10:27:38.974;FGBL SI 20241206 PS;SIMPLE_INSTRUMENT;EFS;EUR;52;134.08000000;862;EXCHANGE_LAST;;1;1;XEUR;10804524;688;
28.11.2024;10:28:33.747;FGBL SI 20241206 PS;SIMPLE_INSTRUMENT;EFS;EUR;53;134.08000000;862;EXCHANGE_LAST;;1;1;XEUR;10804524;688;
28.11.2024;10:30:16.906;FGBL SI 20241206 PS;SIMPLE_INSTRUMENT;EFS;EUR;54;134.08000000;862;EXCHANGE_LAST;;1;1;XEUR;10804524;688;
28.11.2024;10:30:35.195;FGBL SI 20241206 PS;SIMPLE_INSTRUMENT;EFS;EUR;55;134.09000000;115;EXCHANGE_LAST;;1;1;XEUR;10804524;688;
28.11.2024;10:31:59.168;FGBL SI 20241206 PS;SIMPLE_INSTRUMENT;EFS;EUR;56;134.07000000;862;EXCHANGE_LAST;;1;1;XEUR;10804524;688;
28.11.2024;10:32:03.874;FGBL SI 20241206 PS;SIMPLE_INSTRUMENT;EFS;EUR;57;134.08000000;913;EXCHANGE_LAST;;1;1;XEUR;10804524;688;
28.11.2024;10:38:28.400;FGBL SI 20241206 PS;SIMPLE_INSTRUMENT;EFS;EUR;58;134.11000000;431;EXCHANGE_LAST;;1;1;XEUR;10804524;688;
28.11.2024;10:45:24.003;FGBL SI 20241206 PS;SIMPLE_INSTRUMENT;EFS;EUR;59;134.08000000;193;EXCHANGE_LAST;;1;1;XEUR;10804524;688;
28.11.2024;10:45:39.527;FGBL SI 20241206 PS;SIMPLE_INSTRUMENT;EFS;EUR;60;134.13000000;482;EXCHANGE_LAST;;1;1;XEUR;10804524;688;
28.11.2024;10:47:14.989;FGBL SI 20241206 PS;SIMPLE_INSTRUMENT;EFS;EUR;61;134.09000000;241;EXCHANGE_LAST;;1;1;XEUR;10804524;688;
28.11.2024;10:51:24.380;FGBL SI 20241206 PS;SIMPLE_INSTRUMENT;EFP_FIN;EUR;62;134.13000000;71;EXCHANGE_LAST;;1;1;XEUR;10804524;688;
28.11.2024;10:49:02.615;FGBL SI 20241206 PS;SIMPLE_INSTRUMENT;EFS;EUR;63;134.04000000;482;EXCHANGE_LAST;;1;1;XEUR;10804524;688;
28.11.2024;10:50:54.377;FGBL SI 20241206 PS;SIMPLE_INSTRUMENT;EFP_FIN;EUR;64;134.13000000;75;EXCHANGE_LAST;;1;1;XEUR;10804524;688;
28.11.2024;10:53:57.066;FGBL SI 20241206 PS;SIMPLE_INSTRUMENT;EFP_FIN;EUR;65;134.26000000;270;EXCHANGE_LAST;;1;1;XEUR;10804524;688;
28.11.2024;11:03:01.583;FGBL SI 20241206 PS;SIMPLE_INSTRUMENT;EFP_FIN;EUR;66;134.09000000;480;EXCHANGE_LAST;;1;1;XEUR;10804524;688;
28.11.2024;11:05:00.045;FGBL SI 20241206 PS;SIMPLE_INSTRUMENT;EFS;EUR;67;134.06000000;216;EXCHANGE_LAST;;1;1;XEUR;10804524;688;
28.11.2024;11:06:02.740;FGBL SI 20241206 PS;SIMPLE_INSTRUMENT;EFS;EUR;68;134.06000000;216;EXCHANGE_LAST;;1;1;XEUR;10804524;688;
28.11.2024;11:10:40.435;FGBL SI 20241206 PS;SIMPLE_INSTRUMENT;EFS;EUR;69;134.06000000;431;EXCHANGE_LAST;;1;1;XEUR;10804524;688;
28.11.2024;11:14:56.853;FGBL SI 20250306 PS;SIMPLE_INSTRUMENT;EFS;EUR;70;135.62000000;264;EXCHANGE_LAST;;1;1;XEUR;11286679;688;
28.11.2024;11:16:13.461;FGBL SI 20241206 PS;SIMPLE_INSTRUMENT;EFS;EUR;71;134.07000000;228;EXCHANGE_LAST;;1;1;XEUR;10804524;688;
28.11.2024;11:17:38.809;FGBL SI 20241206 PS;SIMPLE_INSTRUMENT;EFP_FIN;EUR;72;134.05000000;164;EXCHANGE_LAST;;1;1;XEUR;10804524;688;
28.11.2024;11:22:17.995;FGBL SI 20241206 PS;SIMPLE_INSTRUMENT;EFS;EUR;73;134.08000000;723;EXCHANGE_LAST;;1;1;XEUR;10804524;688;
28.11.2024;11:23:01.516;FGBL SI 20241206 PS;SIMPLE_INSTRUMENT;EFP_FIN;EUR;74;134.05000000;82;EXCHANGE_LAST;;1;1;XEUR;10804524;688;
28.11.2024;11:27:44.535;FGBL SI 20250306 PS;SIMPLE_INSTRUMENT;EFS;EUR;75;135.63000000;146;EXCHANGE_LAST;;1;1;XEUR;11286679;688;
28.11.2024;11:35:25.831;FGBL SI 20241206 PS;SIMPLE_INSTRUMENT;EFS;EUR;76;134.06000000;241;EXCHANGE_LAST;;1;1;XEUR;10804524;688;
28.11.2024;11:36:07.317;FGBL SI 20241206 PS;SIMPLE_INSTRUMENT;EFS;EUR;77;134.06000000;457;EXCHANGE_LAST;;1;1;XEUR;10804524;688;
28.11.2024;11:36:27.083;FGBL SI 20250306 PS;SIMPLE_INSTRUMENT;EFS;EUR;78;135.65000000;61;EXCHANGE_LAST;;1;1;XEUR;11286679;688;
28.11.2024;11:45:34.291;FGBL SI 20241206 PS;SIMPLE_INSTRUMENT;BLOCK;EUR;79;134.09000000;4000;EXCHANGE_LAST;;1;1;XEUR;10804524;688;
28.11.2024;11:46:50.534;FGBL SI 20241206 PS;SIMPLE_INSTRUMENT;BLOCK;EUR;80;134.13000000;20000;EXCHANGE_LAST;;1;1;XEUR;10804524;688;
28.11.2024;11:46:20.228;FGBL SI 20250306 PS;SIMPLE_INSTRUMENT;BLOCK;EUR;81;135.67000000;2000;EXCHANGE_LAST;;1;1;XEUR;11286679;688;
28.11.2024;11:46:58.535;FGBL SI 20250306 PS;SIMPLE_INSTRUMENT;BLOCK;EUR;82;135.71000000;9522;EXCHANGE_LAST;;1;1;XEUR;11286679;688;
28.11.2024;11:46:27.003;FGBL SI 20250306 PS;SIMPLE_INSTRUMENT;BLOCK;EUR;83;135.68000000;2000;EXCHANGE_LAST;;1;1;XEUR;11286679;688;
28.11.2024;11:47:11.535;FGBL SI 20250306 PS;SIMPLE_INSTRUMENT;BLOCK;EUR;84;135.72000000;9522;EXCHANGE_LAST;;1;1;XEUR;11286679;688;
28.11.2024;11:51:14.153;FGBL SI 20241206 PS;SIMPLE_INSTRUMENT;EFS;EUR;85;134.10000000;863;EXCHANGE_LAST;;1;1;XEUR;10804524;688;
28.11.2024;11:51:59.185;FGBL SI 20241206 PS;SIMPLE_INSTRUMENT;EFS;EUR;86;134.10000000;216;EXCHANGE_LAST;;1;1;XEUR;10804524;688;
28.11.2024;11:53:34.265;FGBL SI 20241206 PS;SIMPLE_INSTRUMENT;EFS;EUR;88;134.10000000;216;EXCHANGE_LAST;;1;1;XEUR;10804524;688;
28.11.2024;11:53:44.276;FGBL SI 20241206 PS;SIMPLE_INSTRUMENT;EFS;EUR;89;134.10000000;863;EXCHANGE_LAST;;1;1;XEUR;10804524;688;
28.11.2024;11:54:35.475;FGBL SI 20241206 PS;SIMPLE_INSTRUMENT;EFS;EUR;90;134.13000000;141;EXCHANGE_LAST;;1;1;XEUR;10804524;688;
28.11.2024;11:58:57.603;FGBL SI 20241206 PS;SIMPLE_INSTRUMENT;EFP_FIN;EUR;91;134.13000000;640;EXCHANGE_LAST;;1;1;XEUR;10804524;688;
28.11.2024;11:59:04.964;FGBL SI 20241206 PS;SIMPLE_INSTRUMENT;EFP_FIN;EUR;92;134.13000000;640;EXCHANGE_LAST;;1;1;XEUR;10804524;688;
28.11.2024;11:59:58.280;FGBL SI 20241206 PS;SIMPLE_INSTRUMENT;EFS;EUR;93;134.11000000;723;EXCHANGE_LAST;;1;1;XEUR;10804524;688;
28.11.2024;12:05:43.578;FGBL SI 20241206 PS;SIMPLE_INSTRUMENT;EFS;EUR;94;134.10000000;675;EXCHANGE_LAST;;1;1;XEUR;10804524;688;
28.11.2024;12:28:57.720;FGBL SI 20241206 PS;SIMPLE_INSTRUMENT;EFS;EUR;95;134.18000000;306;EXCHANGE_LAST;;1;1;XEUR;10804524;688;
28.11.2024;12:29:07.729;FGBL SI 20241206 PS;SIMPLE_INSTRUMENT;EFS;EUR;96;134.18000000;490;EXCHANGE_LAST;;1;1;XEUR;10804524;688;
28.11.2024;12:31:50.906;FGBL SI 20241206 PS;SIMPLE_INSTRUMENT;EFP_FIN;EUR;97;134.16000000;775;EXCHANGE_LAST;;1;1;XEUR;10804524;688;
28.11.2024;12:45:51.098;FGBL SI 20241206 PS;SIMPLE_INSTRUMENT;EFS;EUR;98;134.21000000;246;EXCHANGE_LAST;;1;1;XEUR;10804524;688;
28.11.2024;12:47:39.439;FGBL SI 20241206 PS;SIMPLE_INSTRUMENT;EFS;EUR;99;134.26000000;216;EXCHANGE_LAST;;1;1;XEUR;10804524;688;
28.11.2024;12:48:07.219;FGBL SI 20241206 PS;SIMPLE_INSTRUMENT;EFS;EUR;100;134.26000000;431;EXCHANGE_LAST;;1;1;XEUR;10804524;688;
28.11.2024;12:48:29.036;FGBL SI 20241206 PS;SIMPLE_INSTRUMENT;EFS;EUR;101;134.26000000;431;EXCHANGE_LAST;;1;1;XEUR;10804524;688;
28.11.2024;12:56:50.351;FGBL SI 20250306 PS;SIMPLE_INSTRUMENT;EFS;EUR;102;135.78000000;229;EXCHANGE_LAST;;1;1;XEUR;11286679;688;
28.11.2024;12:56:58.868;FGBL SI 20241206 PS;SIMPLE_INSTRUMENT;EFS;EUR;103;134.25000000;431;EXCHANGE_LAST;;1;1;XEUR;10804524;688;
28.11.2024;12:58:10.134;FGBL SI 20241206 PS;SIMPLE_INSTRUMENT;EFP_FIN;EUR;104;134.24000000;350;EXCHANGE_LAST;;1;1;XEUR;10804524;688;
28.11.2024;12:59:51.085;FGBL SI 20241206 PS;SIMPLE_INSTRUMENT;EFP_FIN;EUR;105;134.25000000;180;EXCHANGE_LAST;;1;1;XEUR;10804524;688;
28.11.2024;13:19:00.907;FGBL SI 20241206 PS;SIMPLE_INSTRUMENT;EFS;EUR;106;134.27000000;100;EXCHANGE_LAST;;1;1;XEUR;10804524;688;
28.11.2024;13:40:12.480;FGBL SI 20241206 PS;SIMPLE_INSTRUMENT;EFS;EUR;107;134.23000000;431;EXCHANGE_LAST;;1;1;XEUR;10804524;688;
28.11.2024;13:41:34.276;FGBL SI 20241206 PS;SIMPLE_INSTRUMENT;EFP_FIN;EUR;108;134.23000000;422;EXCHANGE_LAST;;1;1;XEUR;10804524;688;
28.11.2024;14:00:13.613;FGBL SI 20241206 PS;SIMPLE_INSTRUMENT;EFP_FIN;EUR;109;134.28000000;248;EXCHANGE_LAST;;1;1;XEUR;10804524;688;
28.11.2024;14:02:20.743;FGBL SI 20241206 PS;SIMPLE_INSTRUMENT;EFS;EUR;110;134.23000000;962;EXCHANGE_LAST;;1;1;XEUR;10804524;688;
28.11.2024;14:03:27.747;FGBL SI 20250306 PS;SIMPLE_INSTRUMENT;EFS;EUR;111;135.82000000;915;EXCHANGE_LAST;;1;1;XEUR;11286679;688;
28.11.2024;14:11:58.892;FGBL SI 20241206 PS;SIMPLE_INSTRUMENT;EFS;EUR;112;134.41000000;430;EXCHANGE_LAST;;1;1;XEUR;10804524;688;
28.11.2024;14:13:24.952;FGBL SI 20241206 PS;SIMPLE_INSTRUMENT;EFS;EUR;113;134.31000000;456;EXCHANGE_LAST;;1;1;XEUR;10804524;688;
28.11.2024;14:23:00.485;FGBL SI 20241206 PS;SIMPLE_INSTRUMENT;EFS;EUR;114;134.33000000;229;EXCHANGE_LAST;;1;1;XEUR;10804524;688;
28.11.2024;14:23:03.640;FGBL SI 20241206 PS;SIMPLE_INSTRUMENT;EFS;EUR;115;134.32000000;234;EXCHANGE_LAST;;1;1;XEUR;10804524;688;
28.11.2024;14:23:03.640;FGBL SI 20250306 PS;SIMPLE_INSTRUMENT;EFS;EUR;116;135.92000000;344;EXCHANGE_LAST;;1;1;XEUR;11286679;688;
28.11.2024;14:37:27.818;FGBL SI 20241206 PS;SIMPLE_INSTRUMENT;EFS;EUR;117;134.35000000;431;EXCHANGE_LAST;;1;1;XEUR;10804524;688;
28.11.2024;14:38:34.960;FGBL SI 20241206 PS;SIMPLE_INSTRUMENT;EFS;EUR;118;134.36000000;430;EXCHANGE_LAST;;1;1;XEUR;10804524;688;
28.11.2024;14:43:24.667;FGBL SI 20241206 PS;SIMPLE_INSTRUMENT;EFS;EUR;119;134.34000000;431;EXCHANGE_LAST;;1;1;XEUR;10804524;688;
28.11.2024;14:44:00.697;FGBL SI 20241206 PS;SIMPLE_INSTRUMENT;EFS;EUR;120;134.34000000;215;EXCHANGE_LAST;;1;1;XEUR;10804524;688;
28.11.2024;14:44:09.708;FGBL SI 20241206 PS;SIMPLE_INSTRUMENT;EFS;EUR;121;134.36000000;431;EXCHANGE_LAST;;1;1;XEUR;10804524;688;
28.11.2024;14:45:24.766;FGBL SI 20241206 PS;SIMPLE_INSTRUMENT;EFS;EUR;122;134.34000000;647;EXCHANGE_LAST;;1;1;XEUR;10804524;688;
28.11.2024;14:45:32.911;FGBL SI 20241206 PS;SIMPLE_INSTRUMENT;EFS;EUR;123;134.34000000;48;EXCHANGE_LAST;;1;1;XEUR;10804524;688;
28.11.2024;14:47:04.853;FGBL SI 20241206 PS;SIMPLE_INSTRUMENT;EFS;EUR;124;134.31000000;431;EXCHANGE_LAST;;1;1;XEUR;10804524;688;
28.11.2024;14:47:34.877;FGBL SI 20241206 PS;SIMPLE_INSTRUMENT;EFS;EUR;125;134.34000000;216;EXCHANGE_LAST;;1;1;XEUR;10804524;688;
28.11.2024;14:49:37.146;FGBL SI 20241206 PS;SIMPLE_INSTRUMENT;EFS;EUR;126;134.28000000;431;EXCHANGE_LAST;;1;1;XEUR;10804524;688;
28.11.2024;14:50:10.979;FGBL SI 20241206 PS;SIMPLE_INSTRUMENT;EFS;EUR;127;134.34000000;215;EXCHANGE_LAST;;1;1;XEUR;10804524;688;
28.11.2024;14:53:54.533;FGBL SI 20241206 PS;SIMPLE_INSTRUMENT;EFS;EUR;128;134.31000000;912;EXCHANGE_LAST;;1;1;XEUR;10804524;688;
28.11.2024;14:59:46.541;FGBL SI 20241206 PS;SIMPLE_INSTRUMENT;EFS;EUR;129;134.27000000;216;EXCHANGE_LAST;;1;1;XEUR;10804524;688;
28.11.2024;15:02:26.700;FGBL SI 20241206 PS;SIMPLE_INSTRUMENT;EFS;EUR;130;134.25000000;431;EXCHANGE_LAST;;1;1;XEUR;10804524;688;
28.11.2024;15:06:27.214;FGBL SI 20241206 PS;SIMPLE_INSTRUMENT;EFS;EUR;131;134.30000000;301;EXCHANGE_LAST;;1;1;XEUR;10804524;688;
28.11.2024;15:06:41.879;FGBL SI 20241206 PS;SIMPLE_INSTRUMENT;EFS;EUR;132;134.28000000;431;EXCHANGE_LAST;;1;1;XEUR;10804524;688;
28.11.2024;15:07:21.908;FGBL SI 20241206 PS;SIMPLE_INSTRUMENT;EFS;EUR;133;134.28000000;431;EXCHANGE_LAST;;1;1;XEUR;10804524;688;
28.11.2024;15:07:32.045;FGBL SI 20241206 PS;SIMPLE_INSTRUMENT;EFS;EUR;134;134.30000000;129;EXCHANGE_LAST;;1;1;XEUR;10804524;688;
28.11.2024;15:08:01.940;FGBL SI 20241206 PS;SIMPLE_INSTRUMENT;EFS;EUR;135;134.28000000;216;EXCHANGE_LAST;;1;1;XEUR;10804524;688;
28.11.2024;15:08:26.967;FGBL SI 20241206 PS;SIMPLE_INSTRUMENT;EFS;EUR;136;134.28000000;345;EXCHANGE_LAST;;1;1;XEUR;10804524;688;
28.11.2024;15:09:13.101;FGBL SI 20241206 PS;SIMPLE_INSTRUMENT;EFS;EUR;137;134.27000000;302;EXCHANGE_LAST;;1;1;XEUR;10804524;688;
28.11.2024;15:10:54.976;FGBL SI 20241206 PS;SIMPLE_INSTRUMENT;EFS;EUR;138;134.28000000;861;EXCHANGE_LAST;;1;1;XEUR;10804524;688;
28.11.2024;15:32:23.958;FGBL SI 20241206 PS;SIMPLE_INSTRUMENT;EFS;EUR;139;134.28000000;431;EXCHANGE_LAST;;1;1;XEUR;10804524;688;
28.11.2024;15:36:18.696;FGBL SI 20241206 PS;SIMPLE_INSTRUMENT;EFP_FIN;EUR;140;134.30000000;150;EXCHANGE_LAST;;1;1;XEUR;10804524;688;
28.11.2024;15:35:42.358;FGBL SI 20241206 PS;SIMPLE_INSTRUMENT;EFS;EUR;141;134.28000000;431;EXCHANGE_LAST;;1;1;XEUR;10804524;688;
28.11.2024;15:46:09.907;FGBL SI 20241206 PS;SIMPLE_INSTRUMENT;EFS;EUR;142;134.33000000;431;EXCHANGE_LAST;;1;1;XEUR;10804524;688;
28.11.2024;15:46:36.267;FGBL SI 20241206 PS;SIMPLE_INSTRUMENT;EFS;EUR;143;134.33000000;431;EXCHANGE_LAST;;1;1;XEUR;10804524;688;
28.11.2024;15:57:33.924;FGBL SI 20241206 PS;SIMPLE_INSTRUMENT;EFS;EUR;144;134.29000000;721;EXCHANGE_LAST;;1;1;XEUR;10804524;688;
28.11.2024;15:58:24.318;FGBL SI 20241206 PS;SIMPLE_INSTRUMENT;EFS;EUR;145;134.29000000;431;EXCHANGE_LAST;;1;1;XEUR;10804524;688;
28.11.2024;15:59:07.996;FGBL SI 20241206 PS;SIMPLE_INSTRUMENT;EFS;EUR;146;134.29000000;431;EXCHANGE_LAST;;1;1;XEUR;10804524;688;
28.11.2024;16:00:39.332;FGBL SI 20241206 PS;SIMPLE_INSTRUMENT;EFS;EUR;147;134.29000000;241;EXCHANGE_LAST;;1;1;XEUR;10804524;688;
28.11.2024;16:00:53.755;FGBL SI 20241206 PS;SIMPLE_INSTRUMENT;EFS;EUR;148;134.29000000;431;EXCHANGE_LAST;;1;1;XEUR;10804524;688;
28.11.2024;16:03:27.445;FGBL SI 20241206 PS;SIMPLE_INSTRUMENT;EFS;EUR;149;134.29000000;65;EXCHANGE_LAST;;1;1;XEUR;10804524;688;
28.11.2024;16:08:40.124;FGBL SI 20241206 PS;SIMPLE_INSTRUMENT;EFS;EUR;150;134.30000000;457;EXCHANGE_LAST;;1;1;XEUR;10804524;688;
28.11.2024;16:11:30.055;FGBL SI 20241206 PS;SIMPLE_INSTRUMENT;EFS;EUR;151;134.32000000;227;EXCHANGE_LAST;;1;1;XEUR;10804524;688;
28.11.2024;16:13:17.804;FGBL SI 20241206 PS;SIMPLE_INSTRUMENT;EFS;EUR;152;134.31000000;178;EXCHANGE_LAST;;1;1;XEUR;10804524;688;
28.11.2024;16:16:00.186;FGBL SI 20241206 PS;SIMPLE_INSTRUMENT;EFS;EUR;153;134.29000000;215;EXCHANGE_LAST;;1;1;XEUR;10804524;688;
28.11.2024;16:16:12.669;FGBL SI 20241206 PS;SIMPLE_INSTRUMENT;EFP_FIN;EUR;154;134.28000000;929;EXCHANGE_LAST;;1;1;XEUR;10804524;688;
28.11.2024;16:16:16.731;FGBL SI 20241206 PS;SIMPLE_INSTRUMENT;EFP_FIN;EUR;155;134.32000000;165;EXCHANGE_LAST;;1;1;XEUR;10804524;688;
28.11.2024;16:16:28.114;FGBL SI 20241206 PS;SIMPLE_INSTRUMENT;EFS;EUR;156;134.33000000;91;EXCHANGE_LAST;;1;1;XEUR;10804524;688;
28.11.2024;16:29:16.414;FGBL SI 20241206 PS;SIMPLE_INSTRUMENT;EFS;EUR;157;134.35000000;431;EXCHANGE_LAST;;1;1;XEUR;10804524;688;
28.11.2024;16:31:09.577;FGBL SI 20241206 PS;SIMPLE_INSTRUMENT;EFS;EUR;158;134.37000000;112;EXCHANGE_LAST;;1;1;XEUR;10804524;688;
28.11.2024;16:50:36.315;FGBL SI 20241206 PS;SIMPLE_INSTRUMENT;EFS;EUR;159;134.42000000;189;EXCHANGE_LAST;;1;1;XEUR;10804524;688;
28.11.2024;16:55:52.318;FGBL SI 20241206 PS;SIMPLE_INSTRUMENT;EFS;EUR;160;134.45000000;388;EXCHANGE_LAST;;1;1;XEUR;10804524;688;
28.11.2024;08:26:45.196;FGBL SI 20250306 PS;SIMPLE_INSTRUMENT;VOLA;EUR;268435463;135.89000000;95;EXCHANGE_LAST;;1;1;XEUR;11286679;688;
28.11.2024;10:49:30.085;FGBL SI 20250306 PS;SIMPLE_INSTRUMENT;VOLA;EUR;268435470;135.72000000;25;EXCHANGE_LAST;;1;1;XEUR;11286679;688;
28.11.2024;12:13:47.794;FGBL SI 20241206 PS;SIMPLE_INSTRUMENT;VOLA;EUR;268435482;134.04000000;45;EXCHANGE_LAST;;1;1;XEUR;10804524;688;
28.11.2024;13:46:25.115;FGBL SI 20241206 PS;SIMPLE_INSTRUMENT;VOLA;EUR;268435487;134.23000000;105;EXCHANGE_LAST;;1;1;XEUR;10804524;688;
28.11.2024;07:52:59.608;FGBM SI 20241206 PS;SIMPLE_INSTRUMENT;EFS;EUR;1;119.48000000;494;EXCHANGE_LAST;;1;1;XEUR;10804525;689;
28.11.2024;08:08:02.235;FGBM SI 20241206 PS;SIMPLE_INSTRUMENT;EFS;EUR;2;119.43000000;613;EXCHANGE_LAST;;1;1;XEUR;10804525;689;
28.11.2024;08:14:07.491;FGBM SI 20241206 PS;SIMPLE_INSTRUMENT;EFS;EUR;3;119.50000000;868;EXCHANGE_LAST;;1;1;XEUR;10804525;689;
28.11.2024;08:18:40.321;FGBM SI 20241206 PS;SIMPLE_INSTRUMENT;EFS;EUR;4;119.50000000;868;EXCHANGE_LAST;;1;1;XEUR;10804525;689;
28.11.2024;08:20:18.177;FGBM SI 20241206 PS;SIMPLE_INSTRUMENT;EFS;EUR;5;119.50000000;1310;EXCHANGE_LAST;;1;1;XEUR;10804525;689;
28.11.2024;08:23:48.339;FGBM SI 20241206 PS;SIMPLE_INSTRUMENT;EFS;EUR;6;119.51000000;158;EXCHANGE_LAST;;1;1;XEUR;10804525;689;
28.11.2024;08:23:48.649;FGBM SI 20241206 PS;SIMPLE_INSTRUMENT;EFS;EUR;7;119.53000000;867;EXCHANGE_LAST;;1;1;XEUR;10804525;689;
28.11.2024;08:32:32.489;FGBM SI 20241206 PS;SIMPLE_INSTRUMENT;EFP_FIN;EUR;8;119.54000000;270;EXCHANGE_LAST;;1;1;XEUR;10804525;689;
28.11.2024;08:30:33.173;FGBM SI 20241206 PS;SIMPLE_INSTRUMENT;EFS;EUR;9;119.51000000;868;EXCHANGE_LAST;;1;1;XEUR;10804525;689;
28.11.2024;08:44:20.322;FGBM SI 20241206 PS;SIMPLE_INSTRUMENT;EFP_FIN;EUR;10;119.50000000;204;EXCHANGE_LAST;;1;1;XEUR;10804525;689;
28.11.2024;08:45:41.827;FGBM SI 20241206 PS;SIMPLE_INSTRUMENT;EFS;EUR;11;119.48000000;434;EXCHANGE_LAST;;1;1;XEUR;10804525;689;
28.11.2024;08:49:09.203;FGBM SI 20241206 PS;SIMPLE_INSTRUMENT;EFP_FIN;EUR;12;119.53000000;428;EXCHANGE_LAST;;1;1;XEUR;10804525;689;
28.11.2024;08:52:48.103;FGBM SI 20241206 PS;SIMPLE_INSTRUMENT;BLOCK;EUR;13;119.45000000;6000;EXCHANGE_LAST;;1;1;XEUR;10804525;689;
28.11.2024;08:53:27.890;FGBM SI 20241206 PS;SIMPLE_INSTRUMENT;EFP_FIN;EUR;14;119.53000000;428;EXCHANGE_LAST;;1;1;XEUR;10804525;689;
28.11.2024;08:53:35.449;FGBM SI 20250306 PS;SIMPLE_INSTRUMENT;BLOCK;EUR;15;118.73000000;3000;EXCHANGE_LAST;;1;1;XEUR;11286680;689;
28.11.2024;08:53:44.873;FGBM SI 20250306 PS;SIMPLE_INSTRUMENT;BLOCK;EUR;16;118.74000000;3000;EXCHANGE_LAST;;1;1;XEUR;11286680;689;
28.11.2024;08:55:16.506;FGBM SI 20241206 PS;SIMPLE_INSTRUMENT;EFS;EUR;17;119.46000000;434;EXCHANGE_LAST;;1;1;XEUR;10804525;689;
28.11.2024;08:57:26.792;FGBM SI 20241206 PS;SIMPLE_INSTRUMENT;EFS;EUR;18;119.49000000;462;EXCHANGE_LAST;;1;1;XEUR;10804525;689;
28.11.2024;08:58:26.328;FGBM SI 20241206 PS;SIMPLE_INSTRUMENT;EFS;EUR;19;119.45000000;1846;EXCHANGE_LAST;;1;1;XEUR;10804525;689;
28.11.2024;08:58:31.395;FGBM SI 20241206 PS;SIMPLE_INSTRUMENT;EFS;EUR;20;119.52000000;1662;EXCHANGE_LAST;;1;1;XEUR;10804525;689;
28.11.2024;09:00:14.542;FGBM SI 20241206 PS;SIMPLE_INSTRUMENT;EFS;EUR;21;119.46000000;1846;EXCHANGE_LAST;;1;1;XEUR;10804525;689;
28.11.2024;09:01:14.343;FGBM SI 20241206 PS;SIMPLE_INSTRUMENT;EFS;EUR;22;119.50000000;1314;EXCHANGE_LAST;;1;1;XEUR;10804525;689;
28.11.2024;09:02:07.276;FGBM SI 20241206 PS;SIMPLE_INSTRUMENT;EFS;EUR;23;119.46000000;1846;EXCHANGE_LAST;;1;1;XEUR;10804525;689;
28.11.2024;09:04:45.597;FGBM SI 20241206 PS;SIMPLE_INSTRUMENT;EFS;EUR;24;119.47000000;1734;EXCHANGE_LAST;;1;1;XEUR;10804525;689;
28.11.2024;09:06:19.975;FGBM SI 20250306 PS;SIMPLE_INSTRUMENT;EFS;EUR;25;118.80000000;976;EXCHANGE_LAST;;1;1;XEUR;11286680;689;
28.11.2024;09:08:06.084;FGBM SI 20241206 PS;SIMPLE_INSTRUMENT;EFS;EUR;26;119.49000000;1846;EXCHANGE_LAST;;1;1;XEUR;10804525;689;
28.11.2024;09:10:44.680;FGBM SI 20241206 PS;SIMPLE_INSTRUMENT;EFS;EUR;27;119.39000000;868;EXCHANGE_LAST;;1;1;XEUR;10804525;689;
28.11.2024;09:11:51.343;FGBM SI 20241206 PS;SIMPLE_INSTRUMENT;EFS;EUR;28;119.43000000;868;EXCHANGE_LAST;;1;1;XEUR;10804525;689;
28.11.2024;09:12:39.747;FGBM SI 20241206 PS;SIMPLE_INSTRUMENT;EFP_FIN;EUR;29;119.52000000;1713;EXCHANGE_LAST;;1;1;XEUR;10804525;689;
28.11.2024;09:13:03.014;FGBM SI 20241206 PS;SIMPLE_INSTRUMENT;EFS;EUR;30;119.43000000;434;EXCHANGE_LAST;;1;1;XEUR;10804525;689;
28.11.2024;09:21:08.748;FGBM SI 20241206 PS;SIMPLE_INSTRUMENT;EFS;EUR;31;119.45000000;1649;EXCHANGE_LAST;;1;1;XEUR;10804525;689;
28.11.2024;09:42:27.883;FGBM SI 20241206 PS;SIMPLE_INSTRUMENT;EFP_FIN;EUR;32;119.45000000;1845;EXCHANGE_LAST;;1;1;XEUR;10804525;689;
28.11.2024;09:48:28.172;FGBM SI 20241206 PS;SIMPLE_INSTRUMENT;EFS;EUR;33;119.48000000;1846;EXCHANGE_LAST;;1;1;XEUR;10804525;689;
28.11.2024;09:52:11.137;FGBM SI 20250306 PS;SIMPLE_INSTRUMENT;EFS;EUR;34;118.73000000;731;EXCHANGE_LAST;;1;1;XEUR;11286680;689;
28.11.2024;10:13:55.227;FGBM SI 20241206 PS;SIMPLE_INSTRUMENT;EFS;EUR;35;119.46000000;434;EXCHANGE_LAST;;1;1;XEUR;10804525;689;
28.11.2024;10:23:14.806;FGBM SI 20241206 PS;SIMPLE_INSTRUMENT;EFP_FIN;EUR;36;119.41000000;257;EXCHANGE_LAST;;1;1;XEUR;10804525;689;
28.11.2024;10:26:36.106;FGBM SI 20241206 PS;SIMPLE_INSTRUMENT;EFP_FIN;EUR;37;119.42000000;134;EXCHANGE_LAST;;1;1;XEUR;10804525;689;
28.11.2024;10:26:36.086;FGBM SI 20241206 PS;SIMPLE_INSTRUMENT;EFP_FIN;EUR;38;119.42000000;223;EXCHANGE_LAST;;1;1;XEUR;10804525;689;
28.11.2024;10:36:40.078;FGBM SI 20241206 PS;SIMPLE_INSTRUMENT;EFS;EUR;39;119.44000000;1845;EXCHANGE_LAST;;1;1;XEUR;10804525;689;
28.11.2024;10:39:12.518;FGBM SI 20250306 PS;SIMPLE_INSTRUMENT;EFS;EUR;40;118.72000000;1949;EXCHANGE_LAST;;1;1;XEUR;11286680;689;
28.11.2024;10:41:33.350;FGBM SI 20241206 PS;SIMPLE_INSTRUMENT;EFS;EUR;41;119.44000000;1847;EXCHANGE_LAST;;1;1;XEUR;10804525;689;
28.11.2024;10:43:18.356;FGBM SI 20250306 PS;SIMPLE_INSTRUMENT;EFS;EUR;42;118.74000000;1950;EXCHANGE_LAST;;1;1;XEUR;11286680;689;
28.11.2024;10:52:25.384;FGBM SI 20241206 PS;SIMPLE_INSTRUMENT;BLOCK;EUR;43;119.40000000;15000;EXCHANGE_LAST;;1;1;XEUR;10804525;689;
28.11.2024;10:52:33.385;FGBM SI 20250306 PS;SIMPLE_INSTRUMENT;BLOCK;EUR;44;118.68000000;7945;EXCHANGE_LAST;;1;1;XEUR;11286680;689;
28.11.2024;10:52:41.386;FGBM SI 20250306 PS;SIMPLE_INSTRUMENT;BLOCK;EUR;45;118.69000000;7945;EXCHANGE_LAST;;1;1;XEUR;11286680;689;
28.11.2024;10:58:58.165;FGBM SI 20241206 PS;SIMPLE_INSTRUMENT;EFP_FIN;EUR;46;119.41000000;171;EXCHANGE_LAST;;1;1;XEUR;10804525;689;
28.11.2024;11:08:40.353;FGBM SI 20241206 PS;SIMPLE_INSTRUMENT;EFS;EUR;47;119.40000000;434;EXCHANGE_LAST;;1;1;XEUR;10804525;689;
28.11.2024;11:09:54.804;FGBM SI 20241206 PS;SIMPLE_INSTRUMENT;EFP_FIN;EUR;48;119.40000000;277;EXCHANGE_LAST;;1;1;XEUR;10804525;689;
28.11.2024;11:11:05.462;FGBM SI 20241206 PS;SIMPLE_INSTRUMENT;EFS;EUR;49;119.41000000;869;EXCHANGE_LAST;;1;1;XEUR;10804525;689;
28.11.2024;11:14:33.878;FGBM SI 20241206 PS;SIMPLE_INSTRUMENT;EFS;EUR;50;119.41000000;434;EXCHANGE_LAST;;1;1;XEUR;10804525;689;
28.11.2024;11:26:38.490;FGBM SI 20250306 PS;SIMPLE_INSTRUMENT;EFS;EUR;51;118.69000000;310;EXCHANGE_LAST;;1;1;XEUR;11286680;689;
28.11.2024;11:29:20.053;FGBM SI 20241206 PS;SIMPLE_INSTRUMENT;EFP_FIN;EUR;52;119.40000000;231;EXCHANGE_LAST;;1;1;XEUR;10804525;689;
28.11.2024;11:31:13.204;FGBM SI 20241206 PS;SIMPLE_INSTRUMENT;EFS;EUR;53;119.40000000;869;EXCHANGE_LAST;;1;1;XEUR;10804525;689;
28.11.2024;11:33:09.354;FGBM SI 20241206 PS;SIMPLE_INSTRUMENT;EFS;EUR;54;119.40000000;1386;EXCHANGE_LAST;;1;1;XEUR;10804525;689;
28.11.2024;11:35:22.482;FGBM SI 20241206 PS;SIMPLE_INSTRUMENT;EFS;EUR;55;119.40000000;434;EXCHANGE_LAST;;1;1;XEUR;10804525;689;
28.11.2024;11:38:22.471;FGBM SI 20241206 PS;SIMPLE_INSTRUMENT;EFP_FIN;EUR;56;119.44000000;213;EXCHANGE_LAST;;1;1;XEUR;10804525;689;
28.11.2024;11:42:37.811;FGBM SI 20241206 PS;SIMPLE_INSTRUMENT;EFS;EUR;57;119.44000000;434;EXCHANGE_LAST;;1;1;XEUR;10804525;689;
28.11.2024;11:46:01.343;FGBM SI 20241206 PS;SIMPLE_INSTRUMENT;EFP_FIN;EUR;58;119.40000000;872;EXCHANGE_LAST;;1;1;XEUR;10804525;689;
28.11.2024;11:55:08.276;FGBM SI 20241206 PS;SIMPLE_INSTRUMENT;EFS;EUR;59;119.43000000;647;EXCHANGE_LAST;;1;1;XEUR;10804525;689;
28.11.2024;12:02:19.009;FGBM SI 20241206 PS;SIMPLE_INSTRUMENT;EFS;EUR;60;119.43000000;461;EXCHANGE_LAST;;1;1;XEUR;10804525;689;
28.11.2024;12:04:49.854;FGBM SI 20241206 PS;SIMPLE_INSTRUMENT;EFS;EUR;61;119.43000000;1293;EXCHANGE_LAST;;1;1;XEUR;10804525;689;
28.11.2024;12:20:58.440;FGBM SI 20241206 PS;SIMPLE_INSTRUMENT;EFS;EUR;62;119.44000000;1122;EXCHANGE_LAST;;1;1;XEUR;10804525;689;
28.11.2024;12:36:00.293;FGBM SI 20241206 PS;SIMPLE_INSTRUMENT;EFS;EUR;63;119.50000000;304;EXCHANGE_LAST;;1;1;XEUR;10804525;689;
28.11.2024;12:43:24.268;FGBM SI 20241206 PS;SIMPLE_INSTRUMENT;EFS;EUR;64;119.48000000;434;EXCHANGE_LAST;;1;1;XEUR;10804525;689;
28.11.2024;12:44:09.300;FGBM SI 20241206 PS;SIMPLE_INSTRUMENT;EFS;EUR;65;119.51000000;868;EXCHANGE_LAST;;1;1;XEUR;10804525;689;
28.11.2024;12:44:10.301;FGBM SI 20241206 PS;SIMPLE_INSTRUMENT;EFS;EUR;66;119.48000000;434;EXCHANGE_LAST;;1;1;XEUR;10804525;689;
28.11.2024;12:49:18.304;FGBM SI 20241206 PS;SIMPLE_INSTRUMENT;EFS;EUR;67;119.49000000;923;EXCHANGE_LAST;;1;1;XEUR;10804525;689;
28.11.2024;13:24:23.967;FGBM SI 20241206 PS;SIMPLE_INSTRUMENT;EFP_FIN;EUR;68;119.50000000;428;EXCHANGE_LAST;;1;1;XEUR;10804525;689;
28.11.2024;13:36:33.433;FGBM SI 20241206 PS;SIMPLE_INSTRUMENT;EFS;EUR;69;119.48000000;868;EXCHANGE_LAST;;1;1;XEUR;10804525;689;
28.11.2024;13:47:05.790;FGBM SI 20241206 PS;SIMPLE_INSTRUMENT;EFS;EUR;70;119.53000000;867;EXCHANGE_LAST;;1;1;XEUR;10804525;689;
28.11.2024;14:02:29.654;FGBM SI 20241206 PS;SIMPLE_INSTRUMENT;EFS;EUR;71;119.56000000;433;EXCHANGE_LAST;;1;1;XEUR;10804525;689;
28.11.2024;14:19:30.572;FGBM SI 20241206 PS;SIMPLE_INSTRUMENT;EFS;EUR;72;119.56000000;867;EXCHANGE_LAST;;1;1;XEUR;10804525;689;
28.11.2024;14:21:17.088;FGBM SI 20241206 PS;SIMPLE_INSTRUMENT;EFP_FIN;EUR;73;119.58000000;428;EXCHANGE_LAST;;1;1;XEUR;10804525;689;
28.11.2024;14:31:00.831;FGBM SI 20250306 PS;SIMPLE_INSTRUMENT;EFS;EUR;74;118.89000000;974;EXCHANGE_LAST;;1;1;XEUR;11286680;689;
28.11.2024;14:33:58.504;FGBM SI 20241206 PS;SIMPLE_INSTRUMENT;EFS;EUR;75;119.58000000;262;EXCHANGE_LAST;;1;1;XEUR;10804525;689;
28.11.2024;14:35:57.025;FGBM SI 20241206 PS;SIMPLE_INSTRUMENT;EFS;EUR;77;119.57000000;461;EXCHANGE_LAST;;1;1;XEUR;10804525;689;
28.11.2024;14:36:27.849;FGBM SI 20241206 PS;SIMPLE_INSTRUMENT;EFS;EUR;78;119.61000000;1844;EXCHANGE_LAST;;1;1;XEUR;10804525;689;
28.11.2024;14:37:18.852;FGBM SI 20250306 PS;SIMPLE_INSTRUMENT;EFS;EUR;79;118.89000000;1948;EXCHANGE_LAST;;1;1;XEUR;11286680;689;
28.11.2024;14:38:44.535;FGBM SI 20250306 PS;SIMPLE_INSTRUMENT;EFS;EUR;80;118.87000000;1948;EXCHANGE_LAST;;1;1;XEUR;11286680;689;
28.11.2024;14:44:19.309;FGBM SI 20241206 PS;SIMPLE_INSTRUMENT;EFS;EUR;81;119.57000000;645;EXCHANGE_LAST;;1;1;XEUR;10804525;689;
28.11.2024;14:59:31.922;FGBM SI 20250306 PS;SIMPLE_INSTRUMENT;EFS;EUR;82;118.84000000;487;EXCHANGE_LAST;;1;1;XEUR;11286680;689;
28.11.2024;15:02:26.746;FGBM SI 20241206 PS;SIMPLE_INSTRUMENT;EFS;EUR;83;119.55000000;217;EXCHANGE_LAST;;1;1;XEUR;10804525;689;
28.11.2024;15:07:08.842;FGBM SI 20241206 PS;SIMPLE_INSTRUMENT;EFP_FIN;EUR;84;119.57000000;459;EXCHANGE_LAST;;1;1;XEUR;10804525;689;
28.11.2024;15:08:36.976;FGBM SI 20241206 PS;SIMPLE_INSTRUMENT;EFS;EUR;85;119.53000000;434;EXCHANGE_LAST;;1;1;XEUR;10804525;689;
28.11.2024;15:09:22.012;FGBM SI 20241206 PS;SIMPLE_INSTRUMENT;EFS;EUR;86;119.53000000;434;EXCHANGE_LAST;;1;1;XEUR;10804525;689;
28.11.2024;15:18:53.465;FGBM SI 20241206 PS;SIMPLE_INSTRUMENT;EFS;EUR;87;119.54000000;1845;EXCHANGE_LAST;;1;1;XEUR;10804525;689;
28.11.2024;15:33:34.018;FGBM SI 20241206 PS;SIMPLE_INSTRUMENT;EFS;EUR;88;119.54000000;434;EXCHANGE_LAST;;1;1;XEUR;10804525;689;
28.11.2024;15:37:16.930;FGBM SI 20241206 PS;SIMPLE_INSTRUMENT;EFP_FIN;EUR;89;119.55000000;68;EXCHANGE_LAST;;1;1;XEUR;10804525;689;
28.11.2024;15:44:49.239;FGBM SI 20241206 PS;SIMPLE_INSTRUMENT;EFS;EUR;90;119.55000000;867;EXCHANGE_LAST;;1;1;XEUR;10804525;689;
28.11.2024;15:45:21.189;FGBM SI 20241206 PS;SIMPLE_INSTRUMENT;EFS;EUR;91;119.55000000;867;EXCHANGE_LAST;;1;1;XEUR;10804525;689;
28.11.2024;15:55:06.509;FGBM SI 20250306 PS;SIMPLE_INSTRUMENT;EFS;EUR;92;118.82000000;1949;EXCHANGE_LAST;;1;1;XEUR;11286680;689;
28.11.2024;16:00:23.143;FGBM SI 20241206 PS;SIMPLE_INSTRUMENT;EFS;EUR;93;119.54000000;1736;EXCHANGE_LAST;;1;1;XEUR;10804525;689;
28.11.2024;16:06:41.055;FGBM SI 20241206 PS;SIMPLE_INSTRUMENT;EFS;EUR;94;119.55000000;867;EXCHANGE_LAST;;1;1;XEUR;10804525;689;
28.11.2024;16:09:52.382;FGBM SI 20241206 PS;SIMPLE_INSTRUMENT;EFS;EUR;95;119.55000000;434;EXCHANGE_LAST;;1;1;XEUR;10804525;689;
28.11.2024;16:12:19.845;FGBM SI 20241206 PS;SIMPLE_INSTRUMENT;EFS;EUR;96;119.55000000;341;EXCHANGE_LAST;;1;1;XEUR;10804525;689;
28.11.2024;16:15:20.337;FGBM SI 20241206 PS;SIMPLE_INSTRUMENT;EFS;EUR;97;119.53000000;412;EXCHANGE_LAST;;1;1;XEUR;10804525;689;
28.11.2024;16:16:05.773;FGBM SI 20241206 PS;SIMPLE_INSTRUMENT;EFS;EUR;98;119.56000000;175;EXCHANGE_LAST;;1;1;XEUR;10804525;689;
28.11.2024;16:18:39.545;FGBM SI 20241206 PS;SIMPLE_INSTRUMENT;EFS;EUR;99;119.56000000;461;EXCHANGE_LAST;;1;1;XEUR;10804525;689;
28.11.2024;16:22:09.423;FGBM SI 20241206 PS;SIMPLE_INSTRUMENT;EFS;EUR;100;119.59000000;866;EXCHANGE_LAST;;1;1;XEUR;10804525;689;
28.11.2024;16:27:03.679;FGBM SI 20241206 PS;SIMPLE_INSTRUMENT;EFS;EUR;101;119.56000000;433;EXCHANGE_LAST;;1;1;XEUR;10804525;689;
28.11.2024;16:27:53.784;FGBM SI 20241206 PS;SIMPLE_INSTRUMENT;EFS;EUR;102;119.57000000;824;EXCHANGE_LAST;;1;1;XEUR;10804525;689;
28.11.2024;16:30:46.835;FGBM SI 20241206 PS;SIMPLE_INSTRUMENT;EFS;EUR;103;119.59000000;214;EXCHANGE_LAST;;1;1;XEUR;10804525;689;
28.11.2024;08:18:17.170;FGBS SI 20241206 PS;SIMPLE_INSTRUMENT;EFS;EUR;1;106.93000000;1803;EXCHANGE_LAST;;1;1;XEUR;10804527;690;
28.11.2024;08:29:10.289;FGBS SI 20241206 PS;SIMPLE_INSTRUMENT;EFS;EUR;3;106.94000000;1141;EXCHANGE_LAST;;1;1;XEUR;10804527;690;
28.11.2024;08:34:34.759;FGBS SI 20241206 PS;SIMPLE_INSTRUMENT;EFP_FIN;EUR;4;106.95000000;409;EXCHANGE_LAST;;1;1;XEUR;10804527;690;
28.11.2024;08:40:45.673;FGBS SI 20250306 PS;SIMPLE_INSTRUMENT;EFS;EUR;5;107.19000000;1362;EXCHANGE_LAST;;1;1;XEUR;11286681;690;
28.11.2024;08:41:12.483;FGBS SI 20241206 PS;SIMPLE_INSTRUMENT;EFS;EUR;6;106.94000000;2715;EXCHANGE_LAST;;1;1;XEUR;10804527;690;
28.11.2024;08:47:59.731;FGBS SI 20241206 PS;SIMPLE_INSTRUMENT;EFP_FIN;EUR;7;106.94000000;894;EXCHANGE_LAST;;1;1;XEUR;10804527;690;
28.11.2024;08:48:20.717;FGBS SI 20241206 PS;SIMPLE_INSTRUMENT;EFS;EUR;8;106.93500000;2987;EXCHANGE_LAST;;1;1;XEUR;10804527;690;
28.11.2024;08:52:01.228;FGBS SI 20241206 PS;SIMPLE_INSTRUMENT;EFP_FIN;EUR;9;106.92500000;647;EXCHANGE_LAST;;1;1;XEUR;10804527;690;
28.11.2024;08:52:05.461;FGBS SI 20250306 PS;SIMPLE_INSTRUMENT;EFS;EUR;10;107.19500000;2997;EXCHANGE_LAST;;1;1;XEUR;11286681;690;
28.11.2024;08:55:09.765;FGBS SI 20241206 PS;SIMPLE_INSTRUMENT;EFS;EUR;11;106.93500000;2986;EXCHANGE_LAST;;1;1;XEUR;10804527;690;
28.11.2024;08:56:26.725;FGBS SI 20241206 PS;SIMPLE_INSTRUMENT;EFS;EUR;12;106.94000000;4886;EXCHANGE_LAST;;1;1;XEUR;10804527;690;
28.11.2024;08:57:11.125;FGBS SI 20250306 PS;SIMPLE_INSTRUMENT;EFS;EUR;13;107.20000000;2996;EXCHANGE_LAST;;1;1;XEUR;11286681;690;
28.11.2024;09:02:40.510;FGBS SI 20241206 PS;SIMPLE_INSTRUMENT;EFS;EUR;14;106.92000000;2000;EXCHANGE_LAST;;1;1;XEUR;10804527;690;
28.11.2024;09:05:29.520;FGBS SI 20241206 PS;SIMPLE_INSTRUMENT;EFS;EUR;15;106.93000000;5429;EXCHANGE_LAST;;1;1;XEUR;10804527;690;
28.11.2024;09:23:32.093;FGBS SI 20241206 PS;SIMPLE_INSTRUMENT;EFP_FIN;EUR;16;106.93000000;473;EXCHANGE_LAST;;1;1;XEUR;10804527;690;
28.11.2024;09:24:32.131;FGBS SI 20241206 PS;SIMPLE_INSTRUMENT;EFP_FIN;EUR;17;106.93000000;473;EXCHANGE_LAST;;1;1;XEUR;10804527;690;
28.11.2024;09:25:26.441;FGBS SI 20241206 PS;SIMPLE_INSTRUMENT;EFS;EUR;18;106.92500000;1357;EXCHANGE_LAST;;1;1;XEUR;10804527;690;
28.11.2024;09:32:09.013;FGBS SI 20241206 PS;SIMPLE_INSTRUMENT;EFP_FIN;EUR;19;106.92000000;852;EXCHANGE_LAST;;1;1;XEUR;10804527;690;
28.11.2024;09:38:02.948;FGBS SI 20241206 PS;SIMPLE_INSTRUMENT;EFP_FIN;EUR;20;106.93000000;699;EXCHANGE_LAST;;1;1;XEUR;10804527;690;
28.11.2024;09:39:29.963;FGBS SI 20241206 PS;SIMPLE_INSTRUMENT;EFP_FIN;EUR;21;106.93000000;350;EXCHANGE_LAST;;1;1;XEUR;10804527;690;
28.11.2024;10:03:55.182;FGBS SI 20241206 PS;SIMPLE_INSTRUMENT;EFS;EUR;22;106.92500000;2715;EXCHANGE_LAST;;1;1;XEUR;10804527;690;
28.11.2024;10:37:16.776;FGBS SI 20241206 PS;SIMPLE_INSTRUMENT;EFP_FIN;EUR;23;106.94000000;527;EXCHANGE_LAST;;1;1;XEUR;10804527;690;
28.11.2024;11:05:02.324;FGBS SI 20241206 PS;SIMPLE_INSTRUMENT;EFS;EUR;24;106.92500000;380;EXCHANGE_LAST;;1;1;XEUR;10804527;690;
28.11.2024;11:10:11.729;FGBS SI 20241206 PS;SIMPLE_INSTRUMENT;EFS;EUR;25;106.93000000;2715;EXCHANGE_LAST;;1;1;XEUR;10804527;690;
28.11.2024;11:11:25.734;FGBS SI 20250306 PS;SIMPLE_INSTRUMENT;EFS;EUR;26;107.18000000;2724;EXCHANGE_LAST;;1;1;XEUR;11286681;690;
28.11.2024;11:19:19.921;FGBS SI 20250306 PS;SIMPLE_INSTRUMENT;EFS;EUR;27;107.17500000;1471;EXCHANGE_LAST;;1;1;XEUR;11286681;690;
28.11.2024;11:23:56.472;FGBS SI 20241206 PS;SIMPLE_INSTRUMENT;EFP_FIN;EUR;28;106.91000000;946;EXCHANGE_LAST;;1;1;XEUR;10804527;690;
28.11.2024;11:35:17.962;FGBS SI 20250306 PS;SIMPLE_INSTRUMENT;EFS;EUR;29;107.17500000;361;EXCHANGE_LAST;;1;1;XEUR;11286681;690;
28.11.2024;11:42:51.698;FGBS SI 20250306 PS;SIMPLE_INSTRUMENT;EFS;EUR;30;107.19000000;1634;EXCHANGE_LAST;;1;1;XEUR;11286681;690;
28.11.2024;11:57:36.854;FGBS SI 20241206 PS;SIMPLE_INSTRUMENT;EFS;EUR;31;106.92500000;4073;EXCHANGE_LAST;;1;1;XEUR;10804527;690;
28.11.2024;12:00:19.662;FGBS SI 20241206 PS;SIMPLE_INSTRUMENT;EFS;EUR;32;106.92500000;1286;EXCHANGE_LAST;;1;1;XEUR;10804527;690;
28.11.2024;12:09:59.406;FGBS SI 20241206 PS;SIMPLE_INSTRUMENT;EFS;EUR;33;106.93500000;3257;EXCHANGE_LAST;;1;1;XEUR;10804527;690;
28.11.2024;12:29:55.655;FGBS SI 20241206 PS;SIMPLE_INSTRUMENT;BLOCK;EUR;34;106.93000000;20000;EXCHANGE_LAST;;1;1;XEUR;10804527;690;
28.11.2024;12:30:03.656;FGBS SI 20250306 PS;SIMPLE_INSTRUMENT;BLOCK;EUR;35;107.19000000;10104;EXCHANGE_LAST;;1;1;XEUR;11286681;690;
28.11.2024;12:30:11.657;FGBS SI 20250306 PS;SIMPLE_INSTRUMENT;BLOCK;EUR;36;107.19500000;10104;EXCHANGE_LAST;;1;1;XEUR;11286681;690;
28.11.2024;12:48:02.523;FGBS SI 20241206 PS;SIMPLE_INSTRUMENT;BLOCK;EUR;37;106.93500000;4828;EXCHANGE_LAST;;1;1;XEUR;10804527;690;
28.11.2024;12:50:01.416;FGBS SI 20241206 PS;SIMPLE_INSTRUMENT;EFP_FIN;EUR;38;106.92500000;724;EXCHANGE_LAST;;1;1;XEUR;10804527;690;
28.11.2024;13:32:14.066;FGBS SI 20241206 PS;SIMPLE_INSTRUMENT;EFS;EUR;39;106.94500000;5147;EXCHANGE_LAST;;1;1;XEUR;10804527;690;
28.11.2024;14:04:05.312;FGBS SI 20241206 PS;SIMPLE_INSTRUMENT;EFS;EUR;40;106.98000000;2713;EXCHANGE_LAST;;1;1;XEUR;10804527;690;
28.11.2024;14:09:24.896;FGBS SI 20241206 PS;SIMPLE_INSTRUMENT;EFS;EUR;41;106.98000000;2500;EXCHANGE_LAST;;1;1;XEUR;10804527;690;
28.11.2024;14:11:33.061;FGBS SI 20241206 PS;SIMPLE_INSTRUMENT;EFP_FIN;EUR;42;106.97500000;674;EXCHANGE_LAST;;1;1;XEUR;10804527;690;
28.11.2024;14:12:30.787;FGBS SI 20241206 PS;SIMPLE_INSTRUMENT;EFS;EUR;43;106.97000000;2575;EXCHANGE_LAST;;1;1;XEUR;10804527;690;
28.11.2024;14:23:46.767;FGBS SI 20241206 PS;SIMPLE_INSTRUMENT;EFS;EUR;45;106.97000000;2575;EXCHANGE_LAST;;1;1;XEUR;10804527;690;
28.11.2024;14:32:00.513;FGBS SI 20241206 PS;SIMPLE_INSTRUMENT;EFS;EUR;46;106.97000000;2713;EXCHANGE_LAST;;1;1;XEUR;10804527;690;
28.11.2024;15:00:51.798;FGBS SI 20241206 PS;SIMPLE_INSTRUMENT;EFS;EUR;47;106.96500000;2573;EXCHANGE_LAST;;1;1;XEUR;10804527;690;
28.11.2024;15:01:54.828;FGBS SI 20241206 PS;SIMPLE_INSTRUMENT;EFS;EUR;48;106.96000000;2578;EXCHANGE_LAST;;1;1;XEUR;10804527;690;
28.11.2024;16:18:16.156;FGBS SI 20241206 PS;SIMPLE_INSTRUMENT;EFP_FIN;EUR;49;106.94000000;647;EXCHANGE_LAST;;1;1;XEUR;10804527;690;
28.11.2024;16:28:53.314;FGBS SI 20241206 PS;SIMPLE_INSTRUMENT;EFP_FIN;EUR;50;106.97000000;95;EXCHANGE_LAST;;1;1;XEUR;10804527;690;
28.11.2024;16:51:43.007;FGBS SI 20241206 PS;SIMPLE_INSTRUMENT;EFP_FIN;EUR;51;106.98000000;2681;EXCHANGE_LAST;;1;1;XEUR;10804527;690;
28.11.2024;08:02:52.125;FGBX.S.DEC24.MAR25.SPD;FUTURES_SPREAD;BLOCK;EUR;1;0.06000000;540;EXCHANGE_LAST;;1;1;XEUR;72060561860329562;691;
28.11.2024;08:02:52.125;FGBX SI 20250306 PS;SIMPLE_INSTRUMENT;BLOCK;EUR;1;138.84000000;540;PRC_DECOMP_EXCHANGE;;;;XEUR;11286682;691;EXCHANGE
28.11.2024;08:02:52.125;FGBX SI 20241206 PS;SIMPLE_INSTRUMENT;BLOCK;EUR;1;138.90000000;540;PRC_DECOMP_EXCHANGE;;;;XEUR;10804526;691;EXCHANGE
28.11.2024;08:02:54.125;FGBX.S.DEC24.MAR25.SPD;FUTURES_SPREAD;BLOCK;EUR;2;0.04000000;540;EXCHANGE_LAST;;1;1;XEUR;72060561860329562;691;
28.11.2024;08:02:54.125;FGBX SI 20250306 PS;SIMPLE_INSTRUMENT;BLOCK;EUR;2;138.86000000;540;PRC_DECOMP_EXCHANGE;;;;XEUR;11286682;691;EXCHANGE
28.11.2024;08:02:54.125;FGBX SI 20241206 PS;SIMPLE_INSTRUMENT;BLOCK;EUR;2;138.90000000;540;PRC_DECOMP_EXCHANGE;;;;XEUR;10804526;691;EXCHANGE
28.11.2024;08:45:31.961;FGBX SI 20241206 PS;SIMPLE_INSTRUMENT;EFS;EUR;3;138.76000000;86;EXCHANGE_LAST;;1;1;XEUR;10804526;691;
28.11.2024;08:50:59.252;FGBX SI 20241206 PS;SIMPLE_INSTRUMENT;EFS;EUR;4;138.74000000;90;EXCHANGE_LAST;;1;1;XEUR;10804526;691;
28.11.2024;09:00:29.010;FGBX SI 20241206 PS;SIMPLE_INSTRUMENT;EFS;EUR;10;138.72000000;86;EXCHANGE_LAST;;1;1;XEUR;10804526;691;
28.11.2024;09:24:31.857;FGBX SI 20241206 PS;SIMPLE_INSTRUMENT;EFS;EUR;13;138.62000000;90;EXCHANGE_LAST;;1;1;XEUR;10804526;691;
28.11.2024;09:21:17.824;FGBX SI 20241206 PS;SIMPLE_INSTRUMENT;EFP_FIN;EUR;20;138.62000000;215;EXCHANGE_LAST;;1;1;XEUR;10804526;691;
28.11.2024;09:34:17.611;FGBX SI 20241206 PS;SIMPLE_INSTRUMENT;BLOCK;EUR;22;138.40000000;172;EXCHANGE_LAST;;1;1;XEUR;10804526;691;
28.11.2024;09:41:44.920;FGBX SI 20241206 PS;SIMPLE_INSTRUMENT;EFP_FIN;EUR;24;138.46000000;258;EXCHANGE_LAST;;1;1;XEUR;10804526;691;
28.11.2024;09:50:46.194;FGBX SI 20241206 PS;SIMPLE_INSTRUMENT;EFS;EUR;25;138.48000000;172;EXCHANGE_LAST;;1;1;XEUR;10804526;691;
28.11.2024;09:50:50.145;FGBX SI 20241206 PS;SIMPLE_INSTRUMENT;EFS;EUR;26;138.56000000;172;EXCHANGE_LAST;;1;1;XEUR;10804526;691;
28.11.2024;10:08:18.314;FGBX SI 20241206 PS;SIMPLE_INSTRUMENT;EFS;EUR;27;138.52000000;346;EXCHANGE_LAST;;1;1;XEUR;10804526;691;
28.11.2024;10:20:34.471;FGBX SI 20241206 PS;SIMPLE_INSTRUMENT;EFP_FIN;EUR;31;138.38000000;371;EXCHANGE_LAST;;1;1;XEUR;10804526;691;
28.11.2024;10:30:35.216;FGBX SI 20241206 PS;SIMPLE_INSTRUMENT;EFS;EUR;35;138.38000000;63;EXCHANGE_LAST;;1;1;XEUR;10804526;691;
28.11.2024;10:47:14.800;FGBX SI 20241206 PS;SIMPLE_INSTRUMENT;EFS;EUR;36;138.56000000;172;EXCHANGE_LAST;;1;1;XEUR;10804526;691;
28.11.2024;10:50:28.858;FGBX SI 20241206 PS;SIMPLE_INSTRUMENT;EFS;EUR;37;138.32000000;173;EXCHANGE_LAST;;1;1;XEUR;10804526;691;
28.11.2024;10:50:59.673;FGBX SI 20241206 PS;SIMPLE_INSTRUMENT;EFS;EUR;38;138.34000000;86;EXCHANGE_LAST;;1;1;XEUR;10804526;691;
28.11.2024;11:16:05.635;FGBX SI 20250306 PS;SIMPLE_INSTRUMENT;EFS;EUR;43;138.20000000;100;EXCHANGE_LAST;;1;1;XEUR;11286682;691;
28.11.2024;11:53:58.054;FGBX SI 20241206 PS;SIMPLE_INSTRUMENT;EFS;EUR;45;138.36000000;350;EXCHANGE_LAST;;1;1;XEUR;10804526;691;
28.11.2024;11:56:29.916;FGBX SI 20241206 PS;SIMPLE_INSTRUMENT;EFS;EUR;46;138.42000000;51;EXCHANGE_LAST;;1;1;XEUR;10804526;691;
28.11.2024;12:16:01.571;FGBX SI 20241206 PS;SIMPLE_INSTRUMENT;EFS;EUR;48;138.28000000;339;EXCHANGE_LAST;;1;1;XEUR;10804526;691;
28.11.2024;12:49:19.071;FGBX SI 20241206 PS;SIMPLE_INSTRUMENT;BLOCK;EUR;49;138.54000000;500;EXCHANGE_LAST;;1;1;XEUR;10804526;691;
28.11.2024;12:50:28.922;FGBX SI 20241206 PS;SIMPLE_INSTRUMENT;EFS;EUR;52;138.70000000;172;EXCHANGE_LAST;;1;1;XEUR;10804526;691;
28.11.2024;13:06:47.693;FGBX SI 20241206 PS;SIMPLE_INSTRUMENT;EFP_FIN;EUR;54;138.78000000;445;EXCHANGE_LAST;;1;1;XEUR;10804526;691;
28.11.2024;13:21:21.926;FGBX SI 20241206 PS;SIMPLE_INSTRUMENT;EFS;EUR;55;138.72000000;163;EXCHANGE_LAST;;1;1;XEUR;10804526;691;
28.11.2024;14:16:28.564;FGBX SI 20241206 PS;SIMPLE_INSTRUMENT;EFS;EUR;58;139.00000000;172;EXCHANGE_LAST;;1;1;XEUR;10804526;691;
28.11.2024;14:36:49.762;FGBX SI 20241206 PS;SIMPLE_INSTRUMENT;EFS;EUR;59;138.94000000;86;EXCHANGE_LAST;;1;1;XEUR;10804526;691;
28.11.2024;14:45:46.755;FGBX SI 20241206 PS;SIMPLE_INSTRUMENT;EFS;EUR;60;139.00000000;172;EXCHANGE_LAST;;1;1;XEUR;10804526;691;
28.11.2024;15:44:37.214;FGBX SI 20241206 PS;SIMPLE_INSTRUMENT;BLOCK;EUR;64;138.84000000;541;EXCHANGE_LAST;;1;1;XEUR;10804526;691;
28.11.2024;16:18:25.544;FGBX SI 20241206 PS;SIMPLE_INSTRUMENT;EFS;EUR;68;139.04000000;86;EXCHANGE_LAST;;1;1;XEUR;10804526;691;
28.11.2024;14:09:03.998;FIAK SI 20241219 CS;SIMPLE_INSTRUMENT;BLOCK;EUR;85;12.47650000;1000;EXCHANGE_LAST;;1;1;XEUR;7029937;144766;
28.11.2024;01:01:02.432;FMAU SI 20241220 CS;SIMPLE_INSTRUMENT;BLOCK;USD;2;5972.55700000;63;EXCHANGE_LAST;;1;1;XEUR;7192605;45287;
28.11.2024;01:05:55.461;FMAU SI 20241220 CS;SIMPLE_INSTRUMENT;BLOCK;USD;4;5972.25900000;56;EXCHANGE_LAST;;1;1;XEUR;7192605;45287;
28.11.2024;07:27:29.412;FMDK SI 20241220 CS;SIMPLE_INSTRUMENT;BLOCK;USD;17;8740.25700000;1410;EXCHANGE_LAST;;1;1;XEUR;7193448;48919;
28.11.2024;08:58:04.144;FMEE SI 20241220 CS;SIMPLE_INSTRUMENT;BLOCK;USD;26;309.08900000;1572;EXCHANGE_LAST;;1;2;XEUR;7191941;12396;
28.11.2024;08:58:55.102;FMEE SI 20241220 CS;SIMPLE_INSTRUMENT;BLOCK;USD;27;309.08900000;200;EXCHANGE_LAST;;1;1;XEUR;7191941;12396;
28.11.2024;13:50:06.193;FMEF SI 20241220 CS;SIMPLE_INSTRUMENT;BLOCK;USD;34;1080.00000000;720;EXCHANGE_LAST;;1;1;XEUR;7192304;30657;
28.11.2024;07:51:20.067;FMEL SI 20241220 CS;SIMPLE_INSTRUMENT;BLOCK;USD;19;513.77100000;450;EXCHANGE_LAST;;1;1;XEUR;7191942;12397;
28.11.2024;08:58:14.559;FMEN SI 20241220 CS;SIMPLE_INSTRUMENT;BLOCK;EUR;28;515.89700000;30;EXCHANGE_LAST;;1;1;XEUR;7192297;30652;
28.11.2024;02:15:10.898;FMHK SI 20241220 CS;SIMPLE_INSTRUMENT;BLOCK;USD;8;57098.47200000;15;EXCHANGE_LAST;;1;1;XEUR;7192592;45282;
28.11.2024;04:43:56.921;FMHK SI 20241220 CS;SIMPLE_INSTRUMENT;BLOCK;USD;11;57132.58500000;16;EXCHANGE_LAST;;1;1;XEUR;7192592;45282;
28.11.2024;08:32:07.192;FMHU SI 20241220 CS;SIMPLE_INSTRUMENT;EFP_IDX;USD;7;654.95600000;35;EXCHANGE_LAST;;1;1;XEUR;7191963;12403;
28.11.2024;07:54:54.992;FMID SI 20241220 CS;SIMPLE_INSTRUMENT;BLOCK;USD;4;1676.30000000;2804;EXCHANGE_LAST;;1;1;XEUR;7192610;45289;
28.11.2024;07:55:15.899;FMID SI 20250321 CS;SIMPLE_INSTRUMENT;BLOCK;USD;5;1697.08600000;2770;EXCHANGE_LAST;;1;1;XEUR;7590528;45289;
28.11.2024;00:50:58.871;FMIN SI 20241220 CS;SIMPLE_INSTRUMENT;BLOCK;USD;1;1295.93000000;77;EXCHANGE_LAST;;1;1;XEUR;7191968;12404;
28.11.2024;01:54:37.991;FMIN SI 20241220 CS;SIMPLE_INSTRUMENT;BLOCK;USD;5;1295.66900000;458;EXCHANGE_LAST;;1;1;XEUR;7191968;12404;
28.11.2024;03:51:18.985;FMIN SI 20241220 CS;SIMPLE_INSTRUMENT;BLOCK;USD;10;1295.66900000;291;EXCHANGE_LAST;;1;1;XEUR;7191968;12404;
28.11.2024;05:29:53.983;FMIN SI 20241220 CS;SIMPLE_INSTRUMENT;BLOCK;USD;12;1295.41300000;40;EXCHANGE_LAST;;1;1;XEUR;7191968;12404;
28.11.2024;01:03:01.067;FMJP SI 20241220 CS;SIMPLE_INSTRUMENT;BLOCK;USD;3;8584.43300000;241;EXCHANGE_LAST;;1;1;XEUR;7190889;661;
28.11.2024;02:13:49.457;FMJP SI 20241220 CS;SIMPLE_INSTRUMENT;BLOCK;USD;7;8584.00400000;115;EXCHANGE_LAST;;1;1;XEUR;7190889;661;
28.11.2024;09:27:17.774;FMJP SI 20241220 CS;SIMPLE_INSTRUMENT;BLOCK;USD;30;8617.00000000;1740;EXCHANGE_LAST;;1;1;XEUR;7190889;661;
28.11.2024;09:27:31.289;FMJP SI 20250321 CS;SIMPLE_INSTRUMENT;BLOCK;USD;31;8731.60600000;1717;EXCHANGE_LAST;;1;1;XEUR;7588794;661;
28.11.2024;08:32:48.503;FMMX SI 20241220 CS;SIMPLE_INSTRUMENT;EFP_IDX;USD;21;583.37100000;111;EXCHANGE_LAST;;1;1;XEUR;7191984;12545;
28.11.2024;08:59:27.239;FMMX SI 20241220 CS;SIMPLE_INSTRUMENT;EFP_IDX;USD;29;583.91000000;18;EXCHANGE_LAST;;1;1;XEUR;7191984;12545;
28.11.2024;08:43:17.466;FMMY SI 20241220 CS;SIMPLE_INSTRUMENT;EFP_IDX;USD;22;387.82800000;58;EXCHANGE_LAST;;1;1;XEUR;7191971;12405;
28.11.2024;08:44:27.184;FMMY SI 20241220 CS;SIMPLE_INSTRUMENT;EFP_IDX;USD;23;387.82700000;88;EXCHANGE_LAST;;1;1;XEUR;7191971;12405;
28.11.2024;07:21:04.291;FMOG SI 20241220 CS;SIMPLE_INSTRUMENT;EFP_IDX;USD;16;11725.28000000;17;EXCHANGE_LAST;;1;1;XEUR;7193554;51877;
28.11.2024;07:18:53.494;FMOV SI 20241220 CS;SIMPLE_INSTRUMENT;EFP_IDX;USD;15;14558.78000000;12;EXCHANGE_LAST;;1;1;XEUR;7193552;51878;
28.11.2024;11:07:42.009;FMPX SI 20241220 CS;SIMPLE_INSTRUMENT;BLOCK;USD;32;8402.30200000;180;EXCHANGE_LAST;;1;1;XEUR;7192613;45291;
28.11.2024;16:15:13.959;FMPX SI 20241220 CS;SIMPLE_INSTRUMENT;BLOCK;USD;36;8406.78000000;32;EXCHANGE_LAST;;1;1;XEUR;7192613;45291;
28.11.2024;08:45:19.126;FMSA SI 20241220 CS;SIMPLE_INSTRUMENT;EFP_IDX;USD;24;1720.80300000;330;EXCHANGE_LAST;;1;1;XEUR;7194630;134861;
28.11.2024;08:45:57.733;FMSA SI 20241220 CS;SIMPLE_INSTRUMENT;EFP_IDX;USD;25;1720.80200000;329;EXCHANGE_LAST;;1;1;XEUR;7194630;134861;
28.11.2024;00:27:27.085;FMTW SI 20241220 CS;SIMPLE_INSTRUMENT;BLOCK;USD;1;796.97100000;63;EXCHANGE_LAST;;1;1;XEUR;7193559;51884;
28.11.2024;00:27:35.544;FMTW SI 20241220 CS;SIMPLE_INSTRUMENT;BLOCK;USD;2;797.13000000;125;EXCHANGE_LAST;;1;1;XEUR;7193559;51884;
28.11.2024;00:27:43.372;FMTW SI 20241220 CS;SIMPLE_INSTRUMENT;BLOCK;USD;3;797.13000000;27;EXCHANGE_LAST;;1;1;XEUR;7193559;51884;
28.11.2024;08:31:17.671;FMUA SI 20241220 CS;SIMPLE_INSTRUMENT;EFP_IDX;USD;6;804.10100000;75;EXCHANGE_LAST;;1;1;XEUR;7192603;45284;
28.11.2024;11:57:03.804;FMUA SI 20241220 CS;SIMPLE_INSTRUMENT;BLOCK;USD;8;801.25500000;36;EXCHANGE_LAST;;1;1;XEUR;7192603;45284;
28.11.2024;07:07:03.149;FMWO SI 20241220 CS;SIMPLE_INSTRUMENT;EFP_IDX;USD;13;12009.92000000;184;EXCHANGE_LAST;;1;1;XEUR;7191849;7059;
28.11.2024;07:08:13.737;FMWO SI 20241220 CS;SIMPLE_INSTRUMENT;EFP_IDX;USD;14;12006.42000000;15;EXCHANGE_LAST;;1;1;XEUR;7191849;7059;
28.11.2024;07:50:11.075;FMWO SI 20241220 CS;SIMPLE_INSTRUMENT;BLOCK;USD;18;12012.20100000;749;EXCHANGE_LAST;;1;1;XEUR;7191849;7059;
28.11.2024;08:24:02.189;FMWO SI 20241220 CS;SIMPLE_INSTRUMENT;BLOCK;USD;20;12021.42000000;5389;EXCHANGE_LAST;;1;1;XEUR;7191849;7059;
28.11.2024;08:16:28.667;FOAT SI 20241206 PS;SIMPLE_INSTRUMENT;BLOCK;EUR;1;125.90000000;777;EXCHANGE_LAST;;1;1;XEUR;10804528;749;
28.11.2024;09:05:47.144;FOAT SI 20241206 PS;SIMPLE_INSTRUMENT;EFP_FIN;EUR;2;125.92000000;89;EXCHANGE_LAST;;1;1;XEUR;10804528;749;
28.11.2024;09:31:44.195;FOAT SI 20241206 PS;SIMPLE_INSTRUMENT;EFP_FIN;EUR;3;125.77000000;884;EXCHANGE_LAST;;1;1;XEUR;10804528;749;
28.11.2024;09:35:21.715;FOAT SI 20241206 PS;SIMPLE_INSTRUMENT;BLOCK;EUR;4;125.83000000;1766;EXCHANGE_LAST;;1;1;XEUR;10804528;749;
28.11.2024;09:41:48.878;FOAT SI 20241206 PS;SIMPLE_INSTRUMENT;EFP_FIN;EUR;5;125.80000000;831;EXCHANGE_LAST;;1;1;XEUR;10804528;749;
28.11.2024;09:44:19.175;FOAT SI 20241206 PS;SIMPLE_INSTRUMENT;EFP_FIN;EUR;6;125.78000000;111;EXCHANGE_LAST;;1;1;XEUR;10804528;749;
28.11.2024;09:50:31.941;FOAT SI 20241206 PS;SIMPLE_INSTRUMENT;EFP_FIN;EUR;7;125.76000000;284;EXCHANGE_LAST;;1;1;XEUR;10804528;749;
28.11.2024;09:53:41.795;FOAT SI 20241206 PS;SIMPLE_INSTRUMENT;EFP_FIN;EUR;8;125.85000000;1020;EXCHANGE_LAST;;1;1;XEUR;10804528;749;
28.11.2024;10:21:38.085;FOAT SI 20241206 PS;SIMPLE_INSTRUMENT;EFP_FIN;EUR;9;125.74000000;208;EXCHANGE_LAST;;1;1;XEUR;10804528;749;
28.11.2024;10:36:17.701;FOAT SI 20241206 PS;SIMPLE_INSTRUMENT;EFP_FIN;EUR;10;125.79000000;71;EXCHANGE_LAST;;1;1;XEUR;10804528;749;
28.11.2024;10:37:39.706;FOAT SI 20241206 PS;SIMPLE_INSTRUMENT;EFP_FIN;EUR;11;125.79000000;88;EXCHANGE_LAST;;1;1;XEUR;10804528;749;
28.11.2024;10:50:23.026;FOAT SI 20241206 PS;SIMPLE_INSTRUMENT;EFP_FIN;EUR;12;125.69000000;136;EXCHANGE_LAST;;1;1;XEUR;10804528;749;
28.11.2024;10:53:32.046;FOAT SI 20241206 PS;SIMPLE_INSTRUMENT;EFP_FIN;EUR;13;125.72000000;159;EXCHANGE_LAST;;1;1;XEUR;10804528;749;
28.11.2024;11:22:32.997;FOAT SI 20241206 PS;SIMPLE_INSTRUMENT;EFP_FIN;EUR;14;125.69000000;831;EXCHANGE_LAST;;1;1;XEUR;10804528;749;
28.11.2024;11:56:12.190;FOAT SI 20241206 PS;SIMPLE_INSTRUMENT;BLOCK;EUR;15;125.85000000;2000;EXCHANGE_LAST;;1;1;XEUR;10804528;749;
28.11.2024;11:56:30.925;FOAT SI 20241206 PS;SIMPLE_INSTRUMENT;BLOCK;EUR;16;125.85000000;1000;EXCHANGE_LAST;;1;1;XEUR;10804528;749;
28.11.2024;11:56:45.219;FOAT SI 20250306 PS;SIMPLE_INSTRUMENT;BLOCK;EUR;17;125.21000000;1000;EXCHANGE_LAST;;1;1;XEUR;11286683;749;
28.11.2024;11:56:52.746;FOAT SI 20250306 PS;SIMPLE_INSTRUMENT;BLOCK;EUR;18;125.21000000;500;EXCHANGE_LAST;;1;1;XEUR;11286683;749;
28.11.2024;11:57:06.368;FOAT SI 20250306 PS;SIMPLE_INSTRUMENT;BLOCK;EUR;19;125.22000000;1000;EXCHANGE_LAST;;1;1;XEUR;11286683;749;
28.11.2024;11:57:14.977;FOAT SI 20250306 PS;SIMPLE_INSTRUMENT;BLOCK;EUR;20;125.22000000;500;EXCHANGE_LAST;;1;1;XEUR;11286683;749;
28.11.2024;11:59:00.900;FOAT SI 20241206 PS;SIMPLE_INSTRUMENT;EFP_FIN;EUR;21;125.73000000;1037;EXCHANGE_LAST;;1;1;XEUR;10804528;749;
28.11.2024;12:05:59.502;FOAT SI 20241206 PS;SIMPLE_INSTRUMENT;EFP_FIN;EUR;22;125.81000000;3322;EXCHANGE_LAST;;1;1;XEUR;10804528;749;
28.11.2024;12:27:54.915;FOAT SI 20241206 PS;SIMPLE_INSTRUMENT;EFP_FIN;EUR;23;125.91000000;831;EXCHANGE_LAST;;1;1;XEUR;10804528;749;
28.11.2024;12:34:43.006;FOAT SI 20241206 PS;SIMPLE_INSTRUMENT;EFP_FIN;EUR;24;125.93000000;91;EXCHANGE_LAST;;1;1;XEUR;10804528;749;
28.11.2024;12:42:51.803;FOAT SI 20241206 PS;SIMPLE_INSTRUMENT;EFP_FIN;EUR;25;125.93000000;388;EXCHANGE_LAST;;1;1;XEUR;10804528;749;
28.11.2024;13:04:06.104;FOAT SI 20241206 PS;SIMPLE_INSTRUMENT;EFP_FIN;EUR;26;125.90000000;415;EXCHANGE_LAST;;1;1;XEUR;10804528;749;
28.11.2024;13:15:33.912;FOAT SI 20241206 PS;SIMPLE_INSTRUMENT;EFP_FIN;EUR;27;125.95000000;830;EXCHANGE_LAST;;1;1;XEUR;10804528;749;
28.11.2024;13:15:36.818;FOAT SI 20241206 PS;SIMPLE_INSTRUMENT;EFP_FIN;EUR;28;125.91000000;1661;EXCHANGE_LAST;;1;1;XEUR;10804528;749;
28.11.2024;13:15:57.083;FOAT SI 20241206 PS;SIMPLE_INSTRUMENT;EFP_FIN;EUR;29;125.95000000;332;EXCHANGE_LAST;;1;1;XEUR;10804528;749;
28.11.2024;13:17:13.426;FOAT SI 20241206 PS;SIMPLE_INSTRUMENT;EFP_FIN;EUR;30;125.95000000;1661;EXCHANGE_LAST;;1;1;XEUR;10804528;749;
28.11.2024;13:18:06.122;FOAT SI 20241206 PS;SIMPLE_INSTRUMENT;EFP_FIN;EUR;31;125.92000000;1212;EXCHANGE_LAST;;1;1;XEUR;10804528;749;
28.11.2024;14:33:59.920;FOAT SI 20241206 PS;SIMPLE_INSTRUMENT;EFP_FIN;EUR;32;125.90000000;830;EXCHANGE_LAST;;1;1;XEUR;10804528;749;
28.11.2024;14:34:19.162;FOAT SI 20241206 PS;SIMPLE_INSTRUMENT;EFP_FIN;EUR;33;125.90000000;415;EXCHANGE_LAST;;1;1;XEUR;10804528;749;
28.11.2024;14:52:24.407;FOAT SI 20241206 PS;SIMPLE_INSTRUMENT;BLOCK;EUR;34;126.21000000;982;EXCHANGE_LAST;;1;1;XEUR;10804528;749;
28.11.2024;15:07:49.822;FOAT SI 20241206 PS;SIMPLE_INSTRUMENT;EFP_FIN;EUR;35;126.19000000;311;EXCHANGE_LAST;;1;1;XEUR;10804528;749;
28.11.2024;15:20:21.569;FOAT SI 20241206 PS;SIMPLE_INSTRUMENT;BLOCK;EUR;36;126.17000000;1900;EXCHANGE_LAST;;1;1;XEUR;10804528;749;
28.11.2024;16:04:06.778;FOAT SI 20241206 PS;SIMPLE_INSTRUMENT;BLOCK;EUR;37;126.22000000;1000;EXCHANGE_LAST;;1;1;XEUR;10804528;749;
28.11.2024;16:05:01.061;FOAT SI 20241206 PS;SIMPLE_INSTRUMENT;EFS;EUR;38;126.17000000;245;EXCHANGE_LAST;;1;1;XEUR;10804528;749;
28.11.2024;16:12:07.211;FOAT SI 20241206 PS;SIMPLE_INSTRUMENT;EFS;EUR;39;126.16000000;200;EXCHANGE_LAST;;1;1;XEUR;10804528;749;
28.11.2024;16:21:24.167;FOAT SI 20241206 PS;SIMPLE_INSTRUMENT;EFP_FIN;EUR;40;126.21000000;99;EXCHANGE_LAST;;1;1;XEUR;10804528;749;
28.11.2024;16:22:57.173;FOAT SI 20241206 PS;SIMPLE_INSTRUMENT;EFP_FIN;EUR;41;126.21000000;71;EXCHANGE_LAST;;1;1;XEUR;10804528;749;
28.11.2024;16:28:01.474;FOAT SI 20241206 PS;SIMPLE_INSTRUMENT;EFP_FIN;EUR;42;126.24000000;830;EXCHANGE_LAST;;1;1;XEUR;10804528;749;
28.11.2024;16:30:04.450;FOAT SI 20241206 PS;SIMPLE_INSTRUMENT;EFP_FIN;EUR;43;126.25000000;1072;EXCHANGE_LAST;;1;1;XEUR;10804528;749;
28.11.2024;16:45:16.178;FSEG SI 20241220 CS;SIMPLE_INSTRUMENT;EFP_IDX;EUR;30;188.40000000;7;EXCHANGE_LAST;;1;1;XEUR;10871764;109977;
28.11.2024;16:45:48.878;FSEG SI 20241220 CS;SIMPLE_INSTRUMENT;EFP_IDX;EUR;31;188.50000000;57;EXCHANGE_LAST;;1;1;XEUR;10871764;109977;
28.11.2024;16:51:02.637;FSEG SI 20241220 CS;SIMPLE_INSTRUMENT;EFP_IDX;EUR;32;188.50000000;370;EXCHANGE_LAST;;1;1;XEUR;10871764;109977;
28.11.2024;16:51:09.637;FSEG SI 20241220 CS;SIMPLE_INSTRUMENT;EFP_IDX;EUR;33;188.40000000;452;EXCHANGE_LAST;;1;1;XEUR;10871764;109977;
28.11.2024;16:53:16.644;FSEG SI 20241220 CS;SIMPLE_INSTRUMENT;EFP_IDX;EUR;34;188.50000000;28;EXCHANGE_LAST;;1;1;XEUR;10871764;109977;
28.11.2024;16:53:36.646;FSEG SI 20241220 CS;SIMPLE_INSTRUMENT;EFP_IDX;EUR;35;188.40000000;34;EXCHANGE_LAST;;1;1;XEUR;10871764;109977;
28.11.2024;10:35:19.167;FSMI SI 20241220 CS;SIMPLE_INSTRUMENT;BLOCK;CHF;1;11725.00000000;500;EXCHANGE_LAST;;1;1;XEUR;7793735;757;
28.11.2024;12:49:27.255;FSMI SI 20241220 CS;SIMPLE_INSTRUMENT;EFP_IDX;CHF;2;11730.00000000;250;EXCHANGE_LAST;;1;1;XEUR;7793735;757;
28.11.2024;13:01:40.747;FSTG SI 20241220 CS;SIMPLE_INSTRUMENT;BLOCK;EUR;16;885.50000000;372;EXCHANGE_LAST;;1;1;XEUR;10839565;717;
28.11.2024;16:43:37.770;FSTG SI 20241220 CS;SIMPLE_INSTRUMENT;EFP_IDX;EUR;29;886.00000000;102;EXCHANGE_LAST;;1;1;XEUR;10839565;717;
28.11.2024;16:43:07.393;FSTV SI 20241220 CS;SIMPLE_INSTRUMENT;BLOCK;EUR;2;269.00000000;616;EXCHANGE_LAST;;1;1;XEUR;10839571;731;
28.11.2024;16:43:11.393;FSTV SI 20241220 CS;SIMPLE_INSTRUMENT;BLOCK;EUR;3;269.10000000;336;EXCHANGE_LAST;;1;1;XEUR;10839571;731;
28.11.2024;11:03:28.285;FTEG SI 20241220 CS;SIMPLE_INSTRUMENT;BLOCK;EUR;37;9.88170000;7000;EXCHANGE_LAST;;1;1;XEUR;7057046;390378;
28.11.2024;16:12:48.057;FTEG SI 20241220 CS;SIMPLE_INSTRUMENT;BLOCK;EUR;113;10.12540000;490000;EXCHANGE_LAST;;1;1;XEUR;7057046;390378;
28.11.2024;16:12:09.171;FTEQ SI 20241220 PS;SIMPLE_INSTRUMENT;BLOCK;EUR;112;10.12500000;490000;EXCHANGE_LAST;;1;1;XEUR;7057045;390377;
28.11.2024;15:30:45.367;FVS SI 20250318 CS;SIMPLE_INSTRUMENT;VOLA;EUR;301989893;17.70000000;40;EXCHANGE_LAST;;1;1;XEUR;11520513;821;
28.11.2024;16:52:41.018;FXXP SI 20241220 CS;SIMPLE_INSTRUMENT;EFP_IDX;EUR;39;508.10000000;300;EXCHANGE_LAST;;1;1;XEUR;7793976;816;
28.11.2024;16:52:22.548;FXXP SI 20241220 CS;SIMPLE_INSTRUMENT;EFP_IDX;EUR;40;508.20000000;700;EXCHANGE_LAST;;1;1;XEUR;7793976;816;
28.11.2024;16:53:45.603;FXXP SI 20241220 CS;SIMPLE_INSTRUMENT;EFP_IDX;EUR;41;508.10000000;150;EXCHANGE_LAST;;1;1;XEUR;7793976;816;
28.11.2024;16:53:34.151;FXXP SI 20241220 CS;SIMPLE_INSTRUMENT;EFP_IDX;EUR;42;508.20000000;350;EXCHANGE_LAST;;1;1;XEUR;7793976;816;
28.11.2024;11:47:42.578;FXXP SI 20241220 CS;SIMPLE_INSTRUMENT;VOLA;EUR;603979807;508.50000000;224;EXCHANGE_LAST;;1;1;XEUR;7793976;816;
28.11.2024;09:43:32.135;G3ZF SI 20251219 CS;SIMPLE_INSTRUMENT;BLOCK;EUR;23;1.44500000;250;EXCHANGE_LAST;;1;1;XEUR;5914677;144760;
28.11.2024;10:30:21.406;G3ZF SI 20251219 CS;SIMPLE_INSTRUMENT;BLOCK;EUR;33;1.44500000;350;EXCHANGE_LAST;;1;1;XEUR;5914677;144760;
28.11.2024;14:51:33.597;G3ZF SI 20261218 CS;SIMPLE_INSTRUMENT;BLOCK;EUR;93;1.13000000;1000;EXCHANGE_LAST;;2;1;XEUR;6825108;144760;
28.11.2024;14:49:07.705;G3ZF SI 20271217 CS;SIMPLE_INSTRUMENT;BLOCK;EUR;95;0.94500000;750;EXCHANGE_LAST;;1;1;XEUR;8413561;144760;
28.11.2024;15:06:19.852;G3ZF SI 20261218 CS;SIMPLE_INSTRUMENT;BLOCK;EUR;98;1.13000000;445;EXCHANGE_LAST;;1;1;XEUR;6825108;144760;
28.11.2024;15:29:51.659;G3ZF SI 20271217 CS;SIMPLE_INSTRUMENT;BLOCK;EUR;105;0.94500000;1250;EXCHANGE_LAST;;1;3;XEUR;8413561;144760;
28.11.2024;10:38:16.176;GAD.O.241128.BER.000001;STANDARD_OPTION_STRATEGY;BLOCK;CHF;14;1.28000000;200;EXCHANGE_LAST;;1;1;XEUR;75640391331742724;834185;
28.11.2024;10:38:16.176;GAD SI 20241220 PS AM P 89.00 0;SIMPLE_INSTRUMENT;BLOCK;CHF;14;1.82000000;200;PRC_DECOMP_EXCHANGE;;;;XEUR;12289067;834185;EXCHANGE
28.11.2024;10:38:16.176;GAD SI 20241220 PS AM P 84.00 0;SIMPLE_INSTRUMENT;BLOCK;CHF;14;0.54000000;200;PRC_DECOMP_EXCHANGE;;;;XEUR;11324186;834185;EXCHANGE
28.11.2024;09:49:01.679;I2BE SI 20261218 CS;SIMPLE_INSTRUMENT;BLOCK;EUR;24;0.60000000;800;EXCHANGE_LAST;;1;1;XEUR;4632507;923;
28.11.2024;10:14:20.117;I2BE SI 20261218 CS;SIMPLE_INSTRUMENT;BLOCK;EUR;29;0.60000000;100;EXCHANGE_LAST;;1;1;XEUR;4632507;923;
28.11.2024;10:23:49.504;I2BE SI 20261218 CS;SIMPLE_INSTRUMENT;BLOCK;EUR;30;0.60000000;500;EXCHANGE_LAST;;1;1;XEUR;4632507;923;
28.11.2024;10:53:16.165;I2BE SI 20261218 CS;SIMPLE_INSTRUMENT;BLOCK;EUR;35;0.60000000;200;EXCHANGE_LAST;;1;1;XEUR;4632507;923;
28.11.2024;16:53:24.599;I2TK SI 20261218 CS;SIMPLE_INSTRUMENT;BLOCK;EUR;117;1.47000000;205;EXCHANGE_LAST;;1;1;XEUR;6805373;919;
28.11.2024;08:46:27.394;I3ES SI 20251219 CS;SIMPLE_INSTRUMENT;BLOCK;EUR;1;0.33600000;1000;EXCHANGE_LAST;;2;1;XEUR;5914756;913;
28.11.2024;13:33:07.113;I3ES SI 20251219 CS;SIMPLE_INSTRUMENT;BLOCK;EUR;58;0.33700000;1000;EXCHANGE_LAST;;1;1;XEUR;5914756;913;
28.11.2024;13:09:27.409;IDI.O.241128.BRT.000004;STANDARD_OPTION_STRATEGY;BLOCK;CHF;31;0.12000000;5376;EXCHANGE_LAST;;3;1;XEUR;72302974109493644;57132;
28.11.2024;13:09:27.409;IDI SI 20241220 PS AM P 1.40 0;SIMPLE_INSTRUMENT;BLOCK;CHF;31;0.80000000;5376;PRC_DECOMP_MEMBER;;;;XEUR;9763984;57132;MEMBER
28.11.2024;13:09:27.409;IDI SI 20250620 PS AM P 1.40 0;SIMPLE_INSTRUMENT;BLOCK;CHF;31;0.92000000;5376;PRC_DECOMP_MEMBER;;;;XEUR;9763982;57132;MEMBER
28.11.2024;13:09:17.759;IDI.O.241128.BRT.000004;STANDARD_OPTION_STRATEGY;BLOCK;CHF;32;0.13000000;5374;EXCHANGE_LAST;;3;1;XEUR;72302974109493644;57132;
28.11.2024;13:09:17.759;IDI SI 20250620 PS AM P 1.40 0;SIMPLE_INSTRUMENT;BLOCK;CHF;32;0.93000000;5374;PRC_DECOMP_MEMBER;;;;XEUR;9763982;57132;MEMBER
28.11.2024;13:09:17.759;IDI SI 20241220 PS AM P 1.40 0;SIMPLE_INSTRUMENT;BLOCK;CHF;32;0.80000000;5374;PRC_DECOMP_MEMBER;;;;XEUR;9763984;57132;MEMBER
28.11.2024;14:23:31.040;IDI.O.241128.BRT.000006;STANDARD_OPTION_STRATEGY;BLOCK;CHF;42;0.11000000;3750;EXCHANGE_LAST;;1;1;XEUR;72302974109493646;57132;
28.11.2024;14:23:31.040;IDI SI 20250919 PS AM P 2.00 0;SIMPLE_INSTRUMENT;BLOCK;CHF;42;1.41000000;3750;PRC_DECOMP_EXCHANGE;;;;XEUR;11910444;57132;EXCHANGE
28.11.2024;14:23:31.040;IDI SI 20241220 PS AM P 2.00 0;SIMPLE_INSTRUMENT;BLOCK;CHF;42;1.30000000;3750;PRC_DECOMP_EXCHANGE;;;;XEUR;9368475;57132;EXCHANGE
28.11.2024;11:38:13.734;IES5 SI 20281214 PS AM P 2.00 0;SIMPLE_INSTRUMENT;BLOCK;EUR;6;0.19000000;750;EXCHANGE_LAST;;1;1;XEUR;10381946;900;
28.11.2024;13:26:28.910;IES5 SI 20251218 PS AM P 2.40 0;SIMPLE_INSTRUMENT;BLOCK;EUR;14;0.07000000;2500;EXCHANGE_LAST;;1;1;XEUR;5912461;900;
28.11.2024;12:23:06.880;IESI SI 20241219 CS;SIMPLE_INSTRUMENT;BLOCK;EUR;48;3.61000000;4000;EXCHANGE_LAST;;1;1;XEUR;7028775;901;
28.11.2024;08:56:43.113;IFX SI 20241220 PS AM C 32.00 0;SIMPLE_INSTRUMENT;BLOCK;EUR;3;0.52000000;3000;EXCHANGE_LAST;;2;2;XEUR;4648443;902;
28.11.2024;12:41:40.056;IFX.O.241128.BER.000008;STANDARD_OPTION_STRATEGY;BLOCK;EUR;9;2.62000000;5000;EXCHANGE_LAST;;2;1;XEUR;72061468098467863;902;
28.11.2024;12:41:40.056;IFX SI 20250620 PS AM P 32.00 0;SIMPLE_INSTRUMENT;BLOCK;EUR;9;3.97000000;5000;PRC_DECOMP_EXCHANGE;;;;XEUR;7905933;902;EXCHANGE
28.11.2024;12:41:40.056;IFX SI 20250620 PS AM P 26.00 0;SIMPLE_INSTRUMENT;BLOCK;EUR;9;1.35000000;5000;PRC_DECOMP_EXCHANGE;;;;XEUR;11362377;902;EXCHANGE
28.11.2024;13:15:42.791;IFX SI 20241220 PS AM P 30.00 0;SIMPLE_INSTRUMENT;BLOCK;EUR;11;0.88000000;1000;EXCHANGE_LAST;;1;1;XEUR;10408521;902;
28.11.2024;15:01:48.719;IFX SI 20241220 PS AM C 34.00 0;SIMPLE_INSTRUMENT;BLOCK;EUR;12;0.10000000;2000;EXCHANGE_LAST;;1;1;XEUR;10408583;902;
