#Date;TrdTime;Contract;ContractType;TrdTyp;Currency;TesId;Prc;Qty;TrdInd;Aggressor;Buy;Sell;Exch;InstrumentId;RelatedProdId;PrcDecomp
22.11.2024;10:55:51.367;A2LV SI 20251219 CS;SIMPLE_INSTRUMENT;BLOCK;EUR;14;15.09000000;20;EXCHANGE_LAST;;1;2;XEUR;3681050;12;
22.11.2024;12:55:20.873;A2SM SI 20250620 CS;SIMPLE_INSTRUMENT;BLOCK;EUR;34;3.72000000;21;EXCHANGE_LAST;;1;1;XEUR;10827631;15;
22.11.2024;09:35:20.942;A2XA SI 20251219 CS;SIMPLE_INSTRUMENT;BLOCK;EUR;1;2.12000000;1000;EXCHANGE_LAST;;4;1;XEUR;3681055;17;
22.11.2024;11:16:53.332;AAR.O.241122.STG.000001;STANDARD_OPTION_STRATEGY;BLOCK;EUR;3;1.54000000;2000;EXCHANGE_LAST;;1;1;XEUR;72264396713237660;48150;
22.11.2024;11:16:53.332;AAR SI 20250620 PS AM P 14.00 0;SIMPLE_INSTRUMENT;BLOCK;EUR;3;1.01000000;2000;PRC_DECOMP_EXCHANGE;;;;XEUR;7922454;48150;EXCHANGE
22.11.2024;11:16:53.332;AAR SI 20250620 PS AM C 16.00 0;SIMPLE_INSTRUMENT;BLOCK;EUR;3;0.53000000;2000;PRC_DECOMP_EXCHANGE;;;;XEUR;7922460;48150;EXCHANGE
22.11.2024;10:54:27.844;ADEN.O.241122.STG.000001;STANDARD_OPTION_STRATEGY;BLOCK;CHF;15;3.35000000;2650;EXCHANGE_LAST;;3;1;XEUR;72057783016514559;44;
22.11.2024;10:54:27.844;ADEN SI 20251219 PS AM C 24.00 0;SIMPLE_INSTRUMENT;BLOCK;CHF;15;1.44000000;2650;PRC_DECOMP_EXCHANGE;;;;XEUR;7509267;44;EXCHANGE
22.11.2024;10:54:27.844;ADEN SI 20251219 PS AM P 20.00 0;SIMPLE_INSTRUMENT;BLOCK;CHF;15;1.91000000;2650;PRC_DECOMP_EXCHANGE;;;;XEUR;7753932;44;EXCHANGE
22.11.2024;10:48:38.414;ADEN SI 20250620 PS AM P 19.00 0;SIMPLE_INSTRUMENT;BLOCK;CHF;16;0.93000000;2000;EXCHANGE_LAST;;1;1;XEUR;11347912;44;
22.11.2024;12:24:24.104;ADEN.O.241122.BER.000002;STANDARD_OPTION_STRATEGY;BLOCK;CHF;31;0.53000000;1100;EXCHANGE_LAST;;1;1;XEUR;72057783016514560;44;
22.11.2024;12:24:24.104;ADEN SI 20241220 PS AM P 22.00 0;SIMPLE_INSTRUMENT;BLOCK;CHF;31;0.48000000;1100;PRC_DECOMP_EXCHANGE;;;;XEUR;10393485;44;EXCHANGE
22.11.2024;12:24:24.104;ADEN SI 20241220 PS AM P 23.50 0;SIMPLE_INSTRUMENT;BLOCK;CHF;31;1.01000000;1100;PRC_DECOMP_EXCHANGE;;;;XEUR;11870043;44;EXCHANGE
22.11.2024;12:38:35.875;ADEN.O.241122.BER.000002;STANDARD_OPTION_STRATEGY;BLOCK;CHF;34;0.49000000;3300;EXCHANGE_LAST;;1;1;XEUR;72057783016514560;44;
22.11.2024;12:38:35.875;ADEN SI 20241220 PS AM P 22.00 0;SIMPLE_INSTRUMENT;BLOCK;CHF;34;0.52000000;3300;PRC_DECOMP_MEMBER;;;;XEUR;10393485;44;MEMBER
22.11.2024;12:38:35.875;ADEN SI 20241220 PS AM P 23.50 0;SIMPLE_INSTRUMENT;BLOCK;CHF;34;1.01000000;3300;PRC_DECOMP_MEMBER;;;;XEUR;11870043;44;MEMBER
22.11.2024;10:56:55.327;ADS SI 20241220 PS AM C 215.00 0;SIMPLE_INSTRUMENT;BLOCK;EUR;2;4.15000000;350;EXCHANGE_LAST;;1;1;XEUR;11870428;50;
22.11.2024;10:57:24.117;ADS SI 20241220 PS AM C 225.00 0;SIMPLE_INSTRUMENT;BLOCK;EUR;3;1.62000000;700;EXCHANGE_LAST;;1;1;XEUR;11870437;50;
22.11.2024;15:01:52.353;ADS.O.241122.STG.000008;STANDARD_OPTION_STRATEGY;BLOCK;EUR;11;27.00000000;300;EXCHANGE_LAST;;1;1;XEUR;72057808786331093;50;
22.11.2024;15:01:52.353;ADS SI 20251219 PS AM C 240.00 0;SIMPLE_INSTRUMENT;BLOCK;EUR;11;17.00000000;300;PRC_DECOMP_EXCHANGE;;;;XEUR;5919899;50;EXCHANGE
22.11.2024;15:01:52.353;ADS SI 20251219 PS AM P 180.00 0;SIMPLE_INSTRUMENT;BLOCK;EUR;11;10.00000000;300;PRC_DECOMP_EXCHANGE;;;;XEUR;5919896;50;EXCHANGE
22.11.2024;16:15:14.465;ADS SI 20241220 PS AM P 200.00 0;SIMPLE_INSTRUMENT;BLOCK;EUR;13;1.65000000;250;EXCHANGE_LAST;;1;1;XEUR;4637208;50;
22.11.2024;16:43:00.931;ADS SI 20250321 PS AM C 240.00 0;SIMPLE_INSTRUMENT;BLOCK;EUR;14;5.00000000;300;EXCHANGE_LAST;;1;1;XEUR;10828524;50;
22.11.2024;13:43:17.927;AIR SI 20250919 PS AM P 140.00 0;SIMPLE_INSTRUMENT;BLOCK;EUR;26;4.46000000;300;EXCHANGE_LAST;;1;1;XEUR;11871079;64;
22.11.2024;14:31:04.980;ALC SI 20250919 PS AM P 64.00 0;SIMPLE_INSTRUMENT;BLOCK;CHF;57;1.83000000;250;EXCHANGE_LAST;;1;1;XEUR;12127667;130134;
22.11.2024;15:33:58.264;ALC SI 20250919 PS AM P 68.00 0;SIMPLE_INSTRUMENT;BLOCK;CHF;69;2.72000000;300;EXCHANGE_LAST;;1;1;XEUR;11913755;130134;
22.11.2024;11:37:23.247;ALV SI 20261218 PS AM P 200.00 0;SIMPLE_INSTRUMENT;BLOCK;EUR;5;6.10000000;300;EXCHANGE_LAST;;1;1;XEUR;7152571;74;
22.11.2024;12:49:52.048;ANN.O.241122.COMBO.000007;STANDARD_OPTION_STRATEGY;BLOCK;EUR;7;0.32000000;2000;EXCHANGE_LAST;;1;1;XEUR;72251735149668072;45202;
22.11.2024;12:49:52.048;ANN SI 20250321 PS AM C 34.00 0;SIMPLE_INSTRUMENT;BLOCK;EUR;7;0.61000000;2000;PRC_DECOMP_EXCHANGE;;;;XEUR;10865131;45202;EXCHANGE
22.11.2024;12:49:52.048;ANN SI 20250321 PS AM P 28.00 0;SIMPLE_INSTRUMENT;BLOCK;EUR;7;0.93000000;2000;PRC_DECOMP_EXCHANGE;;;;XEUR;10865134;45202;EXCHANGE
22.11.2024;15:39:20.744;ANN.O.241122.STG.000008;STANDARD_OPTION_STRATEGY;BLOCK;EUR;10;2.60000000;750;EXCHANGE_LAST;;1;1;XEUR;72251735149668073;45202;
22.11.2024;15:39:20.744;ANN SI 20250321 PS AM C 30.00 0;SIMPLE_INSTRUMENT;BLOCK;EUR;10;2.09000000;750;PRC_DECOMP_EXCHANGE;;;;XEUR;10865135;45202;EXCHANGE
22.11.2024;15:39:20.744;ANN SI 20250321 PS AM P 26.00 0;SIMPLE_INSTRUMENT;BLOCK;EUR;10;0.51000000;750;PRC_DECOMP_EXCHANGE;;;;XEUR;10865132;45202;EXCHANGE
22.11.2024;10:56:19.664;ANNG SI 20241220 CS;SIMPLE_INSTRUMENT;BLOCK;EUR;15;29.92990000;462;EXCHANGE_LAST;;1;1;XEUR;7365532;464374;
22.11.2024;14:52:29.632;ARG SI 20250221 PS AM P 470.00 0;SIMPLE_INSTRUMENT;BLOCK;EUR;4;8.95000000;100;EXCHANGE_LAST;;1;1;XEUR;12275198;355435;
22.11.2024;12:02:44.185;ASG5.O.241122.BUL.000001;STANDARD_OPTION_STRATEGY;BLOCK;EUR;6;2.58000000;10000;EXCHANGE_LAST;;1;3;XEUR;72058062189368502;109;
22.11.2024;12:02:44.185;ASG5 SI 20251218 PS AM C 28.00 0;SIMPLE_INSTRUMENT;BLOCK;EUR;6;1.26900000;10000;PRC_DECOMP_EXCHANGE;;;;XEUR;6267904;109;EXCHANGE
22.11.2024;12:02:44.185;ASG5 SI 20251218 PS AM C 24.00 0;SIMPLE_INSTRUMENT;BLOCK;EUR;6;3.84900000;10000;PRC_DECOMP_EXCHANGE;;;;XEUR;6084277;109;EXCHANGE
22.11.2024;12:08:30.911;ASG5.O.241122.STG.000002;STANDARD_OPTION_STRATEGY;BLOCK;EUR;7;3.78000000;1500;EXCHANGE_LAST;;1;1;XEUR;72058062189368503;109;
22.11.2024;12:08:30.911;ASG5 SI 20261217 PS AM P 24.00 0;SIMPLE_INSTRUMENT;BLOCK;EUR;7;1.96600000;1500;PRC_DECOMP_EXCHANGE;;;;XEUR;7147287;109;EXCHANGE
22.11.2024;12:08:30.911;ASG5 SI 20261217 PS AM C 28.00 0;SIMPLE_INSTRUMENT;BLOCK;EUR;7;1.81400000;1500;PRC_DECOMP_EXCHANGE;;;;XEUR;7147289;109;EXCHANGE
22.11.2024;12:35:32.287;ASG5.O.241122.BUL.000001;STANDARD_OPTION_STRATEGY;BLOCK;EUR;8;2.58000000;10000;EXCHANGE_LAST;;1;4;XEUR;72058062189368502;109;
22.11.2024;12:35:32.287;ASG5 SI 20251218 PS AM C 28.00 0;SIMPLE_INSTRUMENT;BLOCK;EUR;8;1.28250000;10000;PRC_DECOMP_EXCHANGE;;;;XEUR;6267904;109;EXCHANGE
22.11.2024;12:35:32.287;ASG5 SI 20251218 PS AM C 24.00 0;SIMPLE_INSTRUMENT;BLOCK;EUR;8;3.86250000;10000;PRC_DECOMP_EXCHANGE;;;;XEUR;6084277;109;EXCHANGE
22.11.2024;12:43:59.690;ASG5.O.241122.BUL.000001;STANDARD_OPTION_STRATEGY;BLOCK;EUR;10;2.58000000;5000;EXCHANGE_LAST;;1;1;XEUR;72058062189368502;109;
22.11.2024;12:43:59.690;ASG5 SI 20251218 PS AM C 24.00 0;SIMPLE_INSTRUMENT;BLOCK;EUR;10;3.87600000;5000;PRC_DECOMP_EXCHANGE;;;;XEUR;6084277;109;EXCHANGE
22.11.2024;12:43:59.690;ASG5 SI 20251218 PS AM C 28.00 0;SIMPLE_INSTRUMENT;BLOCK;EUR;10;1.29600000;5000;PRC_DECOMP_EXCHANGE;;;;XEUR;6267904;109;EXCHANGE
22.11.2024;12:55:38.431;ASMH SI 20250620 CS;SIMPLE_INSTRUMENT;BLOCK;EUR;33;650.30000000;250;EXCHANGE_LAST;;1;1;XEUR;11191365;3979;
22.11.2024;11:18:25.809;AXA.O.241122.STG.000002;STANDARD_OPTION_STRATEGY;BLOCK;EUR;17;1.60000000;1650;EXCHANGE_LAST;;1;1;XEUR;72058139498794089;127;
22.11.2024;11:18:25.809;AXA SI 20250321 PS AM C 36.00 0;SIMPLE_INSTRUMENT;BLOCK;EUR;17;0.73000000;1650;PRC_DECOMP_EXCHANGE;;;;XEUR;10830417;127;EXCHANGE
22.11.2024;11:18:25.809;AXA SI 20250321 PS AM P 32.00 0;SIMPLE_INSTRUMENT;BLOCK;EUR;17;0.87000000;1650;PRC_DECOMP_EXCHANGE;;;;XEUR;10830414;127;EXCHANGE
22.11.2024;12:45:26.703;AXA SI 20271217 PS AM P 22.00 0;SIMPLE_INSTRUMENT;BLOCK;EUR;19;1.38000000;1750;EXCHANGE_LAST;;1;1;XEUR;8773970;127;
22.11.2024;14:49:50.242;AXA SI 20250321 PS AM C 36.00 0;SIMPLE_INSTRUMENT;BLOCK;EUR;33;0.80000000;1750;EXCHANGE_LAST;;1;1;XEUR;10830417;127;
22.11.2024;13:22:54.414;B2NP SI 20261218 CS;SIMPLE_INSTRUMENT;BLOCK;EUR;36;4.42000000;700;EXCHANGE_LAST;;1;2;XEUR;6798320;131;
22.11.2024;15:27:23.753;B2NP SI 20250321 CS;SIMPLE_INSTRUMENT;BLOCK;EUR;56;0.00100000;704;EXCHANGE_LAST;;2;1;XEUR;10395800;131;
22.11.2024;12:29:22.702;BAEN SI 20251219 PS AM C 60.00 0;SIMPLE_INSTRUMENT;BLOCK;CHF;32;3.70000000;1300;EXCHANGE_LAST;;1;1;XEUR;5921991;159;
22.11.2024;10:13:19.283;BAS SI 20281215 PS AM C 48.00 0;SIMPLE_INSTRUMENT;BLOCK;EUR;1;4.57000000;500;EXCHANGE_LAST;;1;1;XEUR;10396460;150;
22.11.2024;11:17:25.419;BAS.O.241122.STD.000007;STANDARD_OPTION_STRATEGY;BLOCK;EUR;3;11.45000000;750;EXCHANGE_LAST;;1;1;XEUR;72058238283089720;150;
22.11.2024;11:17:25.419;BAS SI 20261218 PS AM P 40.00 0;SIMPLE_INSTRUMENT;BLOCK;EUR;3;5.25000000;750;PRC_DECOMP_EXCHANGE;;;;XEUR;7467515;150;EXCHANGE
22.11.2024;11:17:25.419;BAS SI 20261218 PS AM C 40.00 0;SIMPLE_INSTRUMENT;BLOCK;EUR;3;6.20000000;750;PRC_DECOMP_EXCHANGE;;;;XEUR;7467512;150;EXCHANGE
22.11.2024;12:00:01.645;BAS SI 20241206 PS AM C 43.50 0;SIMPLE_INSTRUMENT;BLOCK;EUR;5;0.38000000;1264;EXCHANGE_LAST;;1;1;XEUR;12139113;150;
22.11.2024;12:00:01.647;BAS SI 20241206 PS AM C 43.50 0;SIMPLE_INSTRUMENT;BLOCK;EUR;6;0.39000000;1263;EXCHANGE_LAST;;1;1;XEUR;12139113;150;
22.11.2024;15:01:21.772;BAS SI 20250321 PS AM C 46.00 0;SIMPLE_INSTRUMENT;BLOCK;EUR;8;1.25000000;1650;EXCHANGE_LAST;;1;1;XEUR;10831043;150;
22.11.2024;15:01:22.292;BAS SI 20250321 PS AM C 48.00 0;SIMPLE_INSTRUMENT;BLOCK;EUR;9;0.74000000;1650;EXCHANGE_LAST;;1;1;XEUR;10831045;150;
22.11.2024;11:36:51.003;BAY SI 20251219 PS AM C 17.00 0;SIMPLE_INSTRUMENT;BLOCK;EUR;4;4.55000000;1000;EXCHANGE_LAST;;1;1;XEUR;12231606;168;
22.11.2024;16:25:27.730;BAYG.S.DEC24.MAR25.SPD;FUTURES_SPREAD;BLOCK;EUR;63;-0.16250000;4000;EXCHANGE_LAST;;1;1;XEUR;72384157581312166;76034;
22.11.2024;16:25:27.730;BAYG SI 20250321 CS;SIMPLE_INSTRUMENT;BLOCK;EUR;63;19.73820000;4000;PRC_DECOMP_EXCHANGE;;;;XEUR;10723979;76034;EXCHANGE
22.11.2024;16:25:27.730;BAYG SI 20241220 CS;SIMPLE_INSTRUMENT;BLOCK;EUR;63;19.57570000;4000;PRC_DECOMP_EXCHANGE;;;;XEUR;7051807;76034;EXCHANGE
22.11.2024;09:18:38.841;BNP SI 20251219 PS AM P 48.00 0;SIMPLE_INSTRUMENT;BLOCK;EUR;2;2.98000000;750;EXCHANGE_LAST;;1;1;XEUR;5923362;237;
22.11.2024;10:14:42.090;BNP.O.241122.BULBR.000006;STANDARD_OPTION_STRATEGY;BLOCK;EUR;7;0.04000000;7850;EXCHANGE_LAST;;1;1;XEUR;72058611945198567;237;
22.11.2024;10:14:42.090;BNP SI 20251219 PS AM P 52.00 0;SIMPLE_INSTRUMENT;BLOCK;EUR;7;5.08000000;7850;PRC_DECOMP_EXCHANGE;;;;XEUR;5923364;237;EXCHANGE
22.11.2024;10:14:42.090;BNP SI 20251219 PS AM C 60.00 0;SIMPLE_INSTRUMENT;BLOCK;EUR;7;3.02000000;7850;PRC_DECOMP_EXCHANGE;;;;XEUR;5995680;237;EXCHANGE
22.11.2024;10:14:42.090;BNP SI 20251219 PS AM P 60.00 0;SIMPLE_INSTRUMENT;BLOCK;EUR;7;9.42000000;7850;PRC_DECOMP_EXCHANGE;;;;XEUR;5995681;237;EXCHANGE
22.11.2024;10:14:42.090;BNP SI 20251219 PS AM C 52.00 0;SIMPLE_INSTRUMENT;BLOCK;EUR;7;7.40000000;7850;PRC_DECOMP_EXCHANGE;;;;XEUR;5923363;237;EXCHANGE
22.11.2024;10:52:57.819;BNP.O.241122.RBUL.000008;STANDARD_OPTION_STRATEGY;BLOCK;EUR;10;-0.68000000;1000;EXCHANGE_LAST;;1;1;XEUR;72058611945198569;237;
22.11.2024;10:52:57.819;BNP SI 20241220 PS AM C 62.00 0;SIMPLE_INSTRUMENT;BLOCK;EUR;10;0.23000000;2000;PRC_DECOMP_EXCHANGE;;;;XEUR;11874822;237;EXCHANGE
22.11.2024;10:52:57.819;BNP SI 20241220 PS AM C 58.00 0;SIMPLE_INSTRUMENT;BLOCK;EUR;10;1.14000000;1000;PRC_DECOMP_EXCHANGE;;;;XEUR;11874785;237;EXCHANGE
22.11.2024;10:59:28.752;BNP SI 20261218 PS AM P 40.00 0;SIMPLE_INSTRUMENT;BLOCK;EUR;11;3.10000000;1250;EXCHANGE_LAST;;1;1;XEUR;7459582;237;
22.11.2024;12:14:07.960;BNP SI 20241220 PS AM P 52.00 0;SIMPLE_INSTRUMENT;BLOCK;EUR;18;0.40000000;1750;EXCHANGE_LAST;;1;1;XEUR;4640392;237;
22.11.2024;14:30:02.248;BNP SI 20281215 PS AM P 40.00 0;SIMPLE_INSTRUMENT;BLOCK;EUR;32;5.58000000;1500;EXCHANGE_LAST;;2;1;XEUR;10398940;237;
22.11.2024;15:51:57.867;BNP.O.241122.STG.000020;STANDARD_OPTION_STRATEGY;BLOCK;EUR;39;8.90000000;1500;EXCHANGE_LAST;;2;1;XEUR;72058611945198581;237;
22.11.2024;15:51:57.867;BNP SI 20260619 PS AM C 60.00 0;SIMPLE_INSTRUMENT;BLOCK;EUR;39;3.93000000;1500;PRC_DECOMP_EXCHANGE;;;;XEUR;9541706;237;EXCHANGE
22.11.2024;15:51:57.867;BNP SI 20260619 PS AM P 48.00 0;SIMPLE_INSTRUMENT;BLOCK;EUR;39;4.97000000;1500;PRC_DECOMP_EXCHANGE;;;;XEUR;9541730;237;EXCHANGE
22.11.2024;15:26:59.158;BNPH.S.DEC24.MAR25.SPD;FUTURES_SPREAD;BLOCK;EUR;55;-0.47000000;8000;EXCHANGE_LAST;;1;2;XEUR;72058607650211061;236;
22.11.2024;15:26:59.158;BNPH SI 20250321 CS;SIMPLE_INSTRUMENT;BLOCK;EUR;55;58.86950000;8000;PRC_DECOMP_EXCHANGE;;;;XEUR;10695531;236;EXCHANGE
22.11.2024;15:26:59.158;BNPH SI 20241220 CS;SIMPLE_INSTRUMENT;BLOCK;EUR;55;58.39950000;8000;PRC_DECOMP_EXCHANGE;;;;XEUR;7032636;236;EXCHANGE
22.11.2024;10:26:25.368;BPVJ SI 20241219 CS;SIMPLE_INSTRUMENT;BLOCK;EUR;5;6.79810000;10000;EXCHANGE_LAST;;1;1;XEUR;7029761;48715;
22.11.2024;09:24:31.469;BSN.O.241122.COMBO.000005;STANDARD_OPTION_STRATEGY;BLOCK;EUR;1;-0.01000000;700;EXCHANGE_LAST;;1;1;XEUR;72058629125062144;241;
22.11.2024;09:24:31.469;BSN SI 20241220 PS AM P 62.00 0;SIMPLE_INSTRUMENT;BLOCK;EUR;1;0.39000000;700;PRC_DECOMP_EXCHANGE;;;;XEUR;11032835;241;EXCHANGE
22.11.2024;09:24:31.469;BSN SI 20241220 PS AM C 67.00 0;SIMPLE_INSTRUMENT;BLOCK;EUR;1;0.40000000;700;PRC_DECOMP_EXCHANGE;;;;XEUR;11875220;241;EXCHANGE
22.11.2024;09:59:28.432;C4RI SI 20251219 CS;SIMPLE_INSTRUMENT;BLOCK;EUR;4;2.73000000;700;EXCHANGE_LAST;;5;1;XEUR;5914459;50862;
22.11.2024;10:42:10.608;C4RI SI 20241220 CS;SIMPLE_INSTRUMENT;BLOCK;EUR;7;2.72900000;2625;EXCHANGE_LAST;;1;1;XEUR;4632261;50862;
22.11.2024;14:22:24.228;CBK.O.241122.BUL.000012;STANDARD_OPTION_STRATEGY;BLOCK;EUR;8;0.43000000;5000;EXCHANGE_LAST;;1;1;XEUR;72058745089201731;268;
22.11.2024;14:22:24.228;CBK SI 20241220 PS AM C 16.00 0;SIMPLE_INSTRUMENT;BLOCK;EUR;8;0.30000000;5000;PRC_DECOMP_EXCHANGE;;;;XEUR;7372802;268;EXCHANGE
22.11.2024;14:22:24.228;CBK SI 20241220 PS AM C 15.00 0;SIMPLE_INSTRUMENT;BLOCK;EUR;8;0.73000000;5000;PRC_DECOMP_EXCHANGE;;;;XEUR;10399725;268;EXCHANGE
22.11.2024;15:38:06.029;CBK SI 20251219 PS AM P 12.00 0;SIMPLE_INSTRUMENT;BLOCK;EUR;12;0.83000000;5000;EXCHANGE_LAST;;1;1;XEUR;6472277;268;
22.11.2024;09:58:22.784;CFR SI 20260619 PS AM P 84.00 0;SIMPLE_INSTRUMENT;BLOCK;CHF;4;4.39000000;300;EXCHANGE_LAST;;1;1;XEUR;9996439;313;
22.11.2024;12:32:07.091;CFR.O.241122.STG.000013;STANDARD_OPTION_STRATEGY;BLOCK;CHF;33;12.01000000;300;EXCHANGE_LAST;;1;1;XEUR;72058938362725994;313;
22.11.2024;12:32:07.091;CFR SI 20250620 PS AM C 130.00 0;SIMPLE_INSTRUMENT;BLOCK;CHF;33;5.69000000;300;PRC_DECOMP_EXCHANGE;;;;XEUR;11273454;313;EXCHANGE
22.11.2024;12:32:07.091;CFR SI 20250620 PS AM P 110.00 0;SIMPLE_INSTRUMENT;BLOCK;CHF;33;6.32000000;300;PRC_DECOMP_EXCHANGE;;;;XEUR;11354574;313;EXCHANGE
22.11.2024;12:42:49.530;CFR SI 20241220 PS AM C 130.00 0;SIMPLE_INSTRUMENT;BLOCK;CHF;35;0.84000000;1047;EXCHANGE_LAST;;1;1;XEUR;10400575;313;
22.11.2024;13:19:18.085;CFR SI 20241220 PS AM P 120.00 0;SIMPLE_INSTRUMENT;BLOCK;CHF;44;4.73000000;300;EXCHANGE_LAST;;1;1;XEUR;9996582;313;
22.11.2024;14:00:53.351;CFR SI 20241220 PS AM C 120.00 0;SIMPLE_INSTRUMENT;BLOCK;CHF;52;3.39000000;500;EXCHANGE_LAST;;1;1;XEUR;9996580;313;
22.11.2024;14:19:22.261;CFR SI 20250620 PS AM C 120.00 0;SIMPLE_INSTRUMENT;BLOCK;CHF;55;9.70000000;500;EXCHANGE_LAST;;1;1;XEUR;9996500;313;
22.11.2024;15:39:43.666;CFR.O.241122.STG.000019;STANDARD_OPTION_STRATEGY;BLOCK;CHF;70;7.90000000;300;EXCHANGE_LAST;;1;1;XEUR;72058938362726000;313;
22.11.2024;15:39:43.666;CFR SI 20250620 PS AM C 150.00 0;SIMPLE_INSTRUMENT;BLOCK;CHF;70;2.00000000;300;PRC_DECOMP_EXCHANGE;;;;XEUR;11354572;313;EXCHANGE
22.11.2024;15:39:43.666;CFR SI 20250620 PS AM P 110.00 0;SIMPLE_INSTRUMENT;BLOCK;CHF;70;5.90000000;300;PRC_DECOMP_EXCHANGE;;;;XEUR;11354574;313;EXCHANGE
22.11.2024;15:59:18.408;CFR SI 20241220 PS AM P 116.00 0;SIMPLE_INSTRUMENT;BLOCK;CHF;73;2.50000000;500;EXCHANGE_LAST;;1;1;XEUR;11876668;313;
22.11.2024;16:15:27.026;CFR SI 20251219 PS AM C 160.00 0;SIMPLE_INSTRUMENT;BLOCK;CHF;78;2.93000000;500;EXCHANGE_LAST;;1;1;XEUR;9996466;313;
22.11.2024;11:05:32.937;CGM SI 20281215 PS AM P 120.00 0;SIMPLE_INSTRUMENT;BLOCK;EUR;16;17.00000000;450;EXCHANGE_LAST;;1;1;XEUR;10400691;317;
22.11.2024;15:39:49.079;CGM SI 20281215 PS AM P 120.00 0;SIMPLE_INSTRUMENT;BLOCK;EUR;38;17.00000000;250;EXCHANGE_LAST;;1;1;XEUR;10400691;317;
22.11.2024;10:27:11.598;CLN.O.241122.RBER.000002;STANDARD_OPTION_STRATEGY;BLOCK;CHF;10;-1.63000000;2000;EXCHANGE_LAST;;1;1;XEUR;72058865348264328;296;
22.11.2024;10:27:11.598;CLN SI 20250321 PS AM P 10.00 0;SIMPLE_INSTRUMENT;BLOCK;CHF;10;0.29000000;4000;PRC_DECOMP_EXCHANGE;;;;XEUR;10834383;296;EXCHANGE
22.11.2024;10:27:11.598;CLN SI 20250321 PS AM P 13.00 0;SIMPLE_INSTRUMENT;BLOCK;CHF;10;2.21000000;2000;PRC_DECOMP_EXCHANGE;;;;XEUR;10834410;296;EXCHANGE
22.11.2024;15:07:52.609;CR5J SI 20241219 CS;SIMPLE_INSTRUMENT;BLOCK;EUR;47;37.80850000;32000;EXCHANGE_LAST;;1;1;XEUR;7029763;50861;
22.11.2024;15:07:55.351;CRIP SI 20241219 PS;SIMPLE_INSTRUMENT;BLOCK;EUR;48;37.80500000;32000;EXCHANGE_LAST;;1;1;XEUR;7030012;243407;
22.11.2024;11:57:03.529;D3AI SI 20251219 CS;SIMPLE_INSTRUMENT;BLOCK;EUR;22;3.79000000;200;EXCHANGE_LAST;;1;2;XEUR;7144062;443197;
22.11.2024;16:25:37.704;D3AI SI 20251219 CS;SIMPLE_INSTRUMENT;BLOCK;EUR;66;3.79000000;100;EXCHANGE_LAST;;1;1;XEUR;7144062;443197;
22.11.2024;09:40:32.323;D4BK SI 20251219 CS;SIMPLE_INSTRUMENT;BLOCK;EUR;2;0.66000000;400;EXCHANGE_LAST;;2;1;XEUR;3681261;51565;
22.11.2024;11:51:31.159;DAI.O.241122.DIASTD.000015;STANDARD_OPTION_STRATEGY;BLOCK;EUR;7;8.45000000;1500;EXCHANGE_LAST;;1;1;XEUR;73961106363661910;443196;
22.11.2024;11:51:31.159;DAI SI 20281215 PS AM C 48.00 0;SIMPLE_INSTRUMENT;BLOCK;EUR;7;9.47000000;1500;PRC_DECOMP_EXCHANGE;;;;XEUR;10455588;443196;EXCHANGE
22.11.2024;11:51:31.159;DAI SI 20281215 PS AM P 48.00 0;SIMPLE_INSTRUMENT;BLOCK;EUR;7;9.43000000;1500;PRC_DECOMP_EXCHANGE;;;;XEUR;10455590;443196;EXCHANGE
22.11.2024;11:51:31.159;DAI SI 20250919 PS AM C 52.00 0;SIMPLE_INSTRUMENT;BLOCK;EUR;7;4.34000000;1500;PRC_DECOMP_EXCHANGE;;;;XEUR;11925614;443196;EXCHANGE
22.11.2024;11:51:31.159;DAI SI 20250919 PS AM P 52.00 0;SIMPLE_INSTRUMENT;BLOCK;EUR;7;6.11000000;1500;PRC_DECOMP_EXCHANGE;;;;XEUR;11925612;443196;EXCHANGE
22.11.2024;12:43:50.328;DAI.O.241122.STG.000017;STANDARD_OPTION_STRATEGY;BLOCK;EUR;12;10.30000000;1000;EXCHANGE_LAST;;1;1;XEUR;73961106363661912;443196;
22.11.2024;12:43:50.328;DAI SI 20260619 PS AM C 54.00 0;SIMPLE_INSTRUMENT;BLOCK;EUR;12;4.56000000;1000;PRC_DECOMP_EXCHANGE;;;;XEUR;10193329;443196;EXCHANGE
22.11.2024;12:43:50.328;DAI SI 20260619 PS AM P 48.00 0;SIMPLE_INSTRUMENT;BLOCK;EUR;12;5.74000000;1000;PRC_DECOMP_EXCHANGE;;;;XEUR;9598287;443196;EXCHANGE
22.11.2024;16:25:51.907;DHE SI 20250221 PS AM P 32.00 0;SIMPLE_INSTRUMENT;BLOCK;EUR;11;1.70000000;900;EXCHANGE_LAST;;1;1;XEUR;12266599;57135;
22.11.2024;10:40:09.707;DPWF.S.DEC24.MAR25.SPD;FUTURES_SPREAD;BLOCK;EUR;9;-0.27560000;10000;EXCHANGE_LAST;;1;1;XEUR;72059501003407561;444;
22.11.2024;10:40:09.707;DPWF SI 20241220 CS;SIMPLE_INSTRUMENT;BLOCK;EUR;9;34.80920000;10000;PRC_DECOMP_EXCHANGE;;;;XEUR;7034453;444;EXCHANGE
22.11.2024;10:40:09.707;DPWF SI 20250321 CS;SIMPLE_INSTRUMENT;BLOCK;EUR;9;35.08480000;10000;PRC_DECOMP_EXCHANGE;;;;XEUR;10698111;444;EXCHANGE
22.11.2024;12:57:20.940;DTEF.S.DEC24.MAR25.SPD;FUTURES_SPREAD;BLOCK;EUR;32;-0.22750000;16500;EXCHANGE_LAST;;1;1;XEUR;72059440873865435;430;
22.11.2024;12:57:20.940;DTEF SI 20241220 CS;SIMPLE_INSTRUMENT;BLOCK;EUR;32;29.05000000;16500;PRC_DECOMP_MEMBER;;;;XEUR;7034388;430;MEMBER
22.11.2024;12:57:20.940;DTEF SI 20250321 CS;SIMPLE_INSTRUMENT;BLOCK;EUR;32;29.27750000;16500;PRC_DECOMP_MEMBER;;;;XEUR;10698021;430;MEMBER
22.11.2024;13:37:12.941;E2NT SI 20261218 CS;SIMPLE_INSTRUMENT;BLOCK;EUR;38;0.95000000;500;EXCHANGE_LAST;;2;1;XEUR;4632357;470;
22.11.2024;13:44:00.108;E2NT SI 20271217 CS;SIMPLE_INSTRUMENT;BLOCK;EUR;40;0.87000000;350;EXCHANGE_LAST;;1;1;XEUR;5914575;470;
22.11.2024;14:10:58.738;E2NT SI 20271217 CS;SIMPLE_INSTRUMENT;BLOCK;EUR;42;0.87200000;175;EXCHANGE_LAST;;1;1;XEUR;5914575;470;
22.11.2024;14:10:29.273;E2NT SI 20271217 CS;SIMPLE_INSTRUMENT;BLOCK;EUR;43;0.87300000;175;EXCHANGE_LAST;;1;1;XEUR;5914575;470;
22.11.2024;16:42:16.995;ENR SI 20281215 PS AM P 44.00 0;SIMPLE_INSTRUMENT;BLOCK;EUR;12;12.50000000;1000;EXCHANGE_LAST;;1;3;XEUR;11254317;298530;
22.11.2024;15:08:08.552;ENTH SI 20241219 CS;SIMPLE_INSTRUMENT;BLOCK;EUR;51;13.82880000;42000;EXCHANGE_LAST;;1;1;XEUR;7935776;524973;
22.11.2024;15:08:11.459;ENTQ SI 20241219 PS;SIMPLE_INSTRUMENT;BLOCK;EUR;52;13.82800000;42000;EXCHANGE_LAST;;1;1;XEUR;7935615;524960;
22.11.2024;09:18:01.884;EVT SI 20251219 PS AM P 12.00 0;SIMPLE_INSTRUMENT;BLOCK;EUR;1;3.94000000;1700;EXCHANGE_LAST;;1;1;XEUR;8121740;547;
22.11.2024;11:51:32.838;F3TE SI 20241220 CS;SIMPLE_INSTRUMENT;BLOCK;EUR;21;0.72000000;2633;EXCHANGE_LAST;;1;1;XEUR;6633907;390379;
22.11.2024;11:52:54.795;F3TE SI 20241220 CS;SIMPLE_INSTRUMENT;BLOCK;EUR;24;0.72000000;4388;EXCHANGE_LAST;;1;1;XEUR;6633907;390379;
22.11.2024;09:38:18.873;FBTP SI 20241206 PS;SIMPLE_INSTRUMENT;EFP_FIN;EUR;1;120.80000000;438;EXCHANGE_LAST;;1;1;XEUR;10804520;636;
22.11.2024;10:30:41.161;FBTP SI 20241206 PS;SIMPLE_INSTRUMENT;EFP_FIN;EUR;2;120.86000000;337;EXCHANGE_LAST;;1;1;XEUR;10804520;636;
22.11.2024;10:56:25.556;FBTP SI 20241206 PS;SIMPLE_INSTRUMENT;EFP_FIN;EUR;3;120.88000000;257;EXCHANGE_LAST;;1;1;XEUR;10804520;636;
22.11.2024;10:57:34.812;FBTP SI 20241206 PS;SIMPLE_INSTRUMENT;EFP_FIN;EUR;4;120.88000000;128;EXCHANGE_LAST;;1;1;XEUR;10804520;636;
22.11.2024;10:58:42.816;FBTP SI 20241206 PS;SIMPLE_INSTRUMENT;EFP_FIN;EUR;5;120.88000000;70;EXCHANGE_LAST;;1;1;XEUR;10804520;636;
22.11.2024;11:21:59.714;FBTP SI 20241206 PS;SIMPLE_INSTRUMENT;EFP_FIN;EUR;6;120.91000000;161;EXCHANGE_LAST;;1;1;XEUR;10804520;636;
22.11.2024;12:46:24.089;FBTP SI 20241206 PS;SIMPLE_INSTRUMENT;EFP_FIN;EUR;7;121.06000000;380;EXCHANGE_LAST;;1;1;XEUR;10804520;636;
22.11.2024;13:07:05.454;FBTP SI 20241206 PS;SIMPLE_INSTRUMENT;EFP_FIN;EUR;8;121.01000000;179;EXCHANGE_LAST;;1;1;XEUR;10804520;636;
22.11.2024;13:43:15.556;FBTP SI 20241206 PS;SIMPLE_INSTRUMENT;EFP_FIN;EUR;9;121.03000000;178;EXCHANGE_LAST;;1;1;XEUR;10804520;636;
22.11.2024;14:11:41.761;FBTP SI 20241206 PS;SIMPLE_INSTRUMENT;EFP_FIN;EUR;10;120.96000000;4911;EXCHANGE_LAST;;1;1;XEUR;10804520;636;
22.11.2024;14:17:12.446;FBTP SI 20241206 PS;SIMPLE_INSTRUMENT;EFP_FIN;EUR;11;120.80000000;189;EXCHANGE_LAST;;1;1;XEUR;10804520;636;
22.11.2024;15:07:30.292;FBTP SI 20241206 PS;SIMPLE_INSTRUMENT;EFP_FIN;EUR;12;120.85000000;1339;EXCHANGE_LAST;;1;1;XEUR;10804520;636;
22.11.2024;15:32:52.902;FBTP SI 20241206 PS;SIMPLE_INSTRUMENT;EFP_FIN;EUR;13;120.79000000;144;EXCHANGE_LAST;;1;1;XEUR;10804520;636;
22.11.2024;15:56:01.504;FBTP SI 20241206 PS;SIMPLE_INSTRUMENT;EFP_FIN;EUR;14;120.75000000;836;EXCHANGE_LAST;;1;1;XEUR;10804520;636;
22.11.2024;16:32:22.252;FBTP SI 20241206 PS;SIMPLE_INSTRUMENT;EFP_FIN;EUR;15;120.75000000;241;EXCHANGE_LAST;;1;1;XEUR;10804520;636;
22.11.2024;17:27:33.169;FBTP SI 20241206 PS;SIMPLE_INSTRUMENT;EFP_FIN;EUR;16;120.78000000;223;EXCHANGE_LAST;;1;1;XEUR;10804520;636;
22.11.2024;10:22:11.754;FBTS SI 20241206 PS;SIMPLE_INSTRUMENT;EFP_FIN;EUR;9;107.56000000;1122;EXCHANGE_LAST;;1;1;XEUR;10804522;639;
22.11.2024;11:04:49.836;FBTS SI 20241206 PS;SIMPLE_INSTRUMENT;EFP_FIN;EUR;10;107.54000000;327;EXCHANGE_LAST;;1;1;XEUR;10804522;639;
22.11.2024;11:30:57.766;FBTS SI 20241206 PS;SIMPLE_INSTRUMENT;EFP_FIN;EUR;14;107.54000000;482;EXCHANGE_LAST;;1;1;XEUR;10804522;639;
22.11.2024;12:29:19.352;FBTS SI 20241206 PS;SIMPLE_INSTRUMENT;EFP_FIN;EUR;17;107.56000000;160;EXCHANGE_LAST;;1;1;XEUR;10804522;639;
22.11.2024;12:58:25.435;FBTS SI 20241206 PS;SIMPLE_INSTRUMENT;EFP_FIN;EUR;18;107.53000000;1222;EXCHANGE_LAST;;1;1;XEUR;10804522;639;
22.11.2024;13:17:16.593;FBTS SI 20241206 PS;SIMPLE_INSTRUMENT;EFP_FIN;EUR;19;107.56000000;887;EXCHANGE_LAST;;1;1;XEUR;10804522;639;
22.11.2024;14:45:54.730;FBTS SI 20241206 PS;SIMPLE_INSTRUMENT;EFP_FIN;EUR;25;107.51000000;470;EXCHANGE_LAST;;1;1;XEUR;10804522;639;
22.11.2024;14:49:08.741;FBTS SI 20241206 PS;SIMPLE_INSTRUMENT;EFP_FIN;EUR;26;107.51000000;940;EXCHANGE_LAST;;1;1;XEUR;10804522;639;
22.11.2024;14:46:18.731;FBTS SI 20241206 PS;SIMPLE_INSTRUMENT;EFP_FIN;EUR;27;107.51000000;244;EXCHANGE_LAST;;1;1;XEUR;10804522;639;
22.11.2024;15:14:59.040;FBTS SI 20241206 PS;SIMPLE_INSTRUMENT;EFP_FIN;EUR;30;107.53000000;668;EXCHANGE_LAST;;1;1;XEUR;10804522;639;
22.11.2024;15:45:15.400;FBTS SI 20241206 PS;SIMPLE_INSTRUMENT;EFP_FIN;EUR;32;107.53000000;1029;EXCHANGE_LAST;;1;1;XEUR;10804522;639;
22.11.2024;16:15:22.597;FBTS SI 20241206 PS;SIMPLE_INSTRUMENT;EFP_FIN;EUR;33;107.51000000;138;EXCHANGE_LAST;;1;1;XEUR;10804522;639;
22.11.2024;15:12:24.056;FCBU SI 20241203 CS;SIMPLE_INSTRUMENT;BLOCK;USD;3;0.17167000;200;EXCHANGE_LAST;;1;1;XEUR;10350809;570870;
22.11.2024;08:37:55.825;FCEU SI 20241216 PS;SIMPLE_INSTRUMENT;BLOCK;USD;1;1.04860000;295;EXCHANGE_LAST;;1;1;XEUR;7140363;369376;
22.11.2024;08:02:07.767;FCIN SI 20241230 CS;SIMPLE_INSTRUMENT;BLOCK;USD;1;144.46000000;16;EXCHANGE_LAST;;1;1;XEUR;4680363;580;
22.11.2024;14:30:07.294;FCMU SI 20241216 CS;SIMPLE_INSTRUMENT;BLOCK;USD;2;0.04861000;100;EXCHANGE_LAST;;1;1;XEUR;10921066;570874;
22.11.2024;18:48:47.405;FCNS SI 20241216 PS;SIMPLE_INSTRUMENT;EFP_IDX;SEK;4;0.99435000;65;EXCHANGE_LAST;;1;1;XEUR;7140409;402911;
22.11.2024;18:48:47.939;FCNS SI 20241216 PS;SIMPLE_INSTRUMENT;EFP_IDX;SEK;5;0.99436000;145;EXCHANGE_LAST;;1;1;XEUR;7140409;402911;
22.11.2024;21:33:12.839;FCNS SI 20241216 PS;SIMPLE_INSTRUMENT;EFP_IDX;SEK;6;0.99547000;6;EXCHANGE_LAST;;1;1;XEUR;7140409;402911;
22.11.2024;21:33:13.407;FCNS SI 20241216 PS;SIMPLE_INSTRUMENT;EFP_IDX;SEK;7;0.99548000;3;EXCHANGE_LAST;;1;1;XEUR;7140409;402911;
22.11.2024;15:21:40.040;FD3D SI 20281215 CS;SIMPLE_INSTRUMENT;BLOCK;EUR;44;105.30000000;500;EXCHANGE_LAST;;1;1;XEUR;10404969;588;
22.11.2024;15:38:21.041;FD3D SI 20281215 CS;SIMPLE_INSTRUMENT;BLOCK;EUR;49;105.30000000;300;EXCHANGE_LAST;;1;1;XEUR;10404969;588;
22.11.2024;16:49:59.648;FDAX SI 20241220 CS;SIMPLE_INSTRUMENT;EFP_IDX;EUR;1;19373.00000000;20;EXCHANGE_LAST;;1;1;XEUR;7296065;589;
22.11.2024;16:50:05.659;FDAX SI 20241220 CS;SIMPLE_INSTRUMENT;EFP_IDX;EUR;2;19374.00000000;11;EXCHANGE_LAST;;1;1;XEUR;7296065;589;
22.11.2024;16:50:13.404;FDAX SI 20241220 CS;SIMPLE_INSTRUMENT;EFP_IDX;EUR;3;19373.00000000;24;EXCHANGE_LAST;;1;1;XEUR;7296065;589;
22.11.2024;16:50:21.231;FDAX SI 20241220 CS;SIMPLE_INSTRUMENT;EFP_IDX;EUR;4;19374.00000000;11;EXCHANGE_LAST;;1;1;XEUR;7296065;589;
22.11.2024;11:51:15.879;FDAX SI 20241220 CS;SIMPLE_INSTRUMENT;VOLA;EUR;671088654;19177.00000000;6;EXCHANGE_LAST;;1;1;XEUR;7296065;589;
22.11.2024;14:31:25.004;FDAX SI 20241220 CS;SIMPLE_INSTRUMENT;VOLA;EUR;671088662;19285.00000000;8;EXCHANGE_LAST;;1;1;XEUR;7296065;589;
22.11.2024;10:13:07.352;FEBD SI 20261218 CS;SIMPLE_INSTRUMENT;BLOCK;EUR;9;9.20000000;1000;EXCHANGE_LAST;;1;1;XEUR;7158212;597;
22.11.2024;11:40:45.946;FEBD.S.DEC26.DEC27.SPD;FUTURES_SPREAD;BLOCK;EUR;28;1.00000000;750;EXCHANGE_LAST;;1;2;XEUR;72060158133406983;597;
22.11.2024;11:40:45.946;FEBD SI 20261218 CS;SIMPLE_INSTRUMENT;BLOCK;EUR;28;9.19000000;750;PRC_DECOMP_MEMBER;;;;XEUR;7158212;597;MEMBER
22.11.2024;11:40:45.946;FEBD SI 20271217 CS;SIMPLE_INSTRUMENT;BLOCK;EUR;28;8.19000000;750;PRC_DECOMP_MEMBER;;;;XEUR;7776307;597;MEMBER
22.11.2024;12:42:02.477;FEBD.S.DEC26.DEC27.SPD;FUTURES_SPREAD;BLOCK;EUR;32;1.00000000;750;EXCHANGE_LAST;;1;2;XEUR;72060158133406983;597;
22.11.2024;12:42:02.477;FEBD SI 20261218 CS;SIMPLE_INSTRUMENT;BLOCK;EUR;32;9.19000000;750;PRC_DECOMP_MEMBER;;;;XEUR;7158212;597;MEMBER
22.11.2024;12:42:02.477;FEBD SI 20271217 CS;SIMPLE_INSTRUMENT;BLOCK;EUR;32;8.19000000;750;PRC_DECOMP_MEMBER;;;;XEUR;7776307;597;MEMBER
22.11.2024;13:34:53.595;FEBD SI 20251219 CS;SIMPLE_INSTRUMENT;BLOCK;EUR;37;10.19000000;1000;EXCHANGE_LAST;;1;1;XEUR;5914075;597;
22.11.2024;13:35:11.124;FEBD SI 20261218 CS;SIMPLE_INSTRUMENT;BLOCK;EUR;38;9.25000000;1000;EXCHANGE_LAST;;1;1;XEUR;7158212;597;
22.11.2024;14:27:59.671;FEBD.S.DEC26.DEC27.SPD;FUTURES_SPREAD;BLOCK;EUR;39;1.00000000;650;EXCHANGE_LAST;;1;1;XEUR;72060158133406983;597;
22.11.2024;14:27:59.671;FEBD SI 20261218 CS;SIMPLE_INSTRUMENT;BLOCK;EUR;39;9.25000000;650;PRC_DECOMP_MEMBER;;;;XEUR;7158212;597;MEMBER
22.11.2024;14:27:59.671;FEBD SI 20271217 CS;SIMPLE_INSTRUMENT;BLOCK;EUR;39;8.25000000;650;PRC_DECOMP_MEMBER;;;;XEUR;7776307;597;MEMBER
22.11.2024;14:32:51.693;FEBD SI 20281215 CS;SIMPLE_INSTRUMENT;BLOCK;EUR;40;7.47000000;650;EXCHANGE_LAST;;2;2;XEUR;7776305;597;
22.11.2024;14:23:48.137;FEBD.S.DEC26.DEC27.SPD;FUTURES_SPREAD;BLOCK;EUR;42;1.00000000;200;EXCHANGE_LAST;;1;1;XEUR;72060158133406983;597;
22.11.2024;14:23:48.137;FEBD SI 20271217 CS;SIMPLE_INSTRUMENT;BLOCK;EUR;42;8.25000000;200;PRC_DECOMP_MEMBER;;;;XEUR;7776307;597;MEMBER
22.11.2024;14:23:48.137;FEBD SI 20261218 CS;SIMPLE_INSTRUMENT;BLOCK;EUR;42;9.25000000;200;PRC_DECOMP_MEMBER;;;;XEUR;7158212;597;MEMBER
22.11.2024;16:06:06.246;FEBD SI 20250620 CS;SIMPLE_INSTRUMENT;BLOCK;EUR;52;7.32000000;1000;EXCHANGE_LAST;;1;1;XEUR;9547772;597;
22.11.2024;09:20:44.092;FECX SI 20241220 CS;SIMPLE_INSTRUMENT;BLOCK;EUR;1;165.02000000;45;EXCHANGE_LAST;;1;1;XEUR;10920731;410158;
22.11.2024;13:11:18.768;FEDV SI 20241220 CS;SIMPLE_INSTRUMENT;BLOCK;EUR;33;1609.50000000;4000;EXCHANGE_LAST;;1;1;XEUR;10838883;596;
22.11.2024;13:49:20.932;FESB SI 20241220 CS;SIMPLE_INSTRUMENT;BLOCK;EUR;51;139.30000000;4440;EXCHANGE_LAST;;1;2;XEUR;10838895;605;
22.11.2024;17:08:36.952;FESB SI 20241220 CS;SIMPLE_INSTRUMENT;BLOCK;EUR;61;140.45000000;25000;EXCHANGE_LAST;;1;1;XEUR;10838895;605;
22.11.2024;11:47:46.904;FESB SI 20241220 CS;SIMPLE_INSTRUMENT;VOLA;EUR;603979789;139.10000000;600;EXCHANGE_LAST;;1;1;XEUR;10838895;605;
22.11.2024;12:23:49.938;FESB SI 20241220 CS;SIMPLE_INSTRUMENT;VOLA;EUR;603979794;139.30000000;350;EXCHANGE_LAST;;1;1;XEUR;10838895;605;
22.11.2024;15:46:56.673;FESB SI 20241220 CS;SIMPLE_INSTRUMENT;VOLA;EUR;603979820;139.85000000;245;EXCHANGE_LAST;;1;1;XEUR;10838895;605;
22.11.2024;15:51:29.382;FESB SI 20241220 CS;SIMPLE_INSTRUMENT;VOLA;EUR;603979825;139.90000000;475;EXCHANGE_LAST;;1;1;XEUR;10838895;605;
22.11.2024;16:06:33.949;FESB SI 20241220 CS;SIMPLE_INSTRUMENT;VOLA;EUR;603979828;140.25000000;1200;EXCHANGE_LAST;;1;1;XEUR;10838895;605;
22.11.2024;16:08:27.659;FESB SI 20241220 CS;SIMPLE_INSTRUMENT;VOLA;EUR;603979829;140.70000000;300;EXCHANGE_LAST;;1;1;XEUR;10838895;605;
22.11.2024;10:00:10.948;FESX SI 20241220 CS;SIMPLE_INSTRUMENT;BLOCK;EUR;1;4745.00000000;2000;EXCHANGE_LAST;;1;1;XEUR;7793479;675;
22.11.2024;15:15:14.188;FESX SI 20241220 CS;SIMPLE_INSTRUMENT;BLOCK;EUR;3;4800.00000000;2000;EXCHANGE_LAST;;1;1;XEUR;7793479;675;
22.11.2024;15:18:32.685;FESX SI 20241220 CS;SIMPLE_INSTRUMENT;BLOCK;EUR;4;4795.00000000;2000;EXCHANGE_LAST;;1;1;XEUR;7793479;675;
22.11.2024;15:55:29.273;FESX SI 20241220 CS;SIMPLE_INSTRUMENT;EFP_IDX;EUR;5;4800.00000000;1000;EXCHANGE_LAST;;1;1;XEUR;7793479;675;
22.11.2024;15:56:12.080;FESX SI 20241220 CS;SIMPLE_INSTRUMENT;EFP_IDX;EUR;6;4800.00000000;1000;EXCHANGE_LAST;;1;1;XEUR;7793479;675;
22.11.2024;16:41:47.046;FESX SI 20241220 CS;SIMPLE_INSTRUMENT;BLOCK;EUR;7;4795.00000000;3080;EXCHANGE_LAST;;1;1;XEUR;7793479;675;
22.11.2024;16:39:40.302;FESX SI 20241220 CS;SIMPLE_INSTRUMENT;EFP_IDX;EUR;8;4799.00000000;199;EXCHANGE_LAST;;1;1;XEUR;7793479;675;
22.11.2024;16:39:27.345;FESX SI 20241220 CS;SIMPLE_INSTRUMENT;EFP_IDX;EUR;9;4800.00000000;51;EXCHANGE_LAST;;1;1;XEUR;7793479;675;
22.11.2024;16:49:59.103;FESX SI 20241220 CS;SIMPLE_INSTRUMENT;EFP_IDX;EUR;10;4799.00000000;469;EXCHANGE_LAST;;1;1;XEUR;7793479;675;
22.11.2024;16:50:06.147;FESX SI 20241220 CS;SIMPLE_INSTRUMENT;EFP_IDX;EUR;11;4800.00000000;231;EXCHANGE_LAST;;1;1;XEUR;7793479;675;
22.11.2024;16:50:25.786;FESX SI 20241220 CS;SIMPLE_INSTRUMENT;EFP_IDX;EUR;12;4799.00000000;272;EXCHANGE_LAST;;1;1;XEUR;7793479;675;
22.11.2024;16:50:35.690;FESX SI 20241220 CS;SIMPLE_INSTRUMENT;EFP_IDX;EUR;13;4800.00000000;1328;EXCHANGE_LAST;;1;1;XEUR;7793479;675;
22.11.2024;16:59:06.042;FESX SI 20241220 CS;SIMPLE_INSTRUMENT;EFP_IDX;EUR;14;4799.00000000;84;EXCHANGE_LAST;;1;1;XEUR;7793479;675;
22.11.2024;16:58:08.947;FESX SI 20241220 CS;SIMPLE_INSTRUMENT;EFP_IDX;EUR;15;4799.00000000;335;EXCHANGE_LAST;;1;1;XEUR;7793479;675;
22.11.2024;16:58:55.040;FESX SI 20241220 CS;SIMPLE_INSTRUMENT;EFP_IDX;EUR;16;4800.00000000;116;EXCHANGE_LAST;;1;1;XEUR;7793479;675;
22.11.2024;16:54:11.280;FESX SI 20241220 CS;SIMPLE_INSTRUMENT;EFP_IDX;EUR;17;4799.00000000;62;EXCHANGE_LAST;;1;1;XEUR;7793479;675;
22.11.2024;16:57:56.661;FESX SI 20241220 CS;SIMPLE_INSTRUMENT;EFP_IDX;EUR;18;4800.00000000;103;EXCHANGE_LAST;;1;1;XEUR;7793479;675;
22.11.2024;16:57:37.544;FESX SI 20241220 CS;SIMPLE_INSTRUMENT;EFP_IDX;EUR;19;4800.00000000;62;EXCHANGE_LAST;;1;1;XEUR;7793479;675;
22.11.2024;16:56:18.893;FESX SI 20241220 CS;SIMPLE_INSTRUMENT;BLOCK;EUR;20;4800.00000000;2829;EXCHANGE_LAST;;1;1;XEUR;7793479;675;
22.11.2024;16:56:14.764;FESX SI 20241220 CS;SIMPLE_INSTRUMENT;BLOCK;EUR;21;4799.00000000;3748;EXCHANGE_LAST;;1;1;XEUR;7793479;675;
22.11.2024;16:56:58.681;FESX SI 20241220 CS;SIMPLE_INSTRUMENT;BLOCK;EUR;22;4795.00000000;3600;EXCHANGE_LAST;;1;1;XEUR;7793479;675;
22.11.2024;08:38:33.982;FESX SI 20241220 CS;SIMPLE_INSTRUMENT;VOLA;EUR;637534216;4795.00000000;25;EXCHANGE_LAST;;1;1;XEUR;7793479;675;
22.11.2024;08:44:12.118;FESX SI 20241220 CS;SIMPLE_INSTRUMENT;VOLA;EUR;637534222;4790.00000000;160;EXCHANGE_LAST;;1;1;XEUR;7793479;675;
22.11.2024;08:49:59.465;FESX SI 20241220 CS;SIMPLE_INSTRUMENT;VOLA;EUR;637534223;4796.00000000;56;EXCHANGE_LAST;;1;1;XEUR;7793479;675;
22.11.2024;09:24:43.444;FESX SI 20241220 CS;SIMPLE_INSTRUMENT;VOLA;EUR;637534235;4790.00000000;150;EXCHANGE_LAST;;1;1;XEUR;7793479;675;
22.11.2024;09:23:41.421;FESX SI 20241220 CS;SIMPLE_INSTRUMENT;VOLA;EUR;637534236;4774.00000000;280;EXCHANGE_LAST;;1;1;XEUR;7793479;675;
22.11.2024;09:24:29.928;FESX SI 20241220 CS;SIMPLE_INSTRUMENT;VOLA;EUR;637534238;4774.00000000;220;EXCHANGE_LAST;;1;1;XEUR;7793479;675;
22.11.2024;09:36:19.300;FESX SI 20241220 CS;SIMPLE_INSTRUMENT;VOLA;EUR;637534248;4774.00000000;1171;EXCHANGE_LAST;;1;1;XEUR;7793479;675;
22.11.2024;11:46:21.229;FESX SI 20241220 CS;SIMPLE_INSTRUMENT;VOLA;EUR;637534286;4751.00000000;452;EXCHANGE_LAST;;1;1;XEUR;7793479;675;
22.11.2024;11:50:46.245;FESX SI 20241220 CS;SIMPLE_INSTRUMENT;VOLA;EUR;637534289;4753.00000000;334;EXCHANGE_LAST;;1;1;XEUR;7793479;675;
22.11.2024;12:50:11.418;FESX SI 20241220 CS;SIMPLE_INSTRUMENT;VOLA;EUR;637534294;4774.00000000;218;EXCHANGE_LAST;;1;1;XEUR;7793479;675;
22.11.2024;13:25:26.798;FESX SI 20241220 CS;SIMPLE_INSTRUMENT;VOLA;EUR;637534302;4782.00000000;700;EXCHANGE_LAST;;1;1;XEUR;7793479;675;
22.11.2024;13:25:33.600;FESX SI 20241220 CS;SIMPLE_INSTRUMENT;VOLA;EUR;637534304;4782.00000000;700;EXCHANGE_LAST;;1;1;XEUR;7793479;675;
22.11.2024;14:54:32.526;FESX SI 20241220 CS;SIMPLE_INSTRUMENT;VOLA;EUR;637534325;4780.00000000;40;EXCHANGE_LAST;;1;1;XEUR;7793479;675;
22.11.2024;16:47:03.919;FESX SI 20241220 CS;SIMPLE_INSTRUMENT;VOLA;EUR;637534356;4795.00000000;2160;EXCHANGE_LAST;;1;1;XEUR;7793479;675;
22.11.2024;10:04:43.356;FEXD SI 20261218 CS;SIMPLE_INSTRUMENT;BLOCK;EUR;2;151.30000000;250;EXCHANGE_LAST;;1;1;XEUR;2163053;693;
22.11.2024;10:06:09.965;FEXD SI 20261218 CS;SIMPLE_INSTRUMENT;BLOCK;EUR;6;152.00000000;1000;EXCHANGE_LAST;;1;1;XEUR;2163053;693;
22.11.2024;10:06:25.079;FEXD SI 20261218 CS;SIMPLE_INSTRUMENT;BLOCK;EUR;7;151.30000000;130;EXCHANGE_LAST;;1;1;XEUR;2163053;693;
22.11.2024;10:14:44.958;FEXD SI 20261218 CS;SIMPLE_INSTRUMENT;BLOCK;EUR;10;151.80000000;500;EXCHANGE_LAST;;1;1;XEUR;2163053;693;
22.11.2024;10:16:07.026;FEXD SI 20251219 CS;SIMPLE_INSTRUMENT;BLOCK;EUR;11;158.50000000;500;EXCHANGE_LAST;;1;1;XEUR;1548120;693;
22.11.2024;10:16:24.039;FEXD SI 20261218 CS;SIMPLE_INSTRUMENT;BLOCK;EUR;12;151.50000000;500;EXCHANGE_LAST;;1;1;XEUR;2163053;693;
22.11.2024;10:41:28.089;FEXD SI 20271217 CS;SIMPLE_INSTRUMENT;BLOCK;EUR;20;144.70000000;525;EXCHANGE_LAST;;1;1;XEUR;2848338;693;
22.11.2024;10:41:33.551;FEXD SI 20271217 CS;SIMPLE_INSTRUMENT;BLOCK;EUR;21;144.90000000;175;EXCHANGE_LAST;;1;1;XEUR;2848338;693;
22.11.2024;10:47:16.937;FEXD.S.DEC26.DEC28.SPD;FUTURES_SPREAD;BLOCK;EUR;22;13.50000000;150;EXCHANGE_LAST;;1;1;XEUR;72060570450264161;693;
22.11.2024;10:47:16.937;FEXD SI 20281215 CS;SIMPLE_INSTRUMENT;BLOCK;EUR;22;138.50000000;150;PRC_DECOMP_EXCHANGE;;;;XEUR;3680985;693;EXCHANGE
22.11.2024;10:47:16.937;FEXD SI 20261218 CS;SIMPLE_INSTRUMENT;BLOCK;EUR;22;152.00000000;150;PRC_DECOMP_EXCHANGE;;;;XEUR;2163053;693;EXCHANGE
22.11.2024;10:47:32.935;FEXD.S.DEC27.DEC29.SPD;FUTURES_SPREAD;BLOCK;EUR;23;11.20000000;250;EXCHANGE_LAST;;1;1;XEUR;72060570450264170;693;
22.11.2024;10:47:32.935;FEXD SI 20271217 CS;SIMPLE_INSTRUMENT;BLOCK;EUR;23;145.10000000;250;PRC_DECOMP_EXCHANGE;;;;XEUR;2848338;693;EXCHANGE
22.11.2024;10:47:32.935;FEXD SI 20291221 CS;SIMPLE_INSTRUMENT;BLOCK;EUR;23;133.90000000;250;PRC_DECOMP_EXCHANGE;;;;XEUR;4631968;693;EXCHANGE
22.11.2024;11:15:34.220;FEXD.S.DEC29.DEC32.SPD;FUTURES_SPREAD;BLOCK;EUR;25;11.80000000;350;EXCHANGE_LAST;;1;2;XEUR;72060570450264369;693;
22.11.2024;11:15:34.220;FEXD SI 20291221 CS;SIMPLE_INSTRUMENT;BLOCK;EUR;25;134.00000000;350;PRC_DECOMP_MEMBER;;;;XEUR;4631968;693;MEMBER
22.11.2024;11:15:34.220;FEXD SI 20321217 CS;SIMPLE_INSTRUMENT;BLOCK;EUR;25;122.20000000;350;PRC_DECOMP_MEMBER;;;;XEUR;8782940;693;MEMBER
22.11.2024;12:25:57.072;FEXD SI 20261218 CS;SIMPLE_INSTRUMENT;BLOCK;EUR;29;152.60000000;800;EXCHANGE_LAST;;3;1;XEUR;2163053;693;
22.11.2024;15:22:48.052;FEXD SI 20261218 CS;SIMPLE_INSTRUMENT;BLOCK;EUR;48;153.00000000;550;EXCHANGE_LAST;;1;1;XEUR;2163053;693;
22.11.2024;15:38:50.553;FEXD SI 20281215 CS;SIMPLE_INSTRUMENT;BLOCK;EUR;50;140.00000000;225;EXCHANGE_LAST;;1;1;XEUR;3680985;693;
22.11.2024;16:19:11.670;FEXD SI 20261218 CS;SIMPLE_INSTRUMENT;BLOCK;EUR;53;152.70000000;500;EXCHANGE_LAST;;1;1;XEUR;2163053;693;
22.11.2024;15:47:22.453;FEXD SI 20261218 CS;SIMPLE_INSTRUMENT;VOLA;EUR;318767119;152.90000000;596;EXCHANGE_LAST;;1;1;XEUR;2163053;693;
22.11.2024;07:36:44.672;FGBL SI 20241206 PS;SIMPLE_INSTRUMENT;EFS;EUR;1;132.43000000;502;EXCHANGE_LAST;;1;1;XEUR;10804524;688;
22.11.2024;07:42:21.903;FGBL SI 20241206 PS;SIMPLE_INSTRUMENT;EFS;EUR;2;132.36000000;434;EXCHANGE_LAST;;1;1;XEUR;10804524;688;
22.11.2024;07:43:37.699;FGBL SI 20241206 PS;SIMPLE_INSTRUMENT;EFS;EUR;3;132.33000000;434;EXCHANGE_LAST;;1;1;XEUR;10804524;688;
22.11.2024;07:48:12.184;FGBL SI 20241206 PS;SIMPLE_INSTRUMENT;EFS;EUR;4;132.33000000;434;EXCHANGE_LAST;;1;1;XEUR;10804524;688;
22.11.2024;07:51:05.506;FGBL SI 20241206 PS;SIMPLE_INSTRUMENT;EFS;EUR;5;132.29000000;217;EXCHANGE_LAST;;1;1;XEUR;10804524;688;
22.11.2024;08:02:55.135;FGBL SI 20241206 PS;SIMPLE_INSTRUMENT;EFS;EUR;6;132.31000000;490;EXCHANGE_LAST;;1;1;XEUR;10804524;688;
22.11.2024;08:06:42.725;FGBL SI 20241206 PS;SIMPLE_INSTRUMENT;EFS;EUR;7;132.23000000;434;EXCHANGE_LAST;;1;1;XEUR;10804524;688;
22.11.2024;08:07:48.185;FGBL SI 20241206 PS;SIMPLE_INSTRUMENT;EFS;EUR;8;132.29000000;467;EXCHANGE_LAST;;1;1;XEUR;10804524;688;
22.11.2024;08:08:12.806;FGBL SI 20241206 PS;SIMPLE_INSTRUMENT;EFS;EUR;9;132.21000000;434;EXCHANGE_LAST;;1;1;XEUR;10804524;688;
22.11.2024;08:09:45.521;FGBL SI 20241206 PS;SIMPLE_INSTRUMENT;EFS;EUR;10;132.15000000;434;EXCHANGE_LAST;;1;1;XEUR;10804524;688;
22.11.2024;08:14:10.978;FGBL SI 20241206 PS;SIMPLE_INSTRUMENT;EFS;EUR;11;132.17000000;434;EXCHANGE_LAST;;1;1;XEUR;10804524;688;
22.11.2024;08:38:16.711;FGBL SI 20241206 PS;SIMPLE_INSTRUMENT;BLOCK;EUR;12;132.84000000;3000;EXCHANGE_LAST;;1;1;XEUR;10804524;688;
22.11.2024;08:39:25.936;FGBL SI 20241206 PS;SIMPLE_INSTRUMENT;EFS;EUR;13;132.87000000;173;EXCHANGE_LAST;;1;1;XEUR;10804524;688;
22.11.2024;08:43:13.808;FGBL SI 20241206 PS;SIMPLE_INSTRUMENT;EFS;EUR;14;132.92000000;459;EXCHANGE_LAST;;1;1;XEUR;10804524;688;
22.11.2024;08:44:45.850;FGBL SI 20241206 PS;SIMPLE_INSTRUMENT;BLOCK;EUR;15;133.04000000;3000;EXCHANGE_LAST;;1;1;XEUR;10804524;688;
22.11.2024;08:49:25.917;FGBL SI 20241206 PS;SIMPLE_INSTRUMENT;EFS;EUR;16;132.99000000;434;EXCHANGE_LAST;;1;1;XEUR;10804524;688;
22.11.2024;08:57:56.262;FGBL SI 20241206 PS;SIMPLE_INSTRUMENT;EFS;EUR;17;133.05000000;433;EXCHANGE_LAST;;1;1;XEUR;10804524;688;
22.11.2024;09:02:38.281;FGBL SI 20241206 PS;SIMPLE_INSTRUMENT;EFS;EUR;18;133.08000000;264;EXCHANGE_LAST;;1;1;XEUR;10804524;688;
22.11.2024;09:04:00.440;FGBL SI 20241206 PS;SIMPLE_INSTRUMENT;EFS;EUR;19;133.04000000;729;EXCHANGE_LAST;;1;1;XEUR;10804524;688;
22.11.2024;09:04:46.517;FGBL SI 20241206 PS;SIMPLE_INSTRUMENT;EFS;EUR;20;133.04000000;217;EXCHANGE_LAST;;1;1;XEUR;10804524;688;
22.11.2024;09:05:27.346;FGBL SI 20241206 PS;SIMPLE_INSTRUMENT;EFS;EUR;21;133.04000000;217;EXCHANGE_LAST;;1;1;XEUR;10804524;688;
22.11.2024;09:05:56.571;FGBL SI 20241206 PS;SIMPLE_INSTRUMENT;EFS;EUR;22;133.04000000;217;EXCHANGE_LAST;;1;1;XEUR;10804524;688;
22.11.2024;09:06:26.595;FGBL SI 20241206 PS;SIMPLE_INSTRUMENT;EFS;EUR;23;133.04000000;433;EXCHANGE_LAST;;1;1;XEUR;10804524;688;
22.11.2024;09:23:11.997;FGBL SI 20241206 PS;SIMPLE_INSTRUMENT;EFP_FIN;EUR;24;133.09000000;478;EXCHANGE_LAST;;1;1;XEUR;10804524;688;
22.11.2024;09:32:04.596;FGBL SI 20241206 PS;SIMPLE_INSTRUMENT;EFS;EUR;25;133.12000000;264;EXCHANGE_LAST;;1;1;XEUR;10804524;688;
22.11.2024;09:32:14.604;FGBL SI 20241206 PS;SIMPLE_INSTRUMENT;EFS;EUR;26;133.12000000;528;EXCHANGE_LAST;;1;1;XEUR;10804524;688;
22.11.2024;09:32:24.613;FGBL SI 20241206 PS;SIMPLE_INSTRUMENT;EFS;EUR;27;133.12000000;528;EXCHANGE_LAST;;1;1;XEUR;10804524;688;
22.11.2024;09:32:29.621;FGBL SI 20241206 PS;SIMPLE_INSTRUMENT;EFS;EUR;28;133.12000000;528;EXCHANGE_LAST;;1;1;XEUR;10804524;688;
22.11.2024;09:32:49.638;FGBL SI 20241206 PS;SIMPLE_INSTRUMENT;EFS;EUR;29;133.15000000;528;EXCHANGE_LAST;;1;1;XEUR;10804524;688;
22.11.2024;09:35:50.400;FGBL SI 20241206 PS;SIMPLE_INSTRUMENT;EFS;EUR;30;133.23000000;89;EXCHANGE_LAST;;1;1;XEUR;10804524;688;
22.11.2024;09:38:22.244;FGBL SI 20241206 PS;SIMPLE_INSTRUMENT;EFS;EUR;31;133.21000000;432;EXCHANGE_LAST;;1;1;XEUR;10804524;688;
22.11.2024;09:38:55.503;FGBL SI 20241206 PS;SIMPLE_INSTRUMENT;EFS;EUR;32;133.22000000;216;EXCHANGE_LAST;;1;1;XEUR;10804524;688;
22.11.2024;09:48:13.689;FGBL SI 20241206 PS;SIMPLE_INSTRUMENT;EFS;EUR;33;133.22000000;433;EXCHANGE_LAST;;1;1;XEUR;10804524;688;
22.11.2024;09:52:52.098;FGBL SI 20241206 PS;SIMPLE_INSTRUMENT;EFP_FIN;EUR;34;133.18000000;775;EXCHANGE_LAST;;1;1;XEUR;10804524;688;
22.11.2024;09:51:26.857;FGBL SI 20241206 PS;SIMPLE_INSTRUMENT;EFS;EUR;35;133.20000000;433;EXCHANGE_LAST;;1;1;XEUR;10804524;688;
22.11.2024;09:52:31.408;FGBL SI 20241206 PS;SIMPLE_INSTRUMENT;EFS;EUR;36;133.14000000;217;EXCHANGE_LAST;;1;1;XEUR;10804524;688;
22.11.2024;09:54:14.417;FGBL SI 20241206 PS;SIMPLE_INSTRUMENT;EFS;EUR;38;133.19000000;2660;EXCHANGE_LAST;;1;1;XEUR;10804524;688;
22.11.2024;09:54:31.488;FGBL SI 20241206 PS;SIMPLE_INSTRUMENT;EFS;EUR;39;133.19000000;433;EXCHANGE_LAST;;1;1;XEUR;10804524;688;
22.11.2024;09:56:28.662;FGBL SI 20241206 PS;SIMPLE_INSTRUMENT;EFS;EUR;40;133.19000000;217;EXCHANGE_LAST;;1;1;XEUR;10804524;688;
22.11.2024;09:58:43.791;FGBL SI 20241206 PS;SIMPLE_INSTRUMENT;EFS;EUR;41;133.19000000;434;EXCHANGE_LAST;;1;1;XEUR;10804524;688;
22.11.2024;10:01:41.794;FGBL SI 20241206 PS;SIMPLE_INSTRUMENT;EFS;EUR;42;133.27000000;433;EXCHANGE_LAST;;1;1;XEUR;10804524;688;
22.11.2024;10:05:57.513;FGBL SI 20241206 PS;SIMPLE_INSTRUMENT;EFS;EUR;43;133.19000000;1865;EXCHANGE_LAST;;1;1;XEUR;10804524;688;
22.11.2024;10:08:38.084;FGBL SI 20241206 PS;SIMPLE_INSTRUMENT;EFS;EUR;44;133.26000000;216;EXCHANGE_LAST;;1;1;XEUR;10804524;688;
22.11.2024;10:11:20.006;FGBL SI 20241206 PS;SIMPLE_INSTRUMENT;EFP_FIN;EUR;45;133.21000000;729;EXCHANGE_LAST;;1;1;XEUR;10804524;688;
22.11.2024;10:12:34.353;FGBL SI 20241206 PS;SIMPLE_INSTRUMENT;EFS;EUR;46;133.09000000;729;EXCHANGE_LAST;;1;1;XEUR;10804524;688;
22.11.2024;10:14:59.175;FGBL SI 20241206 PS;SIMPLE_INSTRUMENT;EFS;EUR;47;133.27000000;1456;EXCHANGE_LAST;;1;1;XEUR;10804524;688;
22.11.2024;10:15:08.141;FGBL SI 20241206 PS;SIMPLE_INSTRUMENT;EFP_FIN;EUR;48;133.19000000;193;EXCHANGE_LAST;;1;1;XEUR;10804524;688;
22.11.2024;10:22:30.471;FGBL SI 20241206 PS;SIMPLE_INSTRUMENT;EFP_FIN;EUR;49;133.18000000;373;EXCHANGE_LAST;;1;1;XEUR;10804524;688;
22.11.2024;10:30:14.235;FGBL SI 20241206 PS;SIMPLE_INSTRUMENT;EFS;EUR;50;133.22000000;121;EXCHANGE_LAST;;1;1;XEUR;10804524;688;
22.11.2024;10:36:29.511;FGBL SI 20241206 PS;SIMPLE_INSTRUMENT;EFP_FIN;EUR;51;133.13000000;775;EXCHANGE_LAST;;1;1;XEUR;10804524;688;
22.11.2024;10:40:37.327;FGBL SI 20241206 PS;SIMPLE_INSTRUMENT;EFS;EUR;52;133.11000000;433;EXCHANGE_LAST;;1;1;XEUR;10804524;688;
22.11.2024;10:42:16.622;FGBL SI 20241206 PS;SIMPLE_INSTRUMENT;EFS;EUR;53;133.06000000;233;EXCHANGE_LAST;;1;1;XEUR;10804524;688;
22.11.2024;10:51:38.804;FGBL SI 20241206 PS;SIMPLE_INSTRUMENT;EFS;EUR;54;133.11000000;433;EXCHANGE_LAST;;1;1;XEUR;10804524;688;
22.11.2024;10:52:34.180;FGBL SI 20241206 PS;SIMPLE_INSTRUMENT;EFS;EUR;55;133.10000000;798;EXCHANGE_LAST;;1;1;XEUR;10804524;688;
22.11.2024;11:01:44.218;FGBL SI 20241206 PS;SIMPLE_INSTRUMENT;EFS;EUR;56;133.03000000;217;EXCHANGE_LAST;;1;1;XEUR;10804524;688;
22.11.2024;11:02:04.233;FGBL SI 20241206 PS;SIMPLE_INSTRUMENT;EFS;EUR;57;133.03000000;217;EXCHANGE_LAST;;1;1;XEUR;10804524;688;
22.11.2024;11:04:19.454;FGBL SI 20241206 PS;SIMPLE_INSTRUMENT;EFP_FIN;EUR;58;133.11000000;99;EXCHANGE_LAST;;1;1;XEUR;10804524;688;
22.11.2024;11:11:42.484;FGBL SI 20241206 PS;SIMPLE_INSTRUMENT;EFS;EUR;59;133.05000000;216;EXCHANGE_LAST;;1;1;XEUR;10804524;688;
22.11.2024;11:12:16.582;FGBL SI 20241206 PS;SIMPLE_INSTRUMENT;EFS;EUR;60;133.05000000;216;EXCHANGE_LAST;;1;1;XEUR;10804524;688;
22.11.2024;11:16:01.864;FGBL SI 20241206 PS;SIMPLE_INSTRUMENT;EFP_FIN;EUR;61;133.15000000;774;EXCHANGE_LAST;;1;1;XEUR;10804524;688;
22.11.2024;11:20:14.009;FGBL SI 20241206 PS;SIMPLE_INSTRUMENT;EFS;EUR;62;133.09000000;216;EXCHANGE_LAST;;1;1;XEUR;10804524;688;
22.11.2024;11:18:19.676;FGBL SI 20241206 PS;SIMPLE_INSTRUMENT;EFS;EUR;63;133.09000000;700;EXCHANGE_LAST;;1;1;XEUR;10804524;688;
22.11.2024;11:18:23.487;FGBL SI 20241206 PS;SIMPLE_INSTRUMENT;EFS;EUR;64;133.09000000;433;EXCHANGE_LAST;;1;1;XEUR;10804524;688;
22.11.2024;11:20:24.616;FGBL SI 20241206 PS;SIMPLE_INSTRUMENT;EFP_FIN;EUR;65;133.07000000;357;EXCHANGE_LAST;;1;1;XEUR;10804524;688;
22.11.2024;11:22:17.983;FGBL SI 20241206 PS;SIMPLE_INSTRUMENT;EFS;EUR;66;133.09000000;486;EXCHANGE_LAST;;1;1;XEUR;10804524;688;
22.11.2024;11:24:29.045;FGBL SI 20241206 PS;SIMPLE_INSTRUMENT;EFS;EUR;67;133.12000000;230;EXCHANGE_LAST;;1;1;XEUR;10804524;688;
22.11.2024;11:24:34.211;FGBL SI 20241206 PS;SIMPLE_INSTRUMENT;EFP_FIN;EUR;68;133.05000000;1163;EXCHANGE_LAST;;1;1;XEUR;10804524;688;
22.11.2024;11:29:57.786;FGBL SI 20241206 PS;SIMPLE_INSTRUMENT;EFS;EUR;69;133.07000000;200;EXCHANGE_LAST;;1;1;XEUR;10804524;688;
22.11.2024;11:30:29.253;FGBL SI 20241206 PS;SIMPLE_INSTRUMENT;EFS;EUR;70;133.07000000;150;EXCHANGE_LAST;;1;1;XEUR;10804524;688;
22.11.2024;11:45:31.565;FGBL SI 20241206 PS;SIMPLE_INSTRUMENT;EFS;EUR;71;133.10000000;327;EXCHANGE_LAST;;1;1;XEUR;10804524;688;
22.11.2024;11:49:25.803;FGBL SI 20241206 PS;SIMPLE_INSTRUMENT;EFP_FIN;EUR;72;132.36000000;160;EXCHANGE_LAST;;1;1;XEUR;10804524;688;
22.11.2024;11:55:51.281;FGBL SI 20241206 PS;SIMPLE_INSTRUMENT;EFS;EUR;73;133.17000000;486;EXCHANGE_LAST;;1;1;XEUR;10804524;688;
22.11.2024;12:01:09.947;FGBL SI 20241206 PS;SIMPLE_INSTRUMENT;EFP_FIN;EUR;74;133.18000000;821;EXCHANGE_LAST;;1;1;XEUR;10804524;688;
22.11.2024;12:05:22.871;FGBL SI 20241206 PS;SIMPLE_INSTRUMENT;EFP_FIN;EUR;75;133.15000000;484;EXCHANGE_LAST;;1;1;XEUR;10804524;688;
22.11.2024;12:16:18.498;FGBL SI 20241206 PS;SIMPLE_INSTRUMENT;EFS;EUR;76;133.24000000;216;EXCHANGE_LAST;;1;1;XEUR;10804524;688;
22.11.2024;12:18:03.227;FGBL SI 20241206 PS;SIMPLE_INSTRUMENT;EFS;EUR;77;133.25000000;216;EXCHANGE_LAST;;1;1;XEUR;10804524;688;
22.11.2024;12:21:42.825;FGBL SI 20241206 PS;SIMPLE_INSTRUMENT;EFS;EUR;78;133.25000000;216;EXCHANGE_LAST;;1;1;XEUR;10804524;688;
22.11.2024;12:23:27.724;FGBL SI 20241206 PS;SIMPLE_INSTRUMENT;EFS;EUR;79;133.26000000;432;EXCHANGE_LAST;;1;1;XEUR;10804524;688;
22.11.2024;12:25:11.476;FGBL SI 20241206 PS;SIMPLE_INSTRUMENT;EFS;EUR;80;133.20000000;217;EXCHANGE_LAST;;1;1;XEUR;10804524;688;
22.11.2024;12:27:20.211;FGBL SI 20241206 PS;SIMPLE_INSTRUMENT;EFS;EUR;81;133.24000000;216;EXCHANGE_LAST;;1;1;XEUR;10804524;688;
22.11.2024;12:27:25.768;FGBL SI 20241206 PS;SIMPLE_INSTRUMENT;EFS;EUR;82;133.22000000;433;EXCHANGE_LAST;;1;1;XEUR;10804524;688;
22.11.2024;12:27:34.069;FGBL SI 20241206 PS;SIMPLE_INSTRUMENT;EFS;EUR;83;133.25000000;252;EXCHANGE_LAST;;1;1;XEUR;10804524;688;
22.11.2024;12:28:22.425;FGBL SI 20241206 PS;SIMPLE_INSTRUMENT;EFS;EUR;84;133.22000000;216;EXCHANGE_LAST;;1;1;XEUR;10804524;688;
22.11.2024;12:28:23.147;FGBL SI 20241206 PS;SIMPLE_INSTRUMENT;EFS;EUR;85;133.21000000;433;EXCHANGE_LAST;;1;1;XEUR;10804524;688;
22.11.2024;12:29:27.579;FGBL SI 20241206 PS;SIMPLE_INSTRUMENT;EFS;EUR;86;133.22000000;216;EXCHANGE_LAST;;1;1;XEUR;10804524;688;
22.11.2024;12:40:41.979;FGBL SI 20241206 PS;SIMPLE_INSTRUMENT;EFS;EUR;87;133.19000000;971;EXCHANGE_LAST;;1;1;XEUR;10804524;688;
22.11.2024;12:45:55.541;FGBL SI 20241206 PS;SIMPLE_INSTRUMENT;EFS;EUR;88;133.24000000;2000;EXCHANGE_LAST;;1;1;XEUR;10804524;688;
22.11.2024;12:50:36.873;FGBL SI 20241206 PS;SIMPLE_INSTRUMENT;EFP_FIN;EUR;89;133.28000000;387;EXCHANGE_LAST;;1;1;XEUR;10804524;688;
22.11.2024;12:49:52.238;FGBL SI 20241206 PS;SIMPLE_INSTRUMENT;EFP_FIN;EUR;90;133.28000000;160;EXCHANGE_LAST;;1;1;XEUR;10804524;688;
22.11.2024;13:00:17.540;FGBL SI 20241206 PS;SIMPLE_INSTRUMENT;EFS;EUR;91;133.19000000;2000;EXCHANGE_LAST;;1;1;XEUR;10804524;688;
22.11.2024;13:06:13.575;FGBL SI 20241206 PS;SIMPLE_INSTRUMENT;EFP_FIN;EUR;92;133.19000000;1162;EXCHANGE_LAST;;1;1;XEUR;10804524;688;
22.11.2024;13:08:16.299;FGBL SI 20241206 PS;SIMPLE_INSTRUMENT;EFP_FIN;EUR;93;133.19000000;465;EXCHANGE_LAST;;1;1;XEUR;10804524;688;
22.11.2024;13:24:03.618;FGBL SI 20241206 PS;SIMPLE_INSTRUMENT;EFS;EUR;94;133.16000000;93;EXCHANGE_LAST;;1;1;XEUR;10804524;688;
22.11.2024;13:29:03.795;FGBL SI 20241206 PS;SIMPLE_INSTRUMENT;EFP_FIN;EUR;95;133.24000000;123;EXCHANGE_LAST;;1;1;XEUR;10804524;688;
22.11.2024;13:44:03.021;FGBL SI 20241206 PS;SIMPLE_INSTRUMENT;EFP_FIN;EUR;96;133.24000000;82;EXCHANGE_LAST;;1;1;XEUR;10804524;688;
22.11.2024;13:26:47.022;FGBL SI 20241206 PS;SIMPLE_INSTRUMENT;EFS;EUR;97;133.22000000;433;EXCHANGE_LAST;;1;1;XEUR;10804524;688;
22.11.2024;13:28:47.971;FGBL SI 20241206 PS;SIMPLE_INSTRUMENT;EFP_FIN;EUR;98;133.13000000;465;EXCHANGE_LAST;;1;1;XEUR;10804524;688;
22.11.2024;13:35:17.902;FGBL SI 20241206 PS;SIMPLE_INSTRUMENT;EFP_FIN;EUR;99;133.20000000;77;EXCHANGE_LAST;;1;1;XEUR;10804524;688;
22.11.2024;13:43:11.839;FGBL SI 20241206 PS;SIMPLE_INSTRUMENT;EFS;EUR;100;133.17000000;486;EXCHANGE_LAST;;1;1;XEUR;10804524;688;
22.11.2024;13:43:13.672;FGBL SI 20241206 PS;SIMPLE_INSTRUMENT;EFS;EUR;101;133.22000000;250;EXCHANGE_LAST;;1;1;XEUR;10804524;688;
22.11.2024;13:45:56.011;FGBL SI 20241206 PS;SIMPLE_INSTRUMENT;EFP_FIN;EUR;102;133.22000000;164;EXCHANGE_LAST;;1;1;XEUR;10804524;688;
22.11.2024;13:48:28.672;FGBL SI 20241206 PS;SIMPLE_INSTRUMENT;EFS;EUR;103;133.11000000;433;EXCHANGE_LAST;;1;1;XEUR;10804524;688;
22.11.2024;13:49:01.914;FGBL SI 20241206 PS;SIMPLE_INSTRUMENT;EFS;EUR;104;133.11000000;433;EXCHANGE_LAST;;1;1;XEUR;10804524;688;
22.11.2024;13:51:13.989;FGBL SI 20241206 PS;SIMPLE_INSTRUMENT;EFS;EUR;105;133.13000000;216;EXCHANGE_LAST;;1;1;XEUR;10804524;688;
22.11.2024;13:52:31.792;FGBL SI 20241206 PS;SIMPLE_INSTRUMENT;EFS;EUR;106;133.16000000;865;EXCHANGE_LAST;;1;1;XEUR;10804524;688;
22.11.2024;13:58:25.719;FGBL SI 20241206 PS;SIMPLE_INSTRUMENT;EFS;EUR;107;133.13000000;97;EXCHANGE_LAST;;1;1;XEUR;10804524;688;
22.11.2024;14:00:00.394;FGBL SI 20241206 PS;SIMPLE_INSTRUMENT;EFS;EUR;108;133.11000000;982;EXCHANGE_LAST;;1;1;XEUR;10804524;688;
22.11.2024;14:07:18.919;FGBL SI 20241206 PS;SIMPLE_INSTRUMENT;EFS;EUR;109;133.15000000;243;EXCHANGE_LAST;;1;1;XEUR;10804524;688;
22.11.2024;14:09:56.578;FGBL SI 20241206 PS;SIMPLE_INSTRUMENT;EFP_FIN;EUR;110;133.13000000;1185;EXCHANGE_LAST;;1;1;XEUR;10804524;688;
22.11.2024;14:10:24.995;FGBL SI 20241206 PS;SIMPLE_INSTRUMENT;EFP_FIN;EUR;111;133.16000000;205;EXCHANGE_LAST;;1;1;XEUR;10804524;688;
22.11.2024;14:11:53.771;FGBL SI 20241206 PS;SIMPLE_INSTRUMENT;EFS;EUR;112;132.94000000;433;EXCHANGE_LAST;;1;1;XEUR;10804524;688;
22.11.2024;14:13:05.098;FGBL SI 20241206 PS;SIMPLE_INSTRUMENT;EFS;EUR;113;132.97000000;433;EXCHANGE_LAST;;1;1;XEUR;10804524;688;
22.11.2024;14:16:06.202;FGBL SI 20241206 PS;SIMPLE_INSTRUMENT;EFS;EUR;114;133.14000000;243;EXCHANGE_LAST;;1;1;XEUR;10804524;688;
22.11.2024;14:18:37.360;FGBL SI 20241206 PS;SIMPLE_INSTRUMENT;EFS;EUR;115;132.96000000;233;EXCHANGE_LAST;;1;1;XEUR;10804524;688;
22.11.2024;14:20:10.872;FGBL SI 20241206 PS;SIMPLE_INSTRUMENT;EFS;EUR;116;132.96000000;433;EXCHANGE_LAST;;1;1;XEUR;10804524;688;
22.11.2024;14:20:37.878;FGBL SI 20241206 PS;SIMPLE_INSTRUMENT;EFS;EUR;117;132.98000000;93;EXCHANGE_LAST;;1;1;XEUR;10804524;688;
22.11.2024;14:21:35.856;FGBL SI 20241206 PS;SIMPLE_INSTRUMENT;EFS;EUR;118;133.01000000;700;EXCHANGE_LAST;;1;1;XEUR;10804524;688;
22.11.2024;14:26:48.541;FGBL SI 20241206 PS;SIMPLE_INSTRUMENT;EFS;EUR;119;132.98000000;147;EXCHANGE_LAST;;1;1;XEUR;10804524;688;
22.11.2024;14:40:09.701;FGBL SI 20241206 PS;SIMPLE_INSTRUMENT;EFS;EUR;120;133.00000000;433;EXCHANGE_LAST;;1;1;XEUR;10804524;688;
22.11.2024;14:43:36.326;FGBL SI 20241206 PS;SIMPLE_INSTRUMENT;EFS;EUR;121;133.01000000;487;EXCHANGE_LAST;;1;1;XEUR;10804524;688;
22.11.2024;14:49:24.004;FGBL SI 20241206 PS;SIMPLE_INSTRUMENT;EFS;EUR;122;133.01000000;433;EXCHANGE_LAST;;1;1;XEUR;10804524;688;
22.11.2024;14:50:59.918;FGBL SI 20241206 PS;SIMPLE_INSTRUMENT;EFS;EUR;123;132.89000000;467;EXCHANGE_LAST;;1;1;XEUR;10804524;688;
22.11.2024;14:55:51.052;FGBL SI 20241206 PS;SIMPLE_INSTRUMENT;EFS;EUR;124;133.04000000;634;EXCHANGE_LAST;;1;1;XEUR;10804524;688;
22.11.2024;14:59:15.631;FGBL SI 20241206 PS;SIMPLE_INSTRUMENT;EFS;EUR;125;132.96000000;234;EXCHANGE_LAST;;1;1;XEUR;10804524;688;
22.11.2024;15:08:11.199;FGBL SI 20241206 PS;SIMPLE_INSTRUMENT;EFS;EUR;126;133.06000000;217;EXCHANGE_LAST;;1;1;XEUR;10804524;688;
22.11.2024;15:14:52.313;FGBL SI 20241206 PS;SIMPLE_INSTRUMENT;EFS;EUR;127;132.95000000;217;EXCHANGE_LAST;;1;1;XEUR;10804524;688;
22.11.2024;15:18:27.601;FGBL SI 20241206 PS;SIMPLE_INSTRUMENT;EFS;EUR;128;132.99000000;433;EXCHANGE_LAST;;1;1;XEUR;10804524;688;
22.11.2024;15:24:21.983;FGBL SI 20241206 PS;SIMPLE_INSTRUMENT;EFS;EUR;129;133.05000000;2432;EXCHANGE_LAST;;1;1;XEUR;10804524;688;
22.11.2024;15:29:03.980;FGBL SI 20241206 PS;SIMPLE_INSTRUMENT;EFS;EUR;130;132.94000000;433;EXCHANGE_LAST;;1;1;XEUR;10804524;688;
22.11.2024;15:29:58.002;FGBL SI 20241206 PS;SIMPLE_INSTRUMENT;EFS;EUR;131;132.95000000;1000;EXCHANGE_LAST;;1;1;XEUR;10804524;688;
22.11.2024;15:31:42.582;FGBL SI 20241206 PS;SIMPLE_INSTRUMENT;EFS;EUR;132;132.94000000;433;EXCHANGE_LAST;;1;1;XEUR;10804524;688;
22.11.2024;15:31:32.976;FGBL SI 20241206 PS;SIMPLE_INSTRUMENT;EFS;EUR;133;132.98000000;466;EXCHANGE_LAST;;1;1;XEUR;10804524;688;
22.11.2024;15:35:15.102;FGBL SI 20241206 PS;SIMPLE_INSTRUMENT;EFS;EUR;134;132.94000000;467;EXCHANGE_LAST;;1;1;XEUR;10804524;688;
22.11.2024;15:41:24.770;FGBL SI 20241206 PS;SIMPLE_INSTRUMENT;EFS;EUR;135;132.95000000;973;EXCHANGE_LAST;;1;1;XEUR;10804524;688;
22.11.2024;15:41:26.246;FGBL SI 20241206 PS;SIMPLE_INSTRUMENT;EFS;EUR;136;132.88000000;374;EXCHANGE_LAST;;1;1;XEUR;10804524;688;
22.11.2024;15:42:50.392;FGBL SI 20241206 PS;SIMPLE_INSTRUMENT;EFP_FIN;EUR;137;133.00000000;923;EXCHANGE_LAST;;1;1;XEUR;10804524;688;
22.11.2024;15:47:25.010;FGBL SI 20241206 PS;SIMPLE_INSTRUMENT;EFS;EUR;138;132.86000000;260;EXCHANGE_LAST;;1;1;XEUR;10804524;688;
22.11.2024;15:49:12.135;FGBL SI 20241206 PS;SIMPLE_INSTRUMENT;EFS;EUR;139;132.87000000;304;EXCHANGE_LAST;;1;1;XEUR;10804524;688;
22.11.2024;15:54:17.408;FGBL SI 20241206 PS;SIMPLE_INSTRUMENT;EFS;EUR;140;132.90000000;217;EXCHANGE_LAST;;1;1;XEUR;10804524;688;
22.11.2024;15:57:12.804;FGBL SI 20241206 PS;SIMPLE_INSTRUMENT;EFS;EUR;141;132.91000000;130;EXCHANGE_LAST;;1;1;XEUR;10804524;688;
22.11.2024;15:58:18.984;FGBL SI 20241206 PS;SIMPLE_INSTRUMENT;EFS;EUR;142;132.91000000;130;EXCHANGE_LAST;;1;1;XEUR;10804524;688;
22.11.2024;16:00:47.555;FGBL SI 20241206 PS;SIMPLE_INSTRUMENT;EFS;EUR;143;132.91000000;1056;EXCHANGE_LAST;;1;1;XEUR;10804524;688;
22.11.2024;16:04:05.105;FGBL SI 20241206 PS;SIMPLE_INSTRUMENT;EFS;EUR;144;132.90000000;100;EXCHANGE_LAST;;1;1;XEUR;10804524;688;
22.11.2024;16:04:21.107;FGBL SI 20241206 PS;SIMPLE_INSTRUMENT;EFS;EUR;145;132.90000000;200;EXCHANGE_LAST;;1;1;XEUR;10804524;688;
22.11.2024;16:04:33.727;FGBL SI 20241206 PS;SIMPLE_INSTRUMENT;EFS;EUR;146;132.99000000;528;EXCHANGE_LAST;;1;1;XEUR;10804524;688;
22.11.2024;16:08:38.122;FGBL SI 20241206 PS;SIMPLE_INSTRUMENT;EFS;EUR;147;132.94000000;234;EXCHANGE_LAST;;1;1;XEUR;10804524;688;
22.11.2024;16:14:34.826;FGBL SI 20241206 PS;SIMPLE_INSTRUMENT;EFS;EUR;148;133.02000000;433;EXCHANGE_LAST;;1;1;XEUR;10804524;688;
22.11.2024;16:15:05.875;FGBL SI 20241206 PS;SIMPLE_INSTRUMENT;EFS;EUR;149;132.93000000;411;EXCHANGE_LAST;;1;1;XEUR;10804524;688;
22.11.2024;16:19:42.487;FGBL SI 20241206 PS;SIMPLE_INSTRUMENT;EFS;EUR;150;133.07000000;173;EXCHANGE_LAST;;1;1;XEUR;10804524;688;
22.11.2024;16:19:47.590;FGBL SI 20241206 PS;SIMPLE_INSTRUMENT;EFS;EUR;151;133.00000000;973;EXCHANGE_LAST;;1;1;XEUR;10804524;688;
22.11.2024;16:26:20.179;FGBL SI 20241206 PS;SIMPLE_INSTRUMENT;EFS;EUR;152;133.10000000;182;EXCHANGE_LAST;;1;1;XEUR;10804524;688;
22.11.2024;16:26:29.180;FGBL SI 20241206 PS;SIMPLE_INSTRUMENT;EFS;EUR;153;133.10000000;182;EXCHANGE_LAST;;1;1;XEUR;10804524;688;
22.11.2024;16:27:52.583;FGBL SI 20241206 PS;SIMPLE_INSTRUMENT;EFS;EUR;154;133.12000000;292;EXCHANGE_LAST;;1;1;XEUR;10804524;688;
22.11.2024;16:30:16.893;FGBL SI 20241206 PS;SIMPLE_INSTRUMENT;EFS;EUR;155;133.13000000;216;EXCHANGE_LAST;;1;1;XEUR;10804524;688;
22.11.2024;16:32:42.224;FGBL SI 20241206 PS;SIMPLE_INSTRUMENT;EFS;EUR;156;132.94000000;467;EXCHANGE_LAST;;1;1;XEUR;10804524;688;
22.11.2024;16:35:53.290;FGBL SI 20241206 PS;SIMPLE_INSTRUMENT;EFS;EUR;157;133.13000000;243;EXCHANGE_LAST;;1;1;XEUR;10804524;688;
22.11.2024;16:37:09.544;FGBL SI 20241206 PS;SIMPLE_INSTRUMENT;EFS;EUR;158;133.13000000;300;EXCHANGE_LAST;;1;1;XEUR;10804524;688;
22.11.2024;16:46:16.379;FGBL SI 20241206 PS;SIMPLE_INSTRUMENT;EFP_FIN;EUR;159;133.16000000;1089;EXCHANGE_LAST;;1;1;XEUR;10804524;688;
22.11.2024;16:46:24.992;FGBL SI 20241206 PS;SIMPLE_INSTRUMENT;EFS;EUR;160;133.17000000;234;EXCHANGE_LAST;;1;1;XEUR;10804524;688;
22.11.2024;16:47:28.290;FGBL SI 20241206 PS;SIMPLE_INSTRUMENT;EFS;EUR;161;133.13000000;1300;EXCHANGE_LAST;;1;1;XEUR;10804524;688;
22.11.2024;16:48:31.650;FGBL SI 20241206 PS;SIMPLE_INSTRUMENT;EFS;EUR;162;133.19000000;433;EXCHANGE_LAST;;1;1;XEUR;10804524;688;
22.11.2024;16:50:31.746;FGBL SI 20241206 PS;SIMPLE_INSTRUMENT;EFS;EUR;163;133.24000000;433;EXCHANGE_LAST;;1;1;XEUR;10804524;688;
22.11.2024;17:12:40.628;FGBL SI 20241206 PS;SIMPLE_INSTRUMENT;EFS;EUR;164;133.27000000;467;EXCHANGE_LAST;;1;1;XEUR;10804524;688;
22.11.2024;17:14:16.769;FGBL SI 20241206 PS;SIMPLE_INSTRUMENT;EFS;EUR;165;133.23000000;433;EXCHANGE_LAST;;1;1;XEUR;10804524;688;
22.11.2024;17:15:44.742;FGBL SI 20241206 PS;SIMPLE_INSTRUMENT;EFS;EUR;166;133.22000000;649;EXCHANGE_LAST;;1;1;XEUR;10804524;688;
22.11.2024;08:50:15.309;FGBL SI 20241206 PS;SIMPLE_INSTRUMENT;VOLA;EUR;268435481;132.95000000;70;EXCHANGE_LAST;;1;1;XEUR;10804524;688;
22.11.2024;08:51:14.064;FGBL SI 20241206 PS;SIMPLE_INSTRUMENT;VOLA;EUR;268435482;132.95000000;30;EXCHANGE_LAST;;1;1;XEUR;10804524;688;
22.11.2024;08:53:59.558;FGBL SI 20241206 PS;SIMPLE_INSTRUMENT;VOLA;EUR;268435485;132.69000000;70;EXCHANGE_LAST;;1;1;XEUR;10804524;688;
22.11.2024;08:54:45.854;FGBL SI 20241206 PS;SIMPLE_INSTRUMENT;VOLA;EUR;268435486;132.69000000;30;EXCHANGE_LAST;;1;1;XEUR;10804524;688;
22.11.2024;10:20:02.731;FGBL SI 20250306 PS;SIMPLE_INSTRUMENT;VOLA;EUR;268435507;134.66000000;80;EXCHANGE_LAST;;1;1;XEUR;11286679;688;
22.11.2024;10:37:23.644;FGBL SI 20241206 PS;SIMPLE_INSTRUMENT;VOLA;EUR;268435526;133.00000000;750;EXCHANGE_LAST;;1;1;XEUR;10804524;688;
22.11.2024;11:05:43.840;FGBL SI 20241206 PS;SIMPLE_INSTRUMENT;VOLA;EUR;268435533;133.07000000;250;EXCHANGE_LAST;;1;1;XEUR;10804524;688;
22.11.2024;11:06:19.844;FGBL SI 20241206 PS;SIMPLE_INSTRUMENT;VOLA;EUR;268435534;133.07000000;250;EXCHANGE_LAST;;1;1;XEUR;10804524;688;
22.11.2024;11:37:03.453;FGBL SI 20250306 PS;SIMPLE_INSTRUMENT;VOLA;EUR;268435539;134.62000000;32;EXCHANGE_LAST;;1;1;XEUR;11286679;688;
22.11.2024;11:37:45.467;FGBL SI 20250306 PS;SIMPLE_INSTRUMENT;VOLA;EUR;268435541;134.62000000;33;EXCHANGE_LAST;;1;1;XEUR;11286679;688;
22.11.2024;11:42:22.927;FGBL SI 20241206 PS;SIMPLE_INSTRUMENT;VOLA;EUR;268435544;133.28000000;135;EXCHANGE_LAST;;1;1;XEUR;10804524;688;
22.11.2024;14:59:36.436;FGBL SI 20241206 PS;SIMPLE_INSTRUMENT;VOLA;EUR;268435603;133.00000000;250;EXCHANGE_LAST;;1;1;XEUR;10804524;688;
22.11.2024;15:00:54.291;FGBL SI 20241206 PS;SIMPLE_INSTRUMENT;VOLA;EUR;268435604;133.00000000;250;EXCHANGE_LAST;;1;1;XEUR;10804524;688;
22.11.2024;15:02:02.503;FGBL SI 20241206 PS;SIMPLE_INSTRUMENT;VOLA;EUR;268435607;133.00000000;250;EXCHANGE_LAST;;1;1;XEUR;10804524;688;
22.11.2024;15:03:08.567;FGBL SI 20241206 PS;SIMPLE_INSTRUMENT;VOLA;EUR;268435608;133.00000000;250;EXCHANGE_LAST;;1;1;XEUR;10804524;688;
22.11.2024;15:20:03.928;FGBL SI 20250306 PS;SIMPLE_INSTRUMENT;VOLA;EUR;268435614;134.42000000;75;EXCHANGE_LAST;;1;1;XEUR;11286679;688;
22.11.2024;08:17:23.631;FGBM SI 20241206 PS;SIMPLE_INSTRUMENT;EFS;EUR;1;118.60000000;435;EXCHANGE_LAST;;1;1;XEUR;10804525;689;
22.11.2024;08:21:00.572;FGBM SI 20241206 PS;SIMPLE_INSTRUMENT;EFS;EUR;2;118.58000000;435;EXCHANGE_LAST;;1;1;XEUR;10804525;689;
22.11.2024;08:24:10.204;FGBM SI 20241206 PS;SIMPLE_INSTRUMENT;EFS;EUR;3;118.60000000;1862;EXCHANGE_LAST;;1;1;XEUR;10804525;689;
22.11.2024;08:41:23.729;FGBM SI 20241206 PS;SIMPLE_INSTRUMENT;EFS;EUR;4;119.02000000;867;EXCHANGE_LAST;;1;1;XEUR;10804525;689;
22.11.2024;08:52:16.032;FGBM SI 20241206 PS;SIMPLE_INSTRUMENT;EFS;EUR;5;119.07000000;868;EXCHANGE_LAST;;1;1;XEUR;10804525;689;
22.11.2024;08:59:11.321;FGBM SI 20241206 PS;SIMPLE_INSTRUMENT;EFS;EUR;6;119.10000000;434;EXCHANGE_LAST;;1;1;XEUR;10804525;689;
22.11.2024;09:05:46.562;FGBM SI 20241206 PS;SIMPLE_INSTRUMENT;EFS;EUR;7;119.14000000;434;EXCHANGE_LAST;;1;1;XEUR;10804525;689;
22.11.2024;09:05:47.564;FGBM SI 20241206 PS;SIMPLE_INSTRUMENT;EFS;EUR;8;119.10000000;868;EXCHANGE_LAST;;1;1;XEUR;10804525;689;
22.11.2024;09:07:42.784;FGBM SI 20241206 PS;SIMPLE_INSTRUMENT;EFP_FIN;EUR;9;119.09000000;894;EXCHANGE_LAST;;1;1;XEUR;10804525;689;
22.11.2024;09:08:51.699;FGBM SI 20241206 PS;SIMPLE_INSTRUMENT;EFS;EUR;10;119.12000000;868;EXCHANGE_LAST;;1;1;XEUR;10804525;689;
22.11.2024;09:19:42.320;FGBM SI 20241206 PS;SIMPLE_INSTRUMENT;EFP_FIN;EUR;11;119.23000000;736;EXCHANGE_LAST;;1;1;XEUR;10804525;689;
22.11.2024;09:21:03.804;FGBM SI 20241206 PS;SIMPLE_INSTRUMENT;EFP_FIN;EUR;12;119.18000000;448;EXCHANGE_LAST;;1;1;XEUR;10804525;689;
22.11.2024;09:25:08.330;FGBM SI 20241206 PS;SIMPLE_INSTRUMENT;EFS;EUR;13;119.10000000;556;EXCHANGE_LAST;;1;1;XEUR;10804525;689;
22.11.2024;09:49:06.334;FGBM SI 20241206 PS;SIMPLE_INSTRUMENT;EFP_FIN;EUR;14;119.15000000;127;EXCHANGE_LAST;;1;1;XEUR;10804525;689;
22.11.2024;09:55:49.609;FGBM SI 20241206 PS;SIMPLE_INSTRUMENT;EFP_FIN;EUR;15;119.13000000;214;EXCHANGE_LAST;;1;1;XEUR;10804525;689;
22.11.2024;09:47:11.100;FGBM SI 20241206 PS;SIMPLE_INSTRUMENT;EFP_FIN;EUR;16;119.13000000;214;EXCHANGE_LAST;;1;1;XEUR;10804525;689;
22.11.2024;09:48:11.047;FGBM SI 20241206 PS;SIMPLE_INSTRUMENT;EFS;EUR;17;119.13000000;231;EXCHANGE_LAST;;1;1;XEUR;10804525;689;
22.11.2024;10:03:54.223;FGBM SI 20241206 PS;SIMPLE_INSTRUMENT;EFP_FIN;EUR;18;119.12000000;134;EXCHANGE_LAST;;1;1;XEUR;10804525;689;
22.11.2024;10:09:59.535;FGBM SI 20241206 PS;SIMPLE_INSTRUMENT;EFS;EUR;19;119.18000000;926;EXCHANGE_LAST;;1;1;XEUR;10804525;689;
22.11.2024;10:14:04.619;FGBM SI 20241206 PS;SIMPLE_INSTRUMENT;EFP_FIN;EUR;20;119.16000000;86;EXCHANGE_LAST;;1;1;XEUR;10804525;689;
22.11.2024;10:23:18.504;FGBM SI 20241206 PS;SIMPLE_INSTRUMENT;EFP_FIN;EUR;21;119.21000000;2141;EXCHANGE_LAST;;1;1;XEUR;10804525;689;
22.11.2024;10:38:07.816;FGBM SI 20241206 PS;SIMPLE_INSTRUMENT;EFS;EUR;22;119.16000000;370;EXCHANGE_LAST;;1;1;XEUR;10804525;689;
22.11.2024;10:39:17.280;FGBM SI 20241206 PS;SIMPLE_INSTRUMENT;EFS;EUR;23;119.13000000;1302;EXCHANGE_LAST;;1;1;XEUR;10804525;689;
22.11.2024;10:43:12.428;FGBM SI 20241206 PS;SIMPLE_INSTRUMENT;EFS;EUR;24;119.11000000;868;EXCHANGE_LAST;;1;1;XEUR;10804525;689;
22.11.2024;10:44:19.042;FGBM SI 20241206 PS;SIMPLE_INSTRUMENT;EFS;EUR;25;119.16000000;433;EXCHANGE_LAST;;1;1;XEUR;10804525;689;
22.11.2024;10:44:22.474;FGBM SI 20241206 PS;SIMPLE_INSTRUMENT;EFS;EUR;26;119.12000000;1735;EXCHANGE_LAST;;1;1;XEUR;10804525;689;
22.11.2024;10:44:58.930;FGBM SI 20241206 PS;SIMPLE_INSTRUMENT;EFS;EUR;27;119.12000000;250;EXCHANGE_LAST;;1;1;XEUR;10804525;689;
22.11.2024;10:44:52.497;FGBM SI 20241206 PS;SIMPLE_INSTRUMENT;EFS;EUR;28;119.12000000;868;EXCHANGE_LAST;;1;1;XEUR;10804525;689;
22.11.2024;10:45:02.507;FGBM SI 20241206 PS;SIMPLE_INSTRUMENT;EFS;EUR;29;119.13000000;434;EXCHANGE_LAST;;1;1;XEUR;10804525;689;
22.11.2024;10:47:33.621;FGBM SI 20241206 PS;SIMPLE_INSTRUMENT;EFS;EUR;30;119.11000000;868;EXCHANGE_LAST;;1;1;XEUR;10804525;689;
22.11.2024;10:47:33.666;FGBM SI 20241206 PS;SIMPLE_INSTRUMENT;EFS;EUR;31;119.13000000;434;EXCHANGE_LAST;;1;1;XEUR;10804525;689;
22.11.2024;10:48:23.655;FGBM SI 20241206 PS;SIMPLE_INSTRUMENT;EFS;EUR;32;119.11000000;434;EXCHANGE_LAST;;1;1;XEUR;10804525;689;
22.11.2024;10:48:43.674;FGBM SI 20241206 PS;SIMPLE_INSTRUMENT;EFS;EUR;33;119.14000000;868;EXCHANGE_LAST;;1;1;XEUR;10804525;689;
22.11.2024;10:49:03.689;FGBM SI 20241206 PS;SIMPLE_INSTRUMENT;EFS;EUR;34;119.10000000;868;EXCHANGE_LAST;;1;1;XEUR;10804525;689;
22.11.2024;10:49:08.694;FGBM SI 20241206 PS;SIMPLE_INSTRUMENT;EFS;EUR;35;119.11000000;868;EXCHANGE_LAST;;1;1;XEUR;10804525;689;
22.11.2024;10:49:38.718;FGBM SI 20241206 PS;SIMPLE_INSTRUMENT;EFS;EUR;36;119.11000000;868;EXCHANGE_LAST;;1;1;XEUR;10804525;689;
22.11.2024;10:51:54.969;FGBM SI 20241206 PS;SIMPLE_INSTRUMENT;EFS;EUR;37;119.13000000;250;EXCHANGE_LAST;;1;1;XEUR;10804525;689;
22.11.2024;10:52:02.923;FGBM SI 20241206 PS;SIMPLE_INSTRUMENT;EFP_FIN;EUR;38;119.10000000;200;EXCHANGE_LAST;;1;1;XEUR;10804525;689;
22.11.2024;10:58:26.747;FGBM SI 20241206 PS;SIMPLE_INSTRUMENT;EFP_FIN;EUR;39;119.10000000;341;EXCHANGE_LAST;;1;1;XEUR;10804525;689;
22.11.2024;10:59:43.018;FGBM SI 20241206 PS;SIMPLE_INSTRUMENT;EFP_FIN;EUR;40;119.10000000;62;EXCHANGE_LAST;;1;1;XEUR;10804525;689;
22.11.2024;10:56:30.826;FGBM SI 20241206 PS;SIMPLE_INSTRUMENT;EFS;EUR;41;119.16000000;2535;EXCHANGE_LAST;;1;1;XEUR;10804525;689;
22.11.2024;10:57:37.142;FGBM SI 20241206 PS;SIMPLE_INSTRUMENT;EFS;EUR;43;119.16000000;431;EXCHANGE_LAST;;1;1;XEUR;10804525;689;
22.11.2024;10:59:22.882;FGBM SI 20241206 PS;SIMPLE_INSTRUMENT;EFS;EUR;44;119.16000000;178;EXCHANGE_LAST;;1;1;XEUR;10804525;689;
22.11.2024;11:05:38.685;FGBM SI 20241206 PS;SIMPLE_INSTRUMENT;EFP_FIN;EUR;45;119.11000000;1381;EXCHANGE_LAST;;1;1;XEUR;10804525;689;
22.11.2024;11:06:04.266;FGBM SI 20241206 PS;SIMPLE_INSTRUMENT;EFS;EUR;46;119.14000000;888;EXCHANGE_LAST;;1;1;XEUR;10804525;689;
22.11.2024;11:21:35.233;FGBM SI 20241206 PS;SIMPLE_INSTRUMENT;EFP_FIN;EUR;47;119.10000000;200;EXCHANGE_LAST;;1;1;XEUR;10804525;689;
22.11.2024;11:33:42.477;FGBM SI 20241206 PS;SIMPLE_INSTRUMENT;EFS;EUR;48;119.14000000;867;EXCHANGE_LAST;;1;1;XEUR;10804525;689;
22.11.2024;11:36:12.580;FGBM SI 20241206 PS;SIMPLE_INSTRUMENT;EFS;EUR;49;119.15000000;867;EXCHANGE_LAST;;1;1;XEUR;10804525;689;
22.11.2024;11:48:54.598;FGBM SI 20241206 PS;SIMPLE_INSTRUMENT;EFP_FIN;EUR;50;119.16000000;877;EXCHANGE_LAST;;1;1;XEUR;10804525;689;
22.11.2024;11:48:39.065;FGBM SI 20241206 PS;SIMPLE_INSTRUMENT;EFS;EUR;51;119.17000000;867;EXCHANGE_LAST;;1;1;XEUR;10804525;689;
22.11.2024;12:06:30.767;FGBM SI 20241206 PS;SIMPLE_INSTRUMENT;EFS;EUR;52;119.20000000;867;EXCHANGE_LAST;;1;1;XEUR;10804525;689;
22.11.2024;12:09:10.881;FGBM SI 20241206 PS;SIMPLE_INSTRUMENT;EFS;EUR;53;119.22000000;867;EXCHANGE_LAST;;1;1;XEUR;10804525;689;
22.11.2024;12:19:00.974;FGBM SI 20241206 PS;SIMPLE_INSTRUMENT;EFS;EUR;54;119.13000000;932;EXCHANGE_LAST;;1;1;XEUR;10804525;689;
22.11.2024;12:20:47.244;FGBM SI 20241206 PS;SIMPLE_INSTRUMENT;EFS;EUR;55;119.13000000;463;EXCHANGE_LAST;;1;1;XEUR;10804525;689;
22.11.2024;12:23:23.653;FGBM SI 20241206 PS;SIMPLE_INSTRUMENT;EFP_FIN;EUR;56;119.21000000;128;EXCHANGE_LAST;;1;1;XEUR;10804525;689;
22.11.2024;12:31:48.579;FGBM SI 20241206 PS;SIMPLE_INSTRUMENT;EFP_FIN;EUR;57;119.21000000;594;EXCHANGE_LAST;;1;1;XEUR;10804525;689;
22.11.2024;12:34:52.960;FGBM SI 20241206 PS;SIMPLE_INSTRUMENT;EFS;EUR;58;119.20000000;5069;EXCHANGE_LAST;;1;1;XEUR;10804525;689;
22.11.2024;12:35:01.428;FGBM SI 20241206 PS;SIMPLE_INSTRUMENT;EFP_FIN;EUR;59;119.22000000;420;EXCHANGE_LAST;;1;1;XEUR;10804525;689;
22.11.2024;12:42:30.477;FGBM SI 20241206 PS;SIMPLE_INSTRUMENT;EFP_FIN;EUR;60;119.20000000;499;EXCHANGE_LAST;;1;1;XEUR;10804525;689;
22.11.2024;12:42:48.787;FGBM SI 20241206 PS;SIMPLE_INSTRUMENT;EFP_FIN;EUR;61;119.23000000;956;EXCHANGE_LAST;;1;1;XEUR;10804525;689;
22.11.2024;13:01:37.435;FGBM SI 20241206 PS;SIMPLE_INSTRUMENT;EFP_FIN;EUR;62;119.23000000;1661;EXCHANGE_LAST;;1;1;XEUR;10804525;689;
22.11.2024;13:06:51.292;FGBM SI 20241206 PS;SIMPLE_INSTRUMENT;EFP_FIN;EUR;63;119.23000000;894;EXCHANGE_LAST;;1;1;XEUR;10804525;689;
22.11.2024;13:31:23.455;FGBM SI 20241206 PS;SIMPLE_INSTRUMENT;EFP_FIN;EUR;64;119.17000000;894;EXCHANGE_LAST;;1;1;XEUR;10804525;689;
22.11.2024;13:40:07.546;FGBM SI 20241206 PS;SIMPLE_INSTRUMENT;EFP_FIN;EUR;65;119.20000000;663;EXCHANGE_LAST;;1;1;XEUR;10804525;689;
22.11.2024;13:47:31.549;FGBM SI 20241206 PS;SIMPLE_INSTRUMENT;EFP_FIN;EUR;66;119.17000000;916;EXCHANGE_LAST;;1;1;XEUR;10804525;689;
22.11.2024;14:09:07.710;FGBM SI 20241206 PS;SIMPLE_INSTRUMENT;EFP_FIN;EUR;67;119.16000000;223;EXCHANGE_LAST;;1;1;XEUR;10804525;689;
22.11.2024;14:12:27.800;FGBM SI 20241206 PS;SIMPLE_INSTRUMENT;EFS;EUR;68;119.06000000;444;EXCHANGE_LAST;;1;1;XEUR;10804525;689;
22.11.2024;14:14:32.465;FGBM SI 20241206 PS;SIMPLE_INSTRUMENT;EFS;EUR;69;119.05000000;651;EXCHANGE_LAST;;1;1;XEUR;10804525;689;
22.11.2024;14:23:22.977;FGBM SI 20241206 PS;SIMPLE_INSTRUMENT;EFS;EUR;70;119.07000000;868;EXCHANGE_LAST;;1;1;XEUR;10804525;689;
22.11.2024;14:25:42.715;FGBM SI 20241206 PS;SIMPLE_INSTRUMENT;EFP_FIN;EUR;71;119.05000000;723;EXCHANGE_LAST;;1;1;XEUR;10804525;689;
22.11.2024;14:35:44.481;FGBM SI 20241206 PS;SIMPLE_INSTRUMENT;EFS;EUR;72;119.06000000;868;EXCHANGE_LAST;;1;1;XEUR;10804525;689;
22.11.2024;14:51:49.014;FGBM SI 20241206 PS;SIMPLE_INSTRUMENT;EFS;EUR;73;119.01000000;890;EXCHANGE_LAST;;1;1;XEUR;10804525;689;
22.11.2024;15:48:31.199;FGBM SI 20241206 PS;SIMPLE_INSTRUMENT;EFS;EUR;74;118.99000000;434;EXCHANGE_LAST;;1;1;XEUR;10804525;689;
22.11.2024;15:50:49.966;FGBM SI 20241206 PS;SIMPLE_INSTRUMENT;EFS;EUR;75;119.01000000;434;EXCHANGE_LAST;;1;1;XEUR;10804525;689;
22.11.2024;15:53:41.261;FGBM SI 20241206 PS;SIMPLE_INSTRUMENT;EFS;EUR;76;119.03000000;434;EXCHANGE_LAST;;1;1;XEUR;10804525;689;
22.11.2024;15:54:26.298;FGBM SI 20241206 PS;SIMPLE_INSTRUMENT;EFS;EUR;77;119.03000000;434;EXCHANGE_LAST;;1;1;XEUR;10804525;689;
22.11.2024;15:56:34.427;FGBM SI 20241206 PS;SIMPLE_INSTRUMENT;EFS;EUR;78;119.03000000;433;EXCHANGE_LAST;;1;1;XEUR;10804525;689;
22.11.2024;16:12:42.476;FGBM SI 20241206 PS;SIMPLE_INSTRUMENT;EFP_FIN;EUR;79;119.00000000;774;EXCHANGE_LAST;;1;1;XEUR;10804525;689;
22.11.2024;16:15:23.228;FGBM SI 20241206 PS;SIMPLE_INSTRUMENT;EFS;EUR;80;119.07000000;868;EXCHANGE_LAST;;1;1;XEUR;10804525;689;
22.11.2024;16:19:10.246;FGBM SI 20241206 PS;SIMPLE_INSTRUMENT;EFS;EUR;81;119.06000000;217;EXCHANGE_LAST;;1;1;XEUR;10804525;689;
22.11.2024;16:34:56.144;FGBM SI 20241206 PS;SIMPLE_INSTRUMENT;EFS;EUR;82;119.11000000;463;EXCHANGE_LAST;;1;1;XEUR;10804525;689;
22.11.2024;16:37:35.191;FGBM SI 20241206 PS;SIMPLE_INSTRUMENT;EFS;EUR;83;119.09000000;463;EXCHANGE_LAST;;1;1;XEUR;10804525;689;
22.11.2024;16:43:56.468;FGBM SI 20241206 PS;SIMPLE_INSTRUMENT;EFS;EUR;84;119.13000000;868;EXCHANGE_LAST;;1;1;XEUR;10804525;689;
22.11.2024;16:45:49.797;FGBM SI 20241206 PS;SIMPLE_INSTRUMENT;EFS;EUR;85;119.12000000;1700;EXCHANGE_LAST;;1;1;XEUR;10804525;689;
22.11.2024;16:47:16.605;FGBM SI 20241206 PS;SIMPLE_INSTRUMENT;EFS;EUR;86;119.14000000;868;EXCHANGE_LAST;;1;1;XEUR;10804525;689;
22.11.2024;16:49:31.698;FGBM SI 20241206 PS;SIMPLE_INSTRUMENT;EFS;EUR;87;119.18000000;868;EXCHANGE_LAST;;1;1;XEUR;10804525;689;
22.11.2024;16:54:01.901;FGBM SI 20241206 PS;SIMPLE_INSTRUMENT;EFS;EUR;88;119.18000000;868;EXCHANGE_LAST;;1;1;XEUR;10804525;689;
22.11.2024;17:05:23.810;FGBM SI 20241206 PS;SIMPLE_INSTRUMENT;EFS;EUR;89;119.02000000;217;EXCHANGE_LAST;;1;1;XEUR;10804525;689;
22.11.2024;17:11:40.182;FGBM SI 20241206 PS;SIMPLE_INSTRUMENT;EFS;EUR;90;119.16000000;823;EXCHANGE_LAST;;1;1;XEUR;10804525;689;
22.11.2024;13:45:32.176;FGBM SI 20241206 PS;SIMPLE_INSTRUMENT;VOLA;EUR;268435575;119.20000000;99;EXCHANGE_LAST;;1;1;XEUR;10804525;689;
22.11.2024;07:43:45.078;FGBS SI 20241206 PS;SIMPLE_INSTRUMENT;EFS;EUR;1;106.78000000;3114;EXCHANGE_LAST;;1;1;XEUR;10804527;690;
22.11.2024;07:50:38.867;FGBS SI 20241206 PS;SIMPLE_INSTRUMENT;EFS;EUR;2;106.77000000;2721;EXCHANGE_LAST;;1;1;XEUR;10804527;690;
22.11.2024;07:52:33.674;FGBS SI 20241206 PS;SIMPLE_INSTRUMENT;EFS;EUR;3;106.76000000;2721;EXCHANGE_LAST;;1;1;XEUR;10804527;690;
22.11.2024;08:02:00.132;FGBS SI 20241206 PS;SIMPLE_INSTRUMENT;EFS;EUR;4;106.78000000;2721;EXCHANGE_LAST;;1;1;XEUR;10804527;690;
22.11.2024;08:23:04.198;FGBS SI 20241206 PS;SIMPLE_INSTRUMENT;EFS;EUR;5;106.77000000;5442;EXCHANGE_LAST;;1;1;XEUR;10804527;690;
22.11.2024;08:36:46.994;FGBS SI 20241206 PS;SIMPLE_INSTRUMENT;EFS;EUR;6;106.91500000;2715;EXCHANGE_LAST;;1;1;XEUR;10804527;690;
22.11.2024;08:38:39.854;FGBS SI 20241206 PS;SIMPLE_INSTRUMENT;EFS;EUR;7;106.92000000;2715;EXCHANGE_LAST;;1;1;XEUR;10804527;690;
22.11.2024;08:38:28.839;FGBS SI 20241206 PS;SIMPLE_INSTRUMENT;EFS;EUR;8;106.91000000;2715;EXCHANGE_LAST;;1;1;XEUR;10804527;690;
22.11.2024;08:46:07.629;FGBS SI 20241206 PS;SIMPLE_INSTRUMENT;EFS;EUR;9;106.76500000;2721;EXCHANGE_LAST;;1;1;XEUR;10804527;690;
22.11.2024;08:50:00.427;FGBS SI 20241206 PS;SIMPLE_INSTRUMENT;EFS;EUR;10;106.92500000;2715;EXCHANGE_LAST;;1;1;XEUR;10804527;690;
22.11.2024;09:01:43.498;FGBS SI 20241206 PS;SIMPLE_INSTRUMENT;EFS;EUR;11;106.97500000;2713;EXCHANGE_LAST;;1;1;XEUR;10804527;690;
22.11.2024;09:02:42.320;FGBS SI 20241206 PS;SIMPLE_INSTRUMENT;EFS;EUR;12;106.96000000;2713;EXCHANGE_LAST;;1;1;XEUR;10804527;690;
22.11.2024;09:04:40.443;FGBS SI 20241206 PS;SIMPLE_INSTRUMENT;EFS;EUR;13;106.98000000;4070;EXCHANGE_LAST;;1;1;XEUR;10804527;690;
22.11.2024;09:05:39.367;FGBS SI 20241206 PS;SIMPLE_INSTRUMENT;EFS;EUR;14;106.97000000;2712;EXCHANGE_LAST;;1;1;XEUR;10804527;690;
22.11.2024;09:09:15.790;FGBS SI 20241206 PS;SIMPLE_INSTRUMENT;EFS;EUR;15;106.98000000;2713;EXCHANGE_LAST;;1;1;XEUR;10804527;690;
22.11.2024;09:09:18.275;FGBS SI 20241206 PS;SIMPLE_INSTRUMENT;EFS;EUR;16;106.99000000;2712;EXCHANGE_LAST;;1;1;XEUR;10804527;690;
22.11.2024;09:47:47.458;FGBS SI 20241206 PS;SIMPLE_INSTRUMENT;EFS;EUR;17;107.01000000;2713;EXCHANGE_LAST;;1;1;XEUR;10804527;690;
22.11.2024;09:53:58.337;FGBS SI 20241206 PS;SIMPLE_INSTRUMENT;EFS;EUR;18;107.00000000;2712;EXCHANGE_LAST;;1;1;XEUR;10804527;690;
22.11.2024;09:58:14.974;FGBS SI 20241206 PS;SIMPLE_INSTRUMENT;EFS;EUR;19;106.99000000;2712;EXCHANGE_LAST;;1;1;XEUR;10804527;690;
22.11.2024;10:06:03.275;FGBS SI 20241206 PS;SIMPLE_INSTRUMENT;BLOCK;EUR;20;106.98500000;9088;EXCHANGE_LAST;;1;1;XEUR;10804527;690;
22.11.2024;10:08:48.840;FGBS SI 20241206 PS;SIMPLE_INSTRUMENT;EFS;EUR;21;107.00500000;2712;EXCHANGE_LAST;;1;1;XEUR;10804527;690;
22.11.2024;10:12:34.353;FGBS SI 20241206 PS;SIMPLE_INSTRUMENT;EFS;EUR;22;106.98000000;4069;EXCHANGE_LAST;;1;1;XEUR;10804527;690;
22.11.2024;10:13:29.169;FGBS SI 20241206 PS;SIMPLE_INSTRUMENT;EFS;EUR;23;107.01000000;8135;EXCHANGE_LAST;;1;1;XEUR;10804527;690;
22.11.2024;10:42:43.248;FGBS SI 20241206 PS;SIMPLE_INSTRUMENT;EFP_FIN;EUR;24;107.01500000;1419;EXCHANGE_LAST;;1;1;XEUR;10804527;690;
22.11.2024;10:49:28.782;FGBS SI 20241206 PS;SIMPLE_INSTRUMENT;EFP_FIN;EUR;25;106.99000000;2033;EXCHANGE_LAST;;1;1;XEUR;10804527;690;
22.11.2024;11:05:39.059;FGBS SI 20241206 PS;SIMPLE_INSTRUMENT;EFS;EUR;26;107.00500000;2601;EXCHANGE_LAST;;1;1;XEUR;10804527;690;
22.11.2024;11:11:47.527;FGBS SI 20241206 PS;SIMPLE_INSTRUMENT;EFS;EUR;27;106.99000000;1116;EXCHANGE_LAST;;1;1;XEUR;10804527;690;
22.11.2024;11:12:20.876;FGBS SI 20241206 PS;SIMPLE_INSTRUMENT;EFS;EUR;28;106.99000000;1066;EXCHANGE_LAST;;1;1;XEUR;10804527;690;
22.11.2024;11:18:00.476;FGBS SI 20241206 PS;SIMPLE_INSTRUMENT;EFP_FIN;EUR;29;107.01500000;1456;EXCHANGE_LAST;;1;1;XEUR;10804527;690;
22.11.2024;11:18:42.966;FGBS SI 20241206 PS;SIMPLE_INSTRUMENT;EFS;EUR;30;106.99000000;1356;EXCHANGE_LAST;;1;1;XEUR;10804527;690;
22.11.2024;11:23:08.795;FGBS SI 20241206 PS;SIMPLE_INSTRUMENT;EFP_FIN;EUR;31;107.01000000;2365;EXCHANGE_LAST;;1;1;XEUR;10804527;690;
22.11.2024;11:28:06.114;FGBS SI 20241206 PS;SIMPLE_INSTRUMENT;EFS;EUR;33;107.00500000;1301;EXCHANGE_LAST;;1;1;XEUR;10804527;690;
22.11.2024;11:28:32.662;FGBS SI 20241206 PS;SIMPLE_INSTRUMENT;EFS;EUR;34;107.00500000;651;EXCHANGE_LAST;;1;1;XEUR;10804527;690;
22.11.2024;11:30:55.515;FGBS SI 20241206 PS;SIMPLE_INSTRUMENT;EFS;EUR;35;106.99500000;2603;EXCHANGE_LAST;;1;1;XEUR;10804527;690;
22.11.2024;11:49:50.823;FGBS SI 20241206 PS;SIMPLE_INSTRUMENT;EFS;EUR;36;106.99000000;10424;EXCHANGE_LAST;;1;1;XEUR;10804527;690;
22.11.2024;11:54:13.391;FGBS SI 20241206 PS;SIMPLE_INSTRUMENT;EFS;EUR;37;107.01000000;2601;EXCHANGE_LAST;;1;1;XEUR;10804527;690;
22.11.2024;11:57:06.961;FGBS SI 20241206 PS;SIMPLE_INSTRUMENT;EFP_FIN;EUR;38;107.02000000;1287;EXCHANGE_LAST;;1;1;XEUR;10804527;690;
22.11.2024;12:09:39.210;FGBS SI 20241206 PS;SIMPLE_INSTRUMENT;BLOCK;EUR;39;107.00000000;10847;EXCHANGE_LAST;;1;1;XEUR;10804527;690;
22.11.2024;12:14:39.939;FGBS SI 20241206 PS;SIMPLE_INSTRUMENT;EFS;EUR;41;107.00000000;2719;EXCHANGE_LAST;;1;1;XEUR;10804527;690;
22.11.2024;12:21:54.640;FGBS SI 20241206 PS;SIMPLE_INSTRUMENT;EFS;EUR;42;107.00000000;1356;EXCHANGE_LAST;;1;1;XEUR;10804527;690;
22.11.2024;12:38:38.972;FGBS SI 20241206 PS;SIMPLE_INSTRUMENT;EFS;EUR;43;107.02000000;5422;EXCHANGE_LAST;;1;1;XEUR;10804527;690;
22.11.2024;12:43:46.989;FGBS SI 20241206 PS;SIMPLE_INSTRUMENT;EFS;EUR;44;107.04000000;5209;EXCHANGE_LAST;;1;1;XEUR;10804527;690;
22.11.2024;13:02:21.025;FGBS SI 20241206 PS;SIMPLE_INSTRUMENT;EFP_FIN;EUR;45;107.02500000;1116;EXCHANGE_LAST;;1;1;XEUR;10804527;690;
22.11.2024;13:12:59.145;FGBS SI 20241206 PS;SIMPLE_INSTRUMENT;EFP_FIN;EUR;46;107.03000000;948;EXCHANGE_LAST;;1;1;XEUR;10804527;690;
22.11.2024;13:30:42.520;FGBS SI 20241206 PS;SIMPLE_INSTRUMENT;EFS;EUR;47;107.03500000;5420;EXCHANGE_LAST;;1;1;XEUR;10804527;690;
22.11.2024;13:48:41.635;FGBS SI 20241206 PS;SIMPLE_INSTRUMENT;EFS;EUR;48;107.01000000;5423;EXCHANGE_LAST;;1;1;XEUR;10804527;690;
22.11.2024;13:57:34.153;FGBS SI 20241206 PS;SIMPLE_INSTRUMENT;EFS;EUR;49;107.00000000;1560;EXCHANGE_LAST;;1;1;XEUR;10804527;690;
22.11.2024;13:58:53.441;FGBS SI 20241206 PS;SIMPLE_INSTRUMENT;EFP_FIN;EUR;50;107.00000000;1560;EXCHANGE_LAST;;1;1;XEUR;10804527;690;
22.11.2024;14:19:57.849;FGBS SI 20241206 PS;SIMPLE_INSTRUMENT;EFS;EUR;51;106.97000000;1356;EXCHANGE_LAST;;1;1;XEUR;10804527;690;
22.11.2024;14:44:48.356;FGBS SI 20241206 PS;SIMPLE_INSTRUMENT;EFS;EUR;52;106.98500000;2712;EXCHANGE_LAST;;1;1;XEUR;10804527;690;
22.11.2024;15:22:59.978;FGBS SI 20241206 PS;SIMPLE_INSTRUMENT;EFS;EUR;53;106.99000000;13561;EXCHANGE_LAST;;1;1;XEUR;10804527;690;
22.11.2024;15:24:41.066;FGBS SI 20241206 PS;SIMPLE_INSTRUMENT;EFP_FIN;EUR;54;107.01000000;946;EXCHANGE_LAST;;1;1;XEUR;10804527;690;
22.11.2024;15:29:06.741;FGBS SI 20241206 PS;SIMPLE_INSTRUMENT;EFS;EUR;55;106.97000000;2602;EXCHANGE_LAST;;1;1;XEUR;10804527;690;
22.11.2024;15:34:21.260;FGBS SI 20241206 PS;SIMPLE_INSTRUMENT;EFS;EUR;56;106.98000000;2605;EXCHANGE_LAST;;1;1;XEUR;10804527;690;
22.11.2024;15:36:30.852;FGBS SI 20241206 PS;SIMPLE_INSTRUMENT;EFP_FIN;EUR;57;106.99000000;526;EXCHANGE_LAST;;1;1;XEUR;10804527;690;
22.11.2024;15:39:31.382;FGBS SI 20241206 PS;SIMPLE_INSTRUMENT;EFS;EUR;58;106.98000000;5206;EXCHANGE_LAST;;1;1;XEUR;10804527;690;
22.11.2024;15:41:17.139;FGBS SI 20241206 PS;SIMPLE_INSTRUMENT;EFS;EUR;59;106.99000000;2712;EXCHANGE_LAST;;1;1;XEUR;10804527;690;
22.11.2024;15:58:51.257;FGBS SI 20250306 PS;SIMPLE_INSTRUMENT;EFP_FIN;EUR;60;107.23000000;467;EXCHANGE_LAST;;1;1;XEUR;11286681;690;
22.11.2024;15:59:12.286;FGBS SI 20241206 PS;SIMPLE_INSTRUMENT;EFS;EUR;61;106.96000000;2563;EXCHANGE_LAST;;1;1;XEUR;10804527;690;
22.11.2024;16:01:02.683;FGBS SI 20241206 PS;SIMPLE_INSTRUMENT;EFS;EUR;62;106.95500000;2607;EXCHANGE_LAST;;1;1;XEUR;10804527;690;
22.11.2024;16:06:59.116;FGBS SI 20241206 PS;SIMPLE_INSTRUMENT;EFS;EUR;63;106.99000000;1302;EXCHANGE_LAST;;1;1;XEUR;10804527;690;
22.11.2024;16:10:15.481;FGBS SI 20241206 PS;SIMPLE_INSTRUMENT;EFS;EUR;64;106.96000000;5214;EXCHANGE_LAST;;1;1;XEUR;10804527;690;
22.11.2024;16:14:34.816;FGBS SI 20241206 PS;SIMPLE_INSTRUMENT;EFP_FIN;EUR;65;106.98000000;919;EXCHANGE_LAST;;1;1;XEUR;10804527;690;
22.11.2024;16:16:48.655;FGBS SI 20250306 PS;SIMPLE_INSTRUMENT;EFP_FIN;EUR;66;107.23000000;711;EXCHANGE_LAST;;1;1;XEUR;11286681;690;
22.11.2024;16:18:08.467;FGBS SI 20241206 PS;SIMPLE_INSTRUMENT;BLOCK;EUR;67;106.96500000;10430;EXCHANGE_LAST;;1;1;XEUR;10804527;690;
22.11.2024;16:25:01.173;FGBS SI 20241206 PS;SIMPLE_INSTRUMENT;EFS;EUR;68;106.99000000;1000;EXCHANGE_LAST;;1;1;XEUR;10804527;690;
22.11.2024;16:26:34.181;FGBS SI 20241206 PS;SIMPLE_INSTRUMENT;EFS;EUR;69;106.99000000;1000;EXCHANGE_LAST;;1;1;XEUR;10804527;690;
22.11.2024;16:34:32.915;FGBS SI 20241206 PS;SIMPLE_INSTRUMENT;EFS;EUR;70;106.98500000;2605;EXCHANGE_LAST;;1;1;XEUR;10804527;690;
22.11.2024;16:37:35.170;FGBS SI 20241206 PS;SIMPLE_INSTRUMENT;EFS;EUR;71;106.98500000;1356;EXCHANGE_LAST;;1;1;XEUR;10804527;690;
22.11.2024;16:46:24.951;FGBS SI 20241206 PS;SIMPLE_INSTRUMENT;EFS;EUR;72;107.01000000;1304;EXCHANGE_LAST;;1;1;XEUR;10804527;690;
22.11.2024;17:15:12.148;FGBS SI 20241206 PS;SIMPLE_INSTRUMENT;EFP_FIN;EUR;73;107.00000000;2364;EXCHANGE_LAST;;1;1;XEUR;10804527;690;
22.11.2024;08:12:24.204;FGBX SI 20241206 PS;SIMPLE_INSTRUMENT;EFS;EUR;1;133.50000000;336;EXCHANGE_LAST;;1;1;XEUR;10804526;691;
22.11.2024;09:36:52.887;FGBX SI 20241206 PS;SIMPLE_INSTRUMENT;EFP_FIN;EUR;2;134.14000000;378;EXCHANGE_LAST;;1;1;XEUR;10804526;691;
22.11.2024;09:40:30.333;FGBX SI 20241206 PS;SIMPLE_INSTRUMENT;EFP_FIN;EUR;3;135.12000000;185;EXCHANGE_LAST;;1;1;XEUR;10804526;691;
22.11.2024;09:40:46.726;FGBX SI 20241206 PS;SIMPLE_INSTRUMENT;BLOCK;EUR;4;135.00000000;725;EXCHANGE_LAST;;1;1;XEUR;10804526;691;
22.11.2024;10:13:18.649;FGBX SI 20241206 PS;SIMPLE_INSTRUMENT;EFS;EUR;6;135.28000000;25;EXCHANGE_LAST;;1;1;XEUR;10804526;691;
22.11.2024;10:16:02.543;FGBX SI 20241206 PS;SIMPLE_INSTRUMENT;EFP_FIN;EUR;7;135.16000000;267;EXCHANGE_LAST;;1;1;XEUR;10804526;691;
22.11.2024;10:19:46.272;FGBX SI 20241206 PS;SIMPLE_INSTRUMENT;EFP_FIN;EUR;8;135.22000000;260;EXCHANGE_LAST;;1;1;XEUR;10804526;691;
22.11.2024;11:20:33.918;FGBX SI 20241206 PS;SIMPLE_INSTRUMENT;EFS;EUR;11;134.90000000;89;EXCHANGE_LAST;;1;1;XEUR;10804526;691;
22.11.2024;11:20:41.570;FGBX SI 20241206 PS;SIMPLE_INSTRUMENT;EFP_FIN;EUR;12;134.64000000;119;EXCHANGE_LAST;;1;1;XEUR;10804526;691;
22.11.2024;11:23:06.280;FGBX SI 20241206 PS;SIMPLE_INSTRUMENT;EFP_FIN;EUR;13;134.76000000;111;EXCHANGE_LAST;;1;1;XEUR;10804526;691;
22.11.2024;11:50:51.245;FGBX SI 20241206 PS;SIMPLE_INSTRUMENT;EFS;EUR;15;134.98000000;353;EXCHANGE_LAST;;1;1;XEUR;10804526;691;
22.11.2024;12:06:10.520;FGBX SI 20241206 PS;SIMPLE_INSTRUMENT;EFP_FIN;EUR;16;135.00000000;86;EXCHANGE_LAST;;1;1;XEUR;10804526;691;
22.11.2024;13:59:18.296;FGBX SI 20241206 PS;SIMPLE_INSTRUMENT;EFP_FIN;EUR;20;134.92000000;86;EXCHANGE_LAST;;1;1;XEUR;10804526;691;
22.11.2024;14:05:03.617;FGBX SI 20241206 PS;SIMPLE_INSTRUMENT;EFS;EUR;21;134.94000000;353;EXCHANGE_LAST;;1;1;XEUR;10804526;691;
22.11.2024;14:13:20.216;FGBX SI 20241206 PS;SIMPLE_INSTRUMENT;EFP_FIN;EUR;22;134.72000000;103;EXCHANGE_LAST;;1;1;XEUR;10804526;691;
22.11.2024;14:18:05.854;FGBX SI 20241206 PS;SIMPLE_INSTRUMENT;EFS;EUR;23;134.94000000;89;EXCHANGE_LAST;;1;1;XEUR;10804526;691;
22.11.2024;14:18:22.798;FGBX SI 20241206 PS;SIMPLE_INSTRUMENT;EFP_FIN;EUR;24;134.74000000;65;EXCHANGE_LAST;;1;1;XEUR;10804526;691;
22.11.2024;14:47:38.553;FGBX SI 20241206 PS;SIMPLE_INSTRUMENT;EFS;EUR;28;134.56000000;100;EXCHANGE_LAST;;1;1;XEUR;10804526;691;
22.11.2024;14:47:50.737;FGBX SI 20241206 PS;SIMPLE_INSTRUMENT;EFS;EUR;29;134.60000000;353;EXCHANGE_LAST;;1;1;XEUR;10804526;691;
22.11.2024;15:41:32.946;FGBX SI 20241206 PS;SIMPLE_INSTRUMENT;EFS;EUR;31;134.46000000;179;EXCHANGE_LAST;;1;1;XEUR;10804526;691;
22.11.2024;16:22:15.504;FGBX SI 20241206 PS;SIMPLE_INSTRUMENT;EFP_FIN;EUR;34;134.40000000;89;EXCHANGE_LAST;;1;1;XEUR;10804526;691;
22.11.2024;16:44:15.358;FGBX SI 20241206 PS;SIMPLE_INSTRUMENT;EFS;EUR;35;134.68000000;89;EXCHANGE_LAST;;1;1;XEUR;10804526;691;
22.11.2024;17:02:08.387;FGBX SI 20241206 PS;SIMPLE_INSTRUMENT;EFS;EUR;36;135.08000000;53;EXCHANGE_LAST;;1;1;XEUR;10804526;691;
22.11.2024;10:07:37.022;FMAS SI 20241220 CS;SIMPLE_INSTRUMENT;BLOCK;USD;45;623.50000000;197;EXCHANGE_LAST;;1;1;XEUR;7191852;7061;
22.11.2024;00:15:36.090;FMAU SI 20241220 CS;SIMPLE_INSTRUMENT;BLOCK;USD;1;5946.66200000;447;EXCHANGE_LAST;;1;1;XEUR;7192605;45287;
22.11.2024;01:10:53.021;FMAU SI 20241220 CS;SIMPLE_INSTRUMENT;BLOCK;USD;5;5946.66200000;151;EXCHANGE_LAST;;1;2;XEUR;7192605;45287;
22.11.2024;13:28:08.282;FMCH SI 20241220 CS;SIMPLE_INSTRUMENT;BLOCK;USD;49;491.40000000;1070;EXCHANGE_LAST;;1;1;XEUR;7196792;402909;
22.11.2024;16:56:06.912;FME SI 20250620 PS AM C 44.00 0;SIMPLE_INSTRUMENT;BLOCK;EUR;9;3.10000000;1300;EXCHANGE_LAST;;1;1;XEUR;7903968;663;
22.11.2024;16:57:53.476;FME SI 20251219 PS AM P 40.00 0;SIMPLE_INSTRUMENT;BLOCK;EUR;10;3.99000000;566;EXCHANGE_LAST;;1;1;XEUR;7036010;663;
22.11.2024;16:57:42.339;FME SI 20251219 PS AM P 40.00 0;SIMPLE_INSTRUMENT;BLOCK;EUR;11;4.01000000;734;EXCHANGE_LAST;;1;1;XEUR;7036010;663;
22.11.2024;00:49:45.661;FMEA SI 20241220 CS;SIMPLE_INSTRUMENT;BLOCK;USD;3;686.60200000;1088;EXCHANGE_LAST;;1;1;XEUR;7191938;12395;
22.11.2024;07:50:51.390;FMED SI 20241220 CS;SIMPLE_INSTRUMENT;BLOCK;USD;23;9196.97000000;11095;EXCHANGE_LAST;;1;1;XEUR;7193401;48144;
22.11.2024;08:05:13.070;FMED SI 20241220 CS;SIMPLE_INSTRUMENT;BLOCK;USD;26;9198.61000000;2000;EXCHANGE_LAST;;1;1;XEUR;7193401;48144;
22.11.2024;08:23:29.310;FMED SI 20241220 CS;SIMPLE_INSTRUMENT;BLOCK;USD;29;9198.61000000;5584;EXCHANGE_LAST;;1;1;XEUR;7193401;48144;
22.11.2024;08:32:34.127;FMED SI 20241220 CS;SIMPLE_INSTRUMENT;BLOCK;USD;31;9198.61000000;400;EXCHANGE_LAST;;1;1;XEUR;7193401;48144;
22.11.2024;08:42:08.946;FMEE SI 20241220 CS;SIMPLE_INSTRUMENT;BLOCK;USD;33;312.43000000;500;EXCHANGE_LAST;;1;1;XEUR;7191941;12396;
22.11.2024;14:16:10.425;FMEF SI 20241220 CS;SIMPLE_INSTRUMENT;BLOCK;USD;52;1090.00000000;696;EXCHANGE_LAST;;1;1;XEUR;7192304;30657;
22.11.2024;14:17:11.069;FMEF SI 20250620 CS;SIMPLE_INSTRUMENT;BLOCK;USD;53;1105.00000000;547;EXCHANGE_LAST;;1;1;XEUR;7408968;30657;
22.11.2024;08:05:51.400;FMEL SI 20241220 CS;SIMPLE_INSTRUMENT;BLOCK;USD;27;517.84800000;415;EXCHANGE_LAST;;1;1;XEUR;7191942;12397;
22.11.2024;09:42:24.747;FMEL SI 20241220 CS;SIMPLE_INSTRUMENT;BLOCK;USD;42;517.74400000;195;EXCHANGE_LAST;;1;1;XEUR;7191942;12397;
22.11.2024;12:17:40.882;FMEL SI 20241220 CS;SIMPLE_INSTRUMENT;BLOCK;USD;47;517.84800000;172;EXCHANGE_LAST;;1;1;XEUR;7191942;12397;
22.11.2024;08:32:43.802;FMEM SI 20241220 CS;SIMPLE_INSTRUMENT;BLOCK;USD;32;579.90000000;1200;EXCHANGE_LAST;;1;1;XEUR;7191937;12394;
22.11.2024;08:17:13.982;FMEN SI 20241220 CS;SIMPLE_INSTRUMENT;BLOCK;EUR;28;517.37200000;212;EXCHANGE_LAST;;1;1;XEUR;7192297;30652;
22.11.2024;07:17:39.076;FMEU SI 20241220 CS;SIMPLE_INSTRUMENT;EFP_IDX;EUR;17;333.58600000;181;EXCHANGE_LAST;;1;1;XEUR;7191848;7058;
22.11.2024;07:32:43.068;FMGM SI 20241220 CS;SIMPLE_INSTRUMENT;BLOCK;USD;20;4760.30000000;122;EXCHANGE_LAST;;1;1;XEUR;8609377;583626;
22.11.2024;14:52:35.802;FMGO SI 20241220 CS;SIMPLE_INSTRUMENT;BLOCK;USD;55;5300.00000000;26;EXCHANGE_LAST;;1;1;XEUR;8609363;583623;
22.11.2024;02:24:50.798;FMHK SI 20241220 CS;SIMPLE_INSTRUMENT;BLOCK;USD;8;57138.33000000;40;EXCHANGE_LAST;;1;1;XEUR;7192592;45282;
22.11.2024;00:15:54.772;FMID SI 20241220 CS;SIMPLE_INSTRUMENT;BLOCK;USD;1;1642.82200000;91;EXCHANGE_LAST;;1;1;XEUR;7192610;45289;
22.11.2024;03:21:09.459;FMIN SI 20241220 CS;SIMPLE_INSTRUMENT;BLOCK;USD;12;1247.46800000;96;EXCHANGE_LAST;;1;1;XEUR;7191968;12404;
22.11.2024;03:21:05.138;FMIN SI 20241220 CS;SIMPLE_INSTRUMENT;BLOCK;USD;13;1246.97100000;40;EXCHANGE_LAST;;1;1;XEUR;7191968;12404;
22.11.2024;05:11:27.179;FMIN SI 20241220 CS;SIMPLE_INSTRUMENT;BLOCK;USD;14;1246.97100000;900;EXCHANGE_LAST;;1;1;XEUR;7191968;12404;
22.11.2024;05:19:28.570;FMIN SI 20241220 CS;SIMPLE_INSTRUMENT;BLOCK;USD;15;1256.00000000;60;EXCHANGE_LAST;;1;1;XEUR;7191968;12404;
22.11.2024;05:20:10.186;FMIN SI 20250321 CS;SIMPLE_INSTRUMENT;BLOCK;USD;16;1276.22200000;60;EXCHANGE_LAST;;1;1;XEUR;7589865;12404;
22.11.2024;07:23:53.335;FMIN SI 20241220 CS;SIMPLE_INSTRUMENT;BLOCK;USD;19;1246.97100000;200;EXCHANGE_LAST;;1;1;XEUR;7191968;12404;
22.11.2024;09:05:10.201;FMIN SI 20241220 CS;SIMPLE_INSTRUMENT;BLOCK;USD;38;1246.35000000;144;EXCHANGE_LAST;;1;1;XEUR;7191968;12404;
22.11.2024;09:05:29.062;FMIN SI 20241220 CS;SIMPLE_INSTRUMENT;BLOCK;USD;39;1246.59900000;84;EXCHANGE_LAST;;1;1;XEUR;7191968;12404;
22.11.2024;01:06:52.545;FMJP SI 20241220 CS;SIMPLE_INSTRUMENT;BLOCK;USD;4;8459.71000000;305;EXCHANGE_LAST;;1;1;XEUR;7190889;661;
22.11.2024;08:44:42.230;FMJP SI 20241220 CS;SIMPLE_INSTRUMENT;BLOCK;USD;34;8494.00000000;589;EXCHANGE_LAST;;1;1;XEUR;7190889;661;
22.11.2024;08:44:51.087;FMJP SI 20251219 CS;SIMPLE_INSTRUMENT;BLOCK;USD;35;8900.01300000;562;EXCHANGE_LAST;;1;1;XEUR;8837014;661;
22.11.2024;08:45:59.867;FMJP SI 20241220 CS;SIMPLE_INSTRUMENT;BLOCK;USD;36;8494.00000000;589;EXCHANGE_LAST;;1;1;XEUR;7190889;661;
22.11.2024;08:46:08.716;FMJP SI 20251219 CS;SIMPLE_INSTRUMENT;BLOCK;USD;37;8900.01300000;562;EXCHANGE_LAST;;1;1;XEUR;8837014;661;
22.11.2024;09:27:37.762;FMJP SI 20241220 CS;SIMPLE_INSTRUMENT;BLOCK;USD;40;8488.00000000;573;EXCHANGE_LAST;;1;1;XEUR;7190889;661;
22.11.2024;09:27:51.270;FMJP SI 20250321 CS;SIMPLE_INSTRUMENT;BLOCK;USD;41;8603.43700000;565;EXCHANGE_LAST;;1;1;XEUR;7588794;661;
22.11.2024;16:10:19.064;FMJP SI 20241220 CS;SIMPLE_INSTRUMENT;BLOCK;USD;56;8468.29800000;6228;EXCHANGE_LAST;;1;1;XEUR;7190889;661;
22.11.2024;16:33:26.546;FMPA SI 20241220 CS;SIMPLE_INSTRUMENT;BLOCK;USD;57;8503.00000000;28;EXCHANGE_LAST;;1;1;XEUR;7193399;48143;
22.11.2024;09:43:52.164;FMSA SI 20241220 CS;SIMPLE_INSTRUMENT;BLOCK;USD;43;1762.90200000;114;EXCHANGE_LAST;;1;1;XEUR;7194630;134861;
22.11.2024;00:16:16.021;FMTH SI 20241220 CS;SIMPLE_INSTRUMENT;BLOCK;USD;2;1205.75600000;170;EXCHANGE_LAST;;1;1;XEUR;7192052;12681;
22.11.2024;00:16:41.471;FMTW SI 20241220 CS;SIMPLE_INSTRUMENT;BLOCK;USD;2;807.72500000;87;EXCHANGE_LAST;;1;1;XEUR;7193559;51884;
22.11.2024;00:16:54.101;FMTW SI 20241220 CS;SIMPLE_INSTRUMENT;BLOCK;USD;3;807.56400000;124;EXCHANGE_LAST;;1;1;XEUR;7193559;51884;
22.11.2024;04:54:21.145;FMTW SI 20241220 CS;SIMPLE_INSTRUMENT;BLOCK;USD;4;807.80500000;250;EXCHANGE_LAST;;1;1;XEUR;7193559;51884;
22.11.2024;05:37:55.623;FMTW SI 20241220 CS;SIMPLE_INSTRUMENT;BLOCK;USD;5;807.56400000;87;EXCHANGE_LAST;;1;1;XEUR;7193559;51884;
22.11.2024;01:34:59.423;FMWO SI 20241220 CS;SIMPLE_INSTRUMENT;EFP_IDX;USD;6;11919.74000000;765;EXCHANGE_LAST;;1;1;XEUR;7191849;7059;
22.11.2024;07:18:18.137;FMWO SI 20241220 CS;SIMPLE_INSTRUMENT;EFP_IDX;USD;18;11915.35000000;55;EXCHANGE_LAST;;1;1;XEUR;7191849;7059;
22.11.2024;07:58:35.422;FMWO SI 20241220 CS;SIMPLE_INSTRUMENT;EFP_IDX;USD;24;11915.74000000;219;EXCHANGE_LAST;;1;1;XEUR;7191849;7059;
22.11.2024;08:25:30.358;FMWO SI 20241220 CS;SIMPLE_INSTRUMENT;EFP_IDX;USD;30;11916.24000000;132;EXCHANGE_LAST;;1;1;XEUR;7191849;7059;
22.11.2024;11:03:24.065;FMXG SI 20241220 CS;SIMPLE_INSTRUMENT;BLOCK;EUR;46;351.51000000;943;EXCHANGE_LAST;;1;1;XEUR;7194562;124306;
22.11.2024;08:29:07.669;FOAT SI 20241206 PS;SIMPLE_INSTRUMENT;EFS;EUR;1;124.99000000;250;EXCHANGE_LAST;;1;1;XEUR;10804528;749;
22.11.2024;09:38:37.309;FOAT SI 20241206 PS;SIMPLE_INSTRUMENT;EFP_FIN;EUR;2;125.40000000;380;EXCHANGE_LAST;;1;1;XEUR;10804528;749;
22.11.2024;09:56:21.789;FOAT SI 20241206 PS;SIMPLE_INSTRUMENT;EFP_FIN;EUR;3;125.35000000;581;EXCHANGE_LAST;;1;1;XEUR;10804528;749;
22.11.2024;10:03:32.460;FOAT SI 20241206 PS;SIMPLE_INSTRUMENT;BLOCK;EUR;4;125.41000000;2003;EXCHANGE_LAST;;1;1;XEUR;10804528;749;
22.11.2024;10:03:54.243;FOAT SI 20241206 PS;SIMPLE_INSTRUMENT;EFP_FIN;EUR;5;125.30000000;1661;EXCHANGE_LAST;;1;1;XEUR;10804528;749;
22.11.2024;10:03:54.243;FOAT SI 20241206 PS;SIMPLE_INSTRUMENT;EFP_FIN;EUR;6;125.30000000;415;EXCHANGE_LAST;;1;1;XEUR;10804528;749;
22.11.2024;10:15:56.003;FOAT SI 20241206 PS;SIMPLE_INSTRUMENT;EFP_FIN;EUR;7;125.48000000;380;EXCHANGE_LAST;;1;1;XEUR;10804528;749;
22.11.2024;10:24:15.592;FOAT SI 20241206 PS;SIMPLE_INSTRUMENT;EFP_FIN;EUR;8;125.50000000;85;EXCHANGE_LAST;;1;1;XEUR;10804528;749;
22.11.2024;10:43:33.210;FOAT SI 20241206 PS;SIMPLE_INSTRUMENT;EFP_FIN;EUR;9;125.48000000;664;EXCHANGE_LAST;;1;1;XEUR;10804528;749;
22.11.2024;10:56:02.807;FOAT SI 20241206 PS;SIMPLE_INSTRUMENT;EFP_FIN;EUR;10;125.41000000;573;EXCHANGE_LAST;;1;1;XEUR;10804528;749;
22.11.2024;11:02:18.827;FOAT SI 20241206 PS;SIMPLE_INSTRUMENT;EFP_FIN;EUR;11;125.41000000;422;EXCHANGE_LAST;;1;1;XEUR;10804528;749;
22.11.2024;11:03:43.834;FOAT SI 20241206 PS;SIMPLE_INSTRUMENT;EFP_FIN;EUR;12;125.41000000;210;EXCHANGE_LAST;;1;1;XEUR;10804528;749;
22.11.2024;12:17:24.428;FOAT SI 20241206 PS;SIMPLE_INSTRUMENT;EFP_FIN;EUR;13;125.58000000;212;EXCHANGE_LAST;;1;1;XEUR;10804528;749;
22.11.2024;12:33:27.799;FOAT SI 20241206 PS;SIMPLE_INSTRUMENT;EFP_FIN;EUR;14;125.50000000;305;EXCHANGE_LAST;;1;1;XEUR;10804528;749;
22.11.2024;13:28:56.876;FOAT SI 20241206 PS;SIMPLE_INSTRUMENT;EFP_FIN;EUR;15;125.52000000;831;EXCHANGE_LAST;;1;1;XEUR;10804528;749;
22.11.2024;13:33:01.523;FOAT SI 20241206 PS;SIMPLE_INSTRUMENT;EFP_FIN;EUR;16;125.50000000;416;EXCHANGE_LAST;;1;1;XEUR;10804528;749;
22.11.2024;13:37:59.419;FOAT SI 20241206 PS;SIMPLE_INSTRUMENT;EFP_FIN;EUR;17;125.52000000;1395;EXCHANGE_LAST;;1;1;XEUR;10804528;749;
22.11.2024;13:38:38.197;FOAT SI 20241206 PS;SIMPLE_INSTRUMENT;EFP_FIN;EUR;18;125.55000000;830;EXCHANGE_LAST;;1;1;XEUR;10804528;749;
22.11.2024;13:40:40.028;FOAT SI 20241206 PS;SIMPLE_INSTRUMENT;EFP_FIN;EUR;19;125.60000000;4152;EXCHANGE_LAST;;1;1;XEUR;10804528;749;
22.11.2024;13:45:51.190;FOAT SI 20241206 PS;SIMPLE_INSTRUMENT;EFP_FIN;EUR;20;125.55000000;415;EXCHANGE_LAST;;1;1;XEUR;10804528;749;
22.11.2024;13:46:00.853;FOAT SI 20241206 PS;SIMPLE_INSTRUMENT;EFP_FIN;EUR;21;125.54000000;830;EXCHANGE_LAST;;1;1;XEUR;10804528;749;
22.11.2024;13:46:25.002;FOAT SI 20241206 PS;SIMPLE_INSTRUMENT;BLOCK;EUR;22;125.53000000;506;EXCHANGE_LAST;;1;1;XEUR;10804528;749;
22.11.2024;13:48:47.198;FOAT SI 20241206 PS;SIMPLE_INSTRUMENT;EFP_FIN;EUR;23;125.54000000;830;EXCHANGE_LAST;;1;1;XEUR;10804528;749;
22.11.2024;13:54:44.881;FOAT SI 20241206 PS;SIMPLE_INSTRUMENT;EFS;EUR;25;125.49000000;521;EXCHANGE_LAST;;1;1;XEUR;10804528;749;
22.11.2024;13:55:05.667;FOAT SI 20241206 PS;SIMPLE_INSTRUMENT;EFP_FIN;EUR;26;125.45000000;207;EXCHANGE_LAST;;1;1;XEUR;10804528;749;
22.11.2024;13:55:54.066;FOAT SI 20241206 PS;SIMPLE_INSTRUMENT;EFP_FIN;EUR;27;125.60000000;1661;EXCHANGE_LAST;;1;1;XEUR;10804528;749;
22.11.2024;13:57:41.890;FOAT SI 20241206 PS;SIMPLE_INSTRUMENT;EFP_FIN;EUR;28;125.52000000;888;EXCHANGE_LAST;;1;1;XEUR;10804528;749;
22.11.2024;14:00:16.093;FOAT SI 20241206 PS;SIMPLE_INSTRUMENT;EFP_FIN;EUR;29;125.44000000;247;EXCHANGE_LAST;;1;1;XEUR;10804528;749;
22.11.2024;14:16:49.169;FOAT SI 20241206 PS;SIMPLE_INSTRUMENT;EFP_FIN;EUR;30;125.54000000;512;EXCHANGE_LAST;;1;1;XEUR;10804528;749;
22.11.2024;14:30:09.895;FOAT SI 20241206 PS;SIMPLE_INSTRUMENT;EFP_FIN;EUR;31;125.29000000;1246;EXCHANGE_LAST;;1;1;XEUR;10804528;749;
22.11.2024;14:33:39.530;FOAT SI 20241206 PS;SIMPLE_INSTRUMENT;EFP_FIN;EUR;32;125.31000000;99;EXCHANGE_LAST;;1;1;XEUR;10804528;749;
22.11.2024;15:09:58.524;FOAT SI 20241206 PS;SIMPLE_INSTRUMENT;EFP_FIN;EUR;33;125.27000000;498;EXCHANGE_LAST;;1;1;XEUR;10804528;749;
22.11.2024;15:14:53.510;FOAT SI 20241206 PS;SIMPLE_INSTRUMENT;EFP_FIN;EUR;34;125.30000000;197;EXCHANGE_LAST;;1;1;XEUR;10804528;749;
22.11.2024;15:22:17.382;FOAT SI 20241206 PS;SIMPLE_INSTRUMENT;EFP_FIN;EUR;35;125.46000000;249;EXCHANGE_LAST;;1;1;XEUR;10804528;749;
22.11.2024;15:29:09.867;FOAT SI 20241206 PS;SIMPLE_INSTRUMENT;BLOCK;EUR;36;125.22000000;525;EXCHANGE_LAST;;1;1;XEUR;10804528;749;
22.11.2024;16:14:46.873;FOAT SI 20241206 PS;SIMPLE_INSTRUMENT;EFP_FIN;EUR;37;125.18000000;1662;EXCHANGE_LAST;;1;1;XEUR;10804528;749;
22.11.2024;16:19:17.227;FOAT SI 20241206 PS;SIMPLE_INSTRUMENT;EFP_FIN;EUR;38;125.24000000;194;EXCHANGE_LAST;;1;1;XEUR;10804528;749;
22.11.2024;16:20:39.232;FOAT SI 20241206 PS;SIMPLE_INSTRUMENT;EFP_FIN;EUR;39;125.24000000;70;EXCHANGE_LAST;;1;1;XEUR;10804528;749;
22.11.2024;16:29:21.535;FOAT SI 20241206 PS;SIMPLE_INSTRUMENT;EFP_FIN;EUR;40;125.16000000;1439;EXCHANGE_LAST;;1;1;XEUR;10804528;749;
22.11.2024;10:45:38.357;FOT.O.241122.BER.000001;STANDARD_OPTION_STRATEGY;BLOCK;EUR;2;0.21000000;2000;EXCHANGE_LAST;;1;1;XEUR;72060819558371857;751;
22.11.2024;10:45:38.357;FOT SI 20250117 PS AM P 13.00 0;SIMPLE_INSTRUMENT;BLOCK;EUR;2;0.05000000;2000;PRC_DECOMP_MEMBER;;;;XEUR;12075238;751;MEMBER
22.11.2024;10:45:38.357;FOT SI 20250117 PS AM P 14.00 0;SIMPLE_INSTRUMENT;BLOCK;EUR;2;0.26000000;2000;PRC_DECOMP_MEMBER;;;;XEUR;12075257;751;MEMBER
22.11.2024;16:46:48.757;FSCP SI 20241220 CS;SIMPLE_INSTRUMENT;EFP_IDX;EUR;59;334.60000000;105;EXCHANGE_LAST;;1;1;XEUR;10840104;764;
22.11.2024;16:47:07.188;FSCP SI 20241220 CS;SIMPLE_INSTRUMENT;EFP_IDX;EUR;60;335.00000000;95;EXCHANGE_LAST;;1;1;XEUR;10840104;764;
22.11.2024;13:30:47.421;FSMI SI 20241220 CS;SIMPLE_INSTRUMENT;BLOCK;CHF;1;11705.00000000;1100;EXCHANGE_LAST;;1;1;XEUR;7793735;757;
22.11.2024;15:33:29.473;FSMI SI 20241220 CS;SIMPLE_INSTRUMENT;EFP_IDX;CHF;2;11750.00000000;200;EXCHANGE_LAST;;1;1;XEUR;7793735;757;
22.11.2024;15:33:39.751;FSMI SI 20241220 CS;SIMPLE_INSTRUMENT;EFP_IDX;CHF;3;11740.00000000;200;EXCHANGE_LAST;;1;1;XEUR;7793735;757;
22.11.2024;15:43:33.110;FSMI SI 20241220 CS;SIMPLE_INSTRUMENT;BLOCK;CHF;4;11745.00000000;1750;EXCHANGE_LAST;;1;1;XEUR;7793735;757;
22.11.2024;16:34:24.659;FSMI SI 20241220 CS;SIMPLE_INSTRUMENT;BLOCK;CHF;5;11727.00000000;618;EXCHANGE_LAST;;1;1;XEUR;7793735;757;
22.11.2024;16:43:24.511;FSMI SI 20241220 CS;SIMPLE_INSTRUMENT;EFP_IDX;CHF;6;11727.00000000;99;EXCHANGE_LAST;;1;1;XEUR;7793735;757;
22.11.2024;16:43:35.115;FSMI SI 20241220 CS;SIMPLE_INSTRUMENT;EFP_IDX;CHF;7;11728.00000000;33;EXCHANGE_LAST;;1;1;XEUR;7793735;757;
22.11.2024;09:44:41.326;FSMI SI 20241220 CS;SIMPLE_INSTRUMENT;VOLA;CHF;603979779;11645.00000000;39;EXCHANGE_LAST;;1;1;XEUR;7793735;757;
22.11.2024;16:51:25.044;FSMX SI 20241220 CS;SIMPLE_INSTRUMENT;BLOCK;EUR;62;26217.00000000;500;EXCHANGE_LAST;;1;1;XEUR;10882019;396422;
22.11.2024;16:51:29.175;FSMX SI 20241220 CS;SIMPLE_INSTRUMENT;BLOCK;EUR;63;26219.00000000;730;EXCHANGE_LAST;;1;1;XEUR;10882019;396422;
22.11.2024;11:15:57.327;FSTB SI 20241220 CS;SIMPLE_INSTRUMENT;BLOCK;EUR;26;201.95000000;509;EXCHANGE_LAST;;1;1;XEUR;10839561;714;
22.11.2024;11:16:08.287;FSTB SI 20241220 CS;SIMPLE_INSTRUMENT;BLOCK;EUR;27;202.00000000;1091;EXCHANGE_LAST;;1;1;XEUR;10839561;714;
22.11.2024;13:17:17.458;FSTB SI 20241220 CS;SIMPLE_INSTRUMENT;BLOCK;EUR;34;202.20000000;1180;EXCHANGE_LAST;;1;1;XEUR;10839561;714;
22.11.2024;13:17:03.529;FSTB SI 20241220 CS;SIMPLE_INSTRUMENT;BLOCK;EUR;35;202.30000000;2301;EXCHANGE_LAST;;1;1;XEUR;10839561;714;
22.11.2024;12:49:07.992;FSTE SI 20241220 CS;SIMPLE_INSTRUMENT;BLOCK;EUR;3;344.50000000;671;EXCHANGE_LAST;;1;1;XEUR;10839564;719;
