#Date;TrdTime;Contract;ContractType;TrdTyp;Currency;TesId;Prc;Qty;TrdInd;Aggressor;Buy;Sell;Exch;InstrumentId;RelatedProdId;PrcDecomp
07.01.2025;10:14:53.927;A2SG SI 20261218 CS;SIMPLE_INSTRUMENT;BLOCK;EUR;11;1.46000000;500;EXCHANGE_LAST;;1;1;XEUR;6796964;14;
07.01.2025;12:31:24.926;A2SG SI 20251219 CS;SIMPLE_INSTRUMENT;BLOCK;EUR;34;1.52000000;400;EXCHANGE_LAST;;1;2;XEUR;5914262;14;
07.01.2025;13:43:15.797;A2SG SI 20251219 CS;SIMPLE_INSTRUMENT;BLOCK;EUR;44;1.52000000;350;EXCHANGE_LAST;;1;1;XEUR;5914262;14;
07.01.2025;09:35:37.521;A2XA SI 20250620 CS;SIMPLE_INSTRUMENT;BLOCK;EUR;5;2.12500000;1700;EXCHANGE_LAST;;2;1;XEUR;10827630;17;
07.01.2025;13:19:26.561;A2XA SI 20251219 CS;SIMPLE_INSTRUMENT;BLOCK;EUR;40;2.15000000;950;EXCHANGE_LAST;;2;2;XEUR;3681055;17;
07.01.2025;08:41:56.159;ABBN SI 20250221 PS AM C 50.00 0;SIMPLE_INSTRUMENT;BLOCK;CHF;2;1.44000000;1250;EXCHANGE_LAST;;1;1;XEUR;12279679;574517;
07.01.2025;09:11:28.540;ABBN SI 20250221 PS AM C 52.00 0;SIMPLE_INSTRUMENT;BLOCK;CHF;6;0.75000000;1500;EXCHANGE_LAST;;1;1;XEUR;12279669;574517;
07.01.2025;09:44:58.312;ABBN SI 20260619 PS AM P 32.00 0;SIMPLE_INSTRUMENT;BLOCK;CHF;11;0.76000000;1250;EXCHANGE_LAST;;1;1;XEUR;9600918;574517;
07.01.2025;12:31:37.839;ADEN SI 20251219 PS AM C 22.00 0;SIMPLE_INSTRUMENT;BLOCK;CHF;38;2.16000000;1000;EXCHANGE_LAST;;1;1;XEUR;12430560;44;
07.01.2025;12:31:08.242;ADEN SI 20250919 PS AM C 22.00 0;SIMPLE_INSTRUMENT;BLOCK;CHF;39;1.95000000;1250;EXCHANGE_LAST;;1;1;XEUR;11870210;44;
07.01.2025;13:21:34.843;ADEN.O.250107.BER.000002;STANDARD_OPTION_STRATEGY;BLOCK;CHF;51;2.84000000;1000;EXCHANGE_LAST;;1;1;XEUR;72057783016515639;44;
07.01.2025;13:21:34.843;ADEN SI 20250620 PS AM P 18.00 0;SIMPLE_INSTRUMENT;BLOCK;CHF;51;0.65000000;1000;PRC_DECOMP_EXCHANGE;;;;XEUR;8107904;44;EXCHANGE
07.01.2025;13:21:34.843;ADEN SI 20250620 PS AM P 24.00 0;SIMPLE_INSTRUMENT;BLOCK;CHF;51;3.49000000;1000;PRC_DECOMP_EXCHANGE;;;;XEUR;7897564;44;EXCHANGE
07.01.2025;09:34:41.703;ADY SI 20251219 PS AM P 1440.00 0;SIMPLE_INSTRUMENT;BLOCK;EUR;12;178.00000000;1250;EXCHANGE_LAST;;2;3;XEUR;10439859;76315;
07.01.2025;16:25:36.278;ALL SI 20250620 PS AM C 165.00 0;SIMPLE_INSTRUMENT;BLOCK;CHF;66;6.60000000;100;EXCHANGE_LAST;;1;1;XEUR;11797200;57133;
07.01.2025;11:06:16.360;ALV SI 20261218 PS AM P 240.00 0;SIMPLE_INSTRUMENT;BLOCK;EUR;2;12.05000000;300;EXCHANGE_LAST;;1;1;XEUR;7152577;74;
07.01.2025;13:40:59.992;ALV SI 20250117 PS AM P 270.00 0;SIMPLE_INSTRUMENT;BLOCK;EUR;5;0.25000000;500;EXCHANGE_LAST;;1;1;XEUR;12067886;74;
07.01.2025;08:22:44.145;ASM SI 20250620 PS AM C 840.00 0;SIMPLE_INSTRUMENT;BLOCK;EUR;1;43.40000000;150;EXCHANGE_LAST;;1;1;XEUR;11349930;107;
07.01.2025;09:51:41.772;ASM SI 20250321 PS AM P 600.00 0;SIMPLE_INSTRUMENT;BLOCK;EUR;16;7.50000000;200;EXCHANGE_LAST;;1;1;XEUR;10830140;107;
07.01.2025;11:02:40.779;ASM SI 20250919 PS AM P 600.00 0;SIMPLE_INSTRUMENT;BLOCK;EUR;22;29.70000000;150;EXCHANGE_LAST;;1;1;XEUR;11872145;107;
07.01.2025;13:14:58.648;ASM SI 20250321 PS AM C 720.00 0;SIMPLE_INSTRUMENT;BLOCK;EUR;31;66.51000000;300;EXCHANGE_LAST;;1;1;XEUR;10830131;107;
07.01.2025;13:15:09.649;ASM SI 20250321 PS AM C 800.00 0;SIMPLE_INSTRUMENT;BLOCK;EUR;32;32.65000000;600;EXCHANGE_LAST;;1;1;XEUR;10830167;107;
07.01.2025;14:10:39.236;B2MW SI 20251219 CS;SIMPLE_INSTRUMENT;BLOCK;EUR;45;4.22000000;55;EXCHANGE_LAST;;1;1;XEUR;3681121;128;
07.01.2025;09:43:13.384;B2NP SI 20250620 CS;SIMPLE_INSTRUMENT;BLOCK;EUR;7;4.83000000;350;EXCHANGE_LAST;;1;2;XEUR;10830225;131;
07.01.2025;08:41:13.300;BARN SI 20250919 PS AM P 1040.00 0;SIMPLE_INSTRUMENT;BLOCK;CHF;1;40.00000000;400;EXCHANGE_LAST;;1;1;XEUR;11872563;149;
07.01.2025;10:30:36.800;BARN SI 20250919 PS AM P 1000.00 0;SIMPLE_INSTRUMENT;BLOCK;CHF;16;32.90000000;350;EXCHANGE_LAST;;1;1;XEUR;11872515;149;
07.01.2025;10:40:43.800;BARN SI 20250919 PS AM P 1080.00 0;SIMPLE_INSTRUMENT;BLOCK;CHF;23;56.90000000;700;EXCHANGE_LAST;;1;1;XEUR;11872555;149;
07.01.2025;11:37:05.384;BAS SI 20250221 PS AM P 40.00 0;SIMPLE_INSTRUMENT;BLOCK;EUR;1;0.62000000;500;EXCHANGE_LAST;;1;1;XEUR;12238994;150;
07.01.2025;11:45:20.553;BAS SI 20261218 PS AM P 40.00 0;SIMPLE_INSTRUMENT;BLOCK;EUR;2;5.00000000;2000;EXCHANGE_LAST;;1;1;XEUR;7467515;150;
07.01.2025;12:13:10.158;BAS SI 20250620 PS AM P 40.00 0;SIMPLE_INSTRUMENT;BLOCK;EUR;4;2.33000000;2000;EXCHANGE_LAST;;1;1;XEUR;7899120;150;
07.01.2025;11:52:33.520;BAY SI 20260619 PS AM P 12.00 0;SIMPLE_INSTRUMENT;BLOCK;EUR;3;0.67000000;1250;EXCHANGE_LAST;;1;1;XEUR;10017442;168;
07.01.2025;09:17:22.467;BMW SI 20250117 PS AM C 80.00 0;SIMPLE_INSTRUMENT;BLOCK;EUR;5;1.69000000;645;EXCHANGE_LAST;;1;1;XEUR;12070100;210;
07.01.2025;10:20:09.840;BMW.O.250107.BR23.000008;STANDARD_OPTION_STRATEGY;BLOCK;EUR;8;-0.80000000;1000;EXCHANGE_LAST;;1;1;XEUR;72058495981109011;210;
07.01.2025;10:20:09.840;BMW SI 20261218 PS AM P 68.00 0;SIMPLE_INSTRUMENT;BLOCK;EUR;8;7.30000000;2000;PRC_DECOMP_MEMBER;;;;XEUR;7154238;210;MEMBER
07.01.2025;10:20:09.840;BMW SI 20261218 PS AM P 60.00 0;SIMPLE_INSTRUMENT;BLOCK;EUR;8;4.60000000;3000;PRC_DECOMP_MEMBER;;;;XEUR;7154298;210;MEMBER
07.01.2025;11:02:04.919;BMW SI 20250321 PS AM P 75.00 0;SIMPLE_INSTRUMENT;BLOCK;EUR;13;2.33000000;750;EXCHANGE_LAST;;1;1;XEUR;12434850;210;
07.01.2025;12:25:26.079;BMW SI 20250321 PS AM P 68.00 0;SIMPLE_INSTRUMENT;BLOCK;EUR;25;0.93000000;1000;EXCHANGE_LAST;;1;1;XEUR;10832601;210;
07.01.2025;12:50:56.415;BMW SI 20250321 PS AM C 82.00 0;SIMPLE_INSTRUMENT;BLOCK;EUR;28;3.21000000;630;EXCHANGE_LAST;;1;1;XEUR;12434878;210;
07.01.2025;12:50:56.419;BMW SI 20250321 PS AM C 86.00 0;SIMPLE_INSTRUMENT;BLOCK;EUR;29;1.84000000;945;EXCHANGE_LAST;;1;1;XEUR;12434890;210;
07.01.2025;15:37:44.258;BMW SI 20250321 PS AM P 80.00 0;SIMPLE_INSTRUMENT;BLOCK;EUR;48;4.35000000;1000;EXCHANGE_LAST;;1;1;XEUR;10832597;210;
07.01.2025;15:38:06.206;BMW.O.250107.BER.000012;STANDARD_OPTION_STRATEGY;BLOCK;EUR;49;2.30000000;400;EXCHANGE_LAST;;1;1;XEUR;72058495981109015;210;
07.01.2025;15:38:06.206;BMW SI 20250321 PS AM P 80.00 0;SIMPLE_INSTRUMENT;BLOCK;EUR;49;4.44000000;400;PRC_DECOMP_EXCHANGE;;;;XEUR;10832597;210;EXCHANGE
07.01.2025;15:38:06.206;BMW SI 20250321 PS AM P 74.00 0;SIMPLE_INSTRUMENT;BLOCK;EUR;49;2.14000000;400;PRC_DECOMP_EXCHANGE;;;;XEUR;12434856;210;EXCHANGE
07.01.2025;13:37:56.076;C4RI SI 20250620 CS;SIMPLE_INSTRUMENT;BLOCK;EUR;43;1.51000000;290;EXCHANGE_LAST;;1;1;XEUR;10868044;50862;
07.01.2025;14:56:55.792;CBK.O.250107.STD.000009;STANDARD_OPTION_STRATEGY;BLOCK;EUR;9;2.89000000;5000;EXCHANGE_LAST;;2;1;XEUR;72058745089203113;268;
07.01.2025;14:56:55.792;CBK SI 20250620 PS AM C 16.00 0;SIMPLE_INSTRUMENT;BLOCK;EUR;9;1.45000000;5000;PRC_DECOMP_EXCHANGE;;;;XEUR;8356724;268;EXCHANGE
07.01.2025;14:56:55.792;CBK SI 20250620 PS AM P 16.00 0;SIMPLE_INSTRUMENT;BLOCK;EUR;9;1.44000000;5000;PRC_DECOMP_EXCHANGE;;;;XEUR;8356725;268;EXCHANGE
07.01.2025;10:28:03.275;CFR SI 20251219 PS AM C 160.00 0;SIMPLE_INSTRUMENT;BLOCK;CHF;19;7.85000000;500;EXCHANGE_LAST;;1;1;XEUR;9996466;313;
07.01.2025;09:24:12.464;CFRE SI 20250620 PS EU C 120.00 0;SIMPLE_INSTRUMENT;BLOCK;CHF;8;23.95000000;500;EXCHANGE_LAST;;1;1;XEUR;9998162;156129;
07.01.2025;09:52:58.801;CFRL SI 20250815 CS;SIMPLE_INSTRUMENT;BLOCK;CHF;8;140.74130000;400;EXCHANGE_LAST;;1;1;XEUR;11576690;729453;
07.01.2025;08:29:23.445;CON SI 20250117 PS AM C 67.00 0;SIMPLE_INSTRUMENT;BLOCK;EUR;2;0.70000000;920;EXCHANGE_LAST;;1;1;XEUR;12106618;414620;
07.01.2025;08:55:51.024;CRI5.O.250107.BLT.000002;STANDARD_OPTION_STRATEGY;BLOCK;EUR;4;1.88000000;2500;EXCHANGE_LAST;;1;1;XEUR;72058968427474648;320;
07.01.2025;08:55:51.024;CRI5 SI 20251218 PS AM C 42.00 0;SIMPLE_INSTRUMENT;BLOCK;EUR;4;2.80000000;2500;PRC_DECOMP_MEMBER;;;;XEUR;12420974;320;MEMBER
07.01.2025;08:55:51.024;CRI5 SI 20250320 PS AM C 42.00 0;SIMPLE_INSTRUMENT;BLOCK;EUR;4;0.92000000;2500;PRC_DECOMP_MEMBER;;;;XEUR;10822515;320;MEMBER
07.01.2025;10:55:20.068;D2PW SI 20291221 CS;SIMPLE_INSTRUMENT;BLOCK;EUR;15;1.35000000;100;EXCHANGE_LAST;;1;1;XEUR;8402777;9702;
07.01.2025;10:57:33.975;D2PW SI 20281215 CS;SIMPLE_INSTRUMENT;BLOCK;EUR;18;1.46000000;100;EXCHANGE_LAST;;1;1;XEUR;6818646;9702;
07.01.2025;12:32:41.950;D3AI SI 20251219 CS;SIMPLE_INSTRUMENT;BLOCK;EUR;35;4.05000000;100;EXCHANGE_LAST;;1;1;XEUR;7144062;443197;
07.01.2025;12:36:35.825;D3AI SI 20251219 CS;SIMPLE_INSTRUMENT;BLOCK;EUR;37;4.05000000;50;EXCHANGE_LAST;;1;1;XEUR;7144062;443197;
07.01.2025;10:31:46.484;DAI SI 20250620 PS AM C 60.00 0;SIMPLE_INSTRUMENT;BLOCK;EUR;11;1.36000000;2000;EXCHANGE_LAST;;2;1;XEUR;7934293;443196;
07.01.2025;11:16:47.250;DAI SI 20261218 PS AM P 44.00 0;SIMPLE_INSTRUMENT;BLOCK;EUR;17;4.80000000;750;EXCHANGE_LAST;;1;1;XEUR;7491316;443196;
07.01.2025;13:25:12.678;DAI SI 20260619 PS AM P 36.00 0;SIMPLE_INSTRUMENT;BLOCK;EUR;31;2.22000000;5000;EXCHANGE_LAST;;1;1;XEUR;9598278;443196;
07.01.2025;14:39:20.452;DAI SI 20250117 PS AM P 51.00 0;SIMPLE_INSTRUMENT;BLOCK;EUR;40;0.25000000;1000;EXCHANGE_LAST;;1;1;XEUR;12107558;443196;
07.01.2025;14:39:27.764;DAI SI 20250117 PS AM C 55.00 0;SIMPLE_INSTRUMENT;BLOCK;EUR;41;0.75000000;1000;EXCHANGE_LAST;;1;1;XEUR;12107419;443196;
07.01.2025;14:39:35.444;DAI SI 20250321 PS AM P 50.00 0;SIMPLE_INSTRUMENT;BLOCK;EUR;42;1.25000000;2500;EXCHANGE_LAST;;1;1;XEUR;10884526;443196;
07.01.2025;14:39:41.388;DAI SI 20250321 PS AM C 52.00 0;SIMPLE_INSTRUMENT;BLOCK;EUR;43;4.31000000;2500;EXCHANGE_LAST;;1;1;XEUR;10884528;443196;
07.01.2025;15:47:05.219;DAI.O.250107.STD.000010;STANDARD_OPTION_STRATEGY;BLOCK;EUR;51;8.95000000;2000;EXCHANGE_LAST;;2;1;XEUR;73961106363663550;443196;
07.01.2025;15:47:05.219;DAI SI 20250620 PS AM P 52.00 0;SIMPLE_INSTRUMENT;BLOCK;EUR;51;3.97000000;2000;PRC_DECOMP_EXCHANGE;;;;XEUR;7934288;443196;EXCHANGE
07.01.2025;15:47:05.219;DAI SI 20250620 PS AM C 52.00 0;SIMPLE_INSTRUMENT;BLOCK;EUR;51;4.98000000;2000;PRC_DECOMP_EXCHANGE;;;;XEUR;7934269;443196;EXCHANGE
07.01.2025;11:58:53.166;DB1 SI 20251219 PS AM P 220.00 0;SIMPLE_INSTRUMENT;BLOCK;EUR;5;14.85000000;250;EXCHANGE_LAST;;1;1;XEUR;12437945;361;
07.01.2025;14:02:05.073;DBK.O.250107.BRT12.000013;STANDARD_OPTION_STRATEGY;BLOCK;EUR;8;0.75000000;2500;EXCHANGE_LAST;;1;1;XEUR;72059148816160144;362;
07.01.2025;14:02:05.073;DBK SI 20250321 PS AM P 12.00 0;SIMPLE_INSTRUMENT;BLOCK;EUR;8;0.06000000;5000;PRC_DECOMP_EXCHANGE;;;;XEUR;10835689;362;EXCHANGE
07.01.2025;14:02:05.073;DBK SI 20251219 PS AM P 14.00 0;SIMPLE_INSTRUMENT;BLOCK;EUR;8;0.87000000;2500;PRC_DECOMP_EXCHANGE;;;;XEUR;5926090;362;EXCHANGE
07.01.2025;17:06:53.912;DBK.O.250107.STD.000016;STANDARD_OPTION_STRATEGY;BLOCK;EUR;11;2.81000000;14000;EXCHANGE_LAST;;4;1;XEUR;72059148816160147;362;
07.01.2025;17:06:53.912;DBK SI 20250620 PS AM C 17.00 0;SIMPLE_INSTRUMENT;BLOCK;EUR;11;1.25000000;14000;PRC_DECOMP_EXCHANGE;;;;XEUR;11355632;362;EXCHANGE
07.01.2025;17:06:53.912;DBK SI 20250620 PS AM P 17.00 0;SIMPLE_INSTRUMENT;BLOCK;EUR;11;1.56000000;14000;PRC_DECOMP_EXCHANGE;;;;XEUR;11355635;362;EXCHANGE
07.01.2025;10:03:53.344;DTE.O.250107.RBER.000004;STANDARD_OPTION_STRATEGY;BLOCK;EUR;3;-0.20000000;2500;EXCHANGE_LAST;;1;1;XEUR;72059415104107281;424;
07.01.2025;10:03:53.344;DTE SI 20250321 PS AM P 28.00 0;SIMPLE_INSTRUMENT;BLOCK;EUR;3;0.44000000;2500;PRC_DECOMP_EXCHANGE;;;;XEUR;10836587;424;EXCHANGE
07.01.2025;10:03:53.344;DTE SI 20250321 PS AM P 26.00 0;SIMPLE_INSTRUMENT;BLOCK;EUR;3;0.12000000;5000;PRC_DECOMP_EXCHANGE;;;;XEUR;10836576;424;EXCHANGE
07.01.2025;10:45:25.889;E2NL SI 20250321 CS;SIMPLE_INSTRUMENT;BLOCK;EUR;14;0.21500000;6090;EXCHANGE_LAST;;1;1;XEUR;10403435;471;
07.01.2025;11:31:39.678;E2NL SI 20250321 CS;SIMPLE_INSTRUMENT;BLOCK;EUR;28;0.21500000;1760;EXCHANGE_LAST;;1;1;XEUR;10403435;471;
07.01.2025;15:07:24.212;E2NT SI 20271217 CS;SIMPLE_INSTRUMENT;BLOCK;EUR;58;0.89000000;500;EXCHANGE_LAST;;1;1;XEUR;5914575;470;
07.01.2025;16:34:10.549;E2NT SI 20261218 CS;SIMPLE_INSTRUMENT;BLOCK;EUR;72;0.97500000;1000;EXCHANGE_LAST;;1;1;XEUR;4632357;470;
07.01.2025;16:40:25.039;E2NT SI 20261218 CS;SIMPLE_INSTRUMENT;BLOCK;EUR;75;0.97500000;200;EXCHANGE_LAST;;1;1;XEUR;4632357;470;
07.01.2025;16:24:53.060;E3AS SI 20250321 CS;SIMPLE_INSTRUMENT;BLOCK;EUR;65;0.00100000;258;EXCHANGE_LAST;;1;1;XEUR;11420323;840007;
07.01.2025;16:24:51.464;EADG SI 20250321 CS;SIMPLE_INSTRUMENT;BLOCK;EUR;64;158.99000000;3000;EXCHANGE_LAST;;1;1;XEUR;11420362;840008;
07.01.2025;12:18:06.632;EFGN SI 20250919 PS AM P 13.00 0;SIMPLE_INSTRUMENT;BLOCK;CHF;34;1.07000000;350;EXCHANGE_LAST;;1;1;XEUR;11878987;450;
07.01.2025;11:30:56.968;ENLH SI 20250320 CS;SIMPLE_INSTRUMENT;BLOCK;EUR;27;6.87900000;4000;EXCHANGE_LAST;;1;1;XEUR;10690796;524976;
07.01.2025;09:01:16.578;ENR SI 20271217 PS AM C 10.00 0;SIMPLE_INSTRUMENT;BLOCK;EUR;1;46.02000000;500;EXCHANGE_LAST;;1;1;XEUR;8826450;298530;
07.01.2025;10:54:40.498;ENR SI 20251219 PS AM C 50.00 0;SIMPLE_INSTRUMENT;BLOCK;EUR;4;13.20000000;1000;EXCHANGE_LAST;;1;1;XEUR;12483997;298530;
07.01.2025;12:13:25.385;ENR SI 20251219 PS AM P 48.00 0;SIMPLE_INSTRUMENT;BLOCK;EUR;6;6.65000000;3000;EXCHANGE_LAST;;1;2;XEUR;11142558;298530;
07.01.2025;16:19:40.042;ENT5.O.250107.STD.000001;STANDARD_OPTION_STRATEGY;BLOCK;EUR;37;0.97000000;500;EXCHANGE_LAST;;1;1;XEUR;72059728636684200;497;
07.01.2025;16:19:40.042;ENT5 SI 20250320 PS AM C 13.50 0;SIMPLE_INSTRUMENT;BLOCK;EUR;37;0.59650000;500;PRC_DECOMP_EXCHANGE;;;;XEUR;11980884;497;EXCHANGE
07.01.2025;16:19:40.042;ENT5 SI 20250320 PS AM P 13.50 0;SIMPLE_INSTRUMENT;BLOCK;EUR;37;0.37350000;500;PRC_DECOMP_EXCHANGE;;;;XEUR;11980885;497;EXCHANGE
07.01.2025;09:03:54.777;ENUR SI 20250117 PS AM C 10.20 0;SIMPLE_INSTRUMENT;BLOCK;EUR;5;0.19000000;667;EXCHANGE_LAST;;1;1;XEUR;12440758;498;
07.01.2025;09:03:55.497;ENUR SI 20250117 PS AM C 10.20 0;SIMPLE_INSTRUMENT;BLOCK;EUR;6;0.20000000;667;EXCHANGE_LAST;;1;1;XEUR;12440758;498;
07.01.2025;09:17:15.293;ENUR SI 20250117 PS AM C 10.20 0;SIMPLE_INSTRUMENT;BLOCK;EUR;7;0.17000000;721;EXCHANGE_LAST;;1;1;XEUR;12440758;498;
07.01.2025;09:17:14.789;ENUR SI 20250117 PS AM C 10.20 0;SIMPLE_INSTRUMENT;BLOCK;EUR;8;0.16000000;2880;EXCHANGE_LAST;;1;1;XEUR;12440758;498;
07.01.2025;09:40:50.663;ENUR SI 20250117 PS AM C 10.20 0;SIMPLE_INSTRUMENT;BLOCK;EUR;14;0.12000000;672;EXCHANGE_LAST;;1;1;XEUR;12440758;498;
07.01.2025;09:40:51.168;ENUR SI 20250117 PS AM C 10.20 0;SIMPLE_INSTRUMENT;BLOCK;EUR;15;0.13000000;1008;EXCHANGE_LAST;;1;1;XEUR;12440758;498;
07.01.2025;12:37:08.342;ENUR SI 20250321 PS AM C 11.00 0;SIMPLE_INSTRUMENT;BLOCK;EUR;29;0.15000000;1655;EXCHANGE_LAST;;1;1;XEUR;10838195;498;
07.01.2025;12:37:09.139;ENUR SI 20250321 PS AM C 11.00 0;SIMPLE_INSTRUMENT;BLOCK;EUR;30;0.17000000;15145;EXCHANGE_LAST;;1;1;XEUR;10838195;498;
07.01.2025;09:01:39.962;EOA SI 20250321 PS AM P 10.80 0;SIMPLE_INSTRUMENT;BLOCK;EUR;4;0.22000000;5000;EXCHANGE_LAST;;1;1;XEUR;12472162;49065;
07.01.2025;11:20:22.228;EOA SI 20250221 PS AM C 12.00 0;SIMPLE_INSTRUMENT;BLOCK;EUR;18;0.05000000;17071;EXCHANGE_LAST;;1;1;XEUR;12265517;49065;
07.01.2025;11:20:22.196;EOA SI 20250321 PS AM C 12.00 0;SIMPLE_INSTRUMENT;BLOCK;EUR;19;0.16000000;17071;EXCHANGE_LAST;;1;1;XEUR;10867737;49065;
07.01.2025;13:46:40.600;EOA SI 20250321 PS AM P 10.80 0;SIMPLE_INSTRUMENT;BLOCK;EUR;32;0.22000000;2500;EXCHANGE_LAST;;1;1;XEUR;12472162;49065;
07.01.2025;11:38:38.746;F3IA SI 20251219 CS;SIMPLE_INSTRUMENT;BLOCK;EUR;29;0.49000000;3000;EXCHANGE_LAST;;4;3;XEUR;6633988;390387;
07.01.2025;10:58:21.392;F3TE SI 20261218 CS;SIMPLE_INSTRUMENT;BLOCK;EUR;16;0.70200000;250;EXCHANGE_LAST;;1;1;XEUR;6633899;390379;
07.01.2025;10:58:39.649;F3TE SI 20261218 CS;SIMPLE_INSTRUMENT;BLOCK;EUR;17;0.70300000;250;EXCHANGE_LAST;;1;1;XEUR;6633899;390379;
07.01.2025;11:01:15.000;F3TE SI 20261218 CS;SIMPLE_INSTRUMENT;BLOCK;EUR;20;0.70300000;125;EXCHANGE_LAST;;1;1;XEUR;6633899;390379;
07.01.2025;11:01:24.555;F3TE SI 20261218 CS;SIMPLE_INSTRUMENT;BLOCK;EUR;21;0.70200000;125;EXCHANGE_LAST;;1;1;XEUR;6633899;390379;
07.01.2025;16:16:17.519;F3TE SI 20271217 CS;SIMPLE_INSTRUMENT;BLOCK;EUR;63;0.65000000;700;EXCHANGE_LAST;;1;2;XEUR;6633916;390379;
07.01.2025;08:35:36.265;FBTP SI 20250306 PS;SIMPLE_INSTRUMENT;EFP_FIN;EUR;1;119.56000000;833;EXCHANGE_LAST;;1;1;XEUR;11286675;636;
07.01.2025;08:56:39.744;FBTP SI 20250306 PS;SIMPLE_INSTRUMENT;EFP_FIN;EUR;2;119.54000000;220;EXCHANGE_LAST;;1;1;XEUR;11286675;636;
07.01.2025;08:57:54.118;FBTP SI 20250306 PS;SIMPLE_INSTRUMENT;EFP_FIN;EUR;3;119.55000000;390;EXCHANGE_LAST;;1;1;XEUR;11286675;636;
07.01.2025;09:05:01.200;FBTP SI 20250306 PS;SIMPLE_INSTRUMENT;EFP_FIN;EUR;4;119.52000000;289;EXCHANGE_LAST;;1;1;XEUR;11286675;636;
07.01.2025;09:08:26.419;FBTP SI 20250306 PS;SIMPLE_INSTRUMENT;EFP_FIN;EUR;5;119.53000000;289;EXCHANGE_LAST;;1;1;XEUR;11286675;636;
07.01.2025;09:30:25.681;FBTP SI 20250306 PS;SIMPLE_INSTRUMENT;EFP_FIN;EUR;6;119.38000000;202;EXCHANGE_LAST;;1;1;XEUR;11286675;636;
07.01.2025;09:45:20.756;FBTP SI 20250306 PS;SIMPLE_INSTRUMENT;EFP_FIN;EUR;7;119.44000000;405;EXCHANGE_LAST;;1;1;XEUR;11286675;636;
07.01.2025;10:08:00.881;FBTP SI 20250306 PS;SIMPLE_INSTRUMENT;EFP_FIN;EUR;8;119.40000000;671;EXCHANGE_LAST;;1;1;XEUR;11286675;636;
07.01.2025;10:15:26.297;FBTP SI 20250306 PS;SIMPLE_INSTRUMENT;EFP_FIN;EUR;9;119.38000000;150;EXCHANGE_LAST;;1;1;XEUR;11286675;636;
07.01.2025;10:15:40.062;FBTP SI 20250306 PS;SIMPLE_INSTRUMENT;EFP_FIN;EUR;10;119.38000000;50;EXCHANGE_LAST;;1;1;XEUR;11286675;636;
07.01.2025;10:50:48.596;FBTP SI 20250306 PS;SIMPLE_INSTRUMENT;EFP_FIN;EUR;11;119.35000000;895;EXCHANGE_LAST;;1;1;XEUR;11286675;636;
07.01.2025;11:10:36.100;FBTP SI 20250306 PS;SIMPLE_INSTRUMENT;EFP_FIN;EUR;12;119.32000000;741;EXCHANGE_LAST;;1;1;XEUR;11286675;636;
07.01.2025;11:26:34.798;FBTP SI 20250306 PS;SIMPLE_INSTRUMENT;EFP_FIN;EUR;13;119.34000000;224;EXCHANGE_LAST;;1;1;XEUR;11286675;636;
07.01.2025;11:38:36.389;FBTP SI 20250306 PS;SIMPLE_INSTRUMENT;EFP_FIN;EUR;14;119.37000000;1030;EXCHANGE_LAST;;1;1;XEUR;11286675;636;
07.01.2025;11:38:57.542;FBTP SI 20250306 PS;SIMPLE_INSTRUMENT;EFP_FIN;EUR;15;119.44000000;1391;EXCHANGE_LAST;;1;1;XEUR;11286675;636;
07.01.2025;11:59:02.390;FBTP SI 20250306 PS;SIMPLE_INSTRUMENT;EFP_FIN;EUR;16;119.35000000;672;EXCHANGE_LAST;;1;1;XEUR;11286675;636;
07.01.2025;12:00:48.878;FBTP SI 20250306 PS;SIMPLE_INSTRUMENT;EFP_FIN;EUR;17;119.33000000;104;EXCHANGE_LAST;;1;1;XEUR;11286675;636;
07.01.2025;12:04:06.367;FBTP SI 20250306 PS;SIMPLE_INSTRUMENT;EFP_FIN;EUR;18;119.35000000;448;EXCHANGE_LAST;;1;1;XEUR;11286675;636;
07.01.2025;12:04:39.416;FBTP SI 20250306 PS;SIMPLE_INSTRUMENT;EFP_FIN;EUR;19;119.33000000;235;EXCHANGE_LAST;;1;1;XEUR;11286675;636;
07.01.2025;12:04:49.256;FBTP SI 20250306 PS;SIMPLE_INSTRUMENT;EFP_FIN;EUR;20;119.33000000;143;EXCHANGE_LAST;;1;1;XEUR;11286675;636;
07.01.2025;12:19:02.999;FBTP SI 20250306 PS;SIMPLE_INSTRUMENT;BLOCK;EUR;21;119.29000000;979;EXCHANGE_LAST;;1;1;XEUR;11286675;636;
07.01.2025;12:48:58.276;FBTP SI 20250306 PS;SIMPLE_INSTRUMENT;EFP_FIN;EUR;22;119.26000000;125;EXCHANGE_LAST;;1;1;XEUR;11286675;636;
07.01.2025;13:04:20.664;FBTP SI 20250306 PS;SIMPLE_INSTRUMENT;EFP_FIN;EUR;23;119.25000000;573;EXCHANGE_LAST;;1;1;XEUR;11286675;636;
07.01.2025;13:18:58.686;FBTP SI 20250306 PS;SIMPLE_INSTRUMENT;EFP_FIN;EUR;24;119.44000000;134;EXCHANGE_LAST;;1;1;XEUR;11286675;636;
07.01.2025;14:57:42.978;FBTP SI 20250306 PS;SIMPLE_INSTRUMENT;EFP_FIN;EUR;25;119.36000000;1453;EXCHANGE_LAST;;1;1;XEUR;11286675;636;
07.01.2025;16:00:52.577;FBTP SI 20250306 PS;SIMPLE_INSTRUMENT;EFP_FIN;EUR;26;119.12000000;129;EXCHANGE_LAST;;1;1;XEUR;11286675;636;
07.01.2025;16:10:34.220;FBTP SI 20250306 PS;SIMPLE_INSTRUMENT;EFP_FIN;EUR;27;119.13000000;215;EXCHANGE_LAST;;1;1;XEUR;11286675;636;
07.01.2025;16:25:38.739;FBTP SI 20250306 PS;SIMPLE_INSTRUMENT;EFP_FIN;EUR;28;119.10000000;89;EXCHANGE_LAST;;1;1;XEUR;11286675;636;
07.01.2025;16:25:26.879;FBTP SI 20250306 PS;SIMPLE_INSTRUMENT;EFP_FIN;EUR;29;119.11000000;211;EXCHANGE_LAST;;1;1;XEUR;11286675;636;
07.01.2025;16:38:34.367;FBTP SI 20250306 PS;SIMPLE_INSTRUMENT;BLOCK;EUR;30;119.09000000;271;EXCHANGE_LAST;;1;1;XEUR;11286675;636;
07.01.2025;10:11:56.817;FBTP SI 20250306 PS;SIMPLE_INSTRUMENT;VOLA;EUR;268435485;119.49000000;28;EXCHANGE_LAST;;1;1;XEUR;11286675;636;
07.01.2025;08:37:43.967;FBTS SI 20250306 PS;SIMPLE_INSTRUMENT;EFP_FIN;EUR;1;107.27000000;200;EXCHANGE_LAST;;1;1;XEUR;11286677;639;
07.01.2025;09:09:19.394;FBTS SI 20250306 PS;SIMPLE_INSTRUMENT;EFP_FIN;EUR;3;107.25000000;1144;EXCHANGE_LAST;;1;1;XEUR;11286677;639;
07.01.2025;09:46:21.861;FBTS SI 20250306 PS;SIMPLE_INSTRUMENT;EFP_FIN;EUR;4;107.25000000;672;EXCHANGE_LAST;;1;1;XEUR;11286677;639;
07.01.2025;10:04:07.281;FBTS SI 20250306 PS;SIMPLE_INSTRUMENT;EFP_FIN;EUR;5;107.22000000;454;EXCHANGE_LAST;;1;1;XEUR;11286677;639;
07.01.2025;10:35:01.056;FBTS SI 20250306 PS;SIMPLE_INSTRUMENT;EFP_FIN;EUR;7;107.26000000;807;EXCHANGE_LAST;;1;1;XEUR;11286677;639;
07.01.2025;10:57:27.708;FBTS SI 20250306 PS;SIMPLE_INSTRUMENT;EFP_FIN;EUR;8;107.22000000;454;EXCHANGE_LAST;;1;1;XEUR;11286677;639;
07.01.2025;12:29:15.010;FBTS SI 20250306 PS;SIMPLE_INSTRUMENT;EFP_FIN;EUR;12;107.23000000;79;EXCHANGE_LAST;;1;1;XEUR;11286677;639;
07.01.2025;15:36:48.806;FBTS SI 20250306 PS;SIMPLE_INSTRUMENT;EFP_FIN;EUR;20;107.20000000;132;EXCHANGE_LAST;;1;1;XEUR;11286677;639;
07.01.2025;15:36:53.562;FBTS SI 20250306 PS;SIMPLE_INSTRUMENT;EFP_FIN;EUR;21;107.22000000;345;EXCHANGE_LAST;;1;1;XEUR;11286677;639;
07.01.2025;15:39:38.710;FBTS SI 20250306 PS;SIMPLE_INSTRUMENT;EFP_FIN;EUR;22;107.22000000;176;EXCHANGE_LAST;;1;1;XEUR;11286677;639;
07.01.2025;15:43:32.299;FBTS SI 20250306 PS;SIMPLE_INSTRUMENT;EFP_FIN;EUR;23;107.22000000;220;EXCHANGE_LAST;;1;1;XEUR;11286677;639;
07.01.2025;12:36:15.166;FCBU SI 20250204 CS;SIMPLE_INSTRUMENT;BLOCK;USD;3;0.16325000;400;EXCHANGE_LAST;;1;1;XEUR;10653727;570870;
07.01.2025;16:21:51.088;FCBU SI 20250204 CS;SIMPLE_INSTRUMENT;BLOCK;USD;6;0.16395000;400;EXCHANGE_LAST;;1;1;XEUR;10653727;570870;
07.01.2025;11:36:28.174;FCEU SI 20250317 PS;SIMPLE_INSTRUMENT;BLOCK;USD;2;1.04340000;1131;EXCHANGE_LAST;;1;1;XEUR;9136240;369376;
07.01.2025;16:15:18.017;FCEU SI 20250317 PS;SIMPLE_INSTRUMENT;BLOCK;USD;5;1.04026000;871;EXCHANGE_LAST;;1;1;XEUR;9136240;369376;
07.01.2025;10:29:38.921;FCMU SI 20250317 CS;SIMPLE_INSTRUMENT;BLOCK;USD;1;0.04857000;75;EXCHANGE_LAST;;1;1;XEUR;11329545;570874;
07.01.2025;13:24:42.028;FCMU SI 20250317 CS;SIMPLE_INSTRUMENT;BLOCK;USD;4;0.04845000;120;EXCHANGE_LAST;;1;1;XEUR;11329545;570874;
07.01.2025;13:57:36.677;FDAX SI 20250321 CS;SIMPLE_INSTRUMENT;EFP_IDX;EUR;1;20465.00000000;150;EXCHANGE_LAST;;1;1;XEUR;7561255;589;
07.01.2025;14:07:14.361;FDAX SI 20250321 CS;SIMPLE_INSTRUMENT;EFP_IDX;EUR;3;20465.00000000;100;EXCHANGE_LAST;;1;1;XEUR;7561255;589;
07.01.2025;14:52:03.110;FDAX SI 20250321 CS;SIMPLE_INSTRUMENT;BLOCK;EUR;4;20480.00000000;500;EXCHANGE_LAST;;1;1;XEUR;7561255;589;
07.01.2025;11:01:52.203;FEBD SI 20261218 CS;SIMPLE_INSTRUMENT;BLOCK;EUR;26;9.69000000;250;EXCHANGE_LAST;;1;1;XEUR;7158212;597;
07.01.2025;11:20:44.855;FEBD.S.DEC26.DEC29.SPD;FUTURES_SPREAD;BLOCK;EUR;27;2.29000000;1200;EXCHANGE_LAST;;2;1;XEUR;72060158133406990;597;
07.01.2025;11:20:44.855;FEBD SI 20261218 CS;SIMPLE_INSTRUMENT;BLOCK;EUR;27;9.68000000;1200;PRC_DECOMP_MEMBER;;;;XEUR;7158212;597;MEMBER
07.01.2025;11:20:44.855;FEBD SI 20291221 CS;SIMPLE_INSTRUMENT;BLOCK;EUR;27;7.39000000;1200;PRC_DECOMP_MEMBER;;;;XEUR;8782283;597;MEMBER
07.01.2025;11:24:48.599;FEBD SI 20251219 CS;SIMPLE_INSTRUMENT;BLOCK;EUR;28;10.37000000;200;EXCHANGE_LAST;;1;1;XEUR;5914075;597;
07.01.2025;11:44:44.489;FEBD.S.DEC26.DEC29.SPD;FUTURES_SPREAD;BLOCK;EUR;30;2.29000000;500;EXCHANGE_LAST;;1;1;XEUR;72060158133406990;597;
07.01.2025;11:44:44.489;FEBD SI 20291221 CS;SIMPLE_INSTRUMENT;BLOCK;EUR;30;7.39000000;500;PRC_DECOMP_MEMBER;;;;XEUR;8782283;597;MEMBER
07.01.2025;11:44:44.489;FEBD SI 20261218 CS;SIMPLE_INSTRUMENT;BLOCK;EUR;30;9.68000000;500;PRC_DECOMP_MEMBER;;;;XEUR;7158212;597;MEMBER
07.01.2025;15:52:22.475;FEBD SI 20251219 CS;SIMPLE_INSTRUMENT;BLOCK;EUR;61;10.36000000;100;EXCHANGE_LAST;;1;1;XEUR;5914075;597;
07.01.2025;09:59:43.777;FEDV SI 20250321 CS;SIMPLE_INSTRUMENT;BLOCK;EUR;18;1650.00000000;5000;EXCHANGE_LAST;;1;1;XEUR;11359068;596;
07.01.2025;10:00:21.578;FEDV SI 20250321 CS;SIMPLE_INSTRUMENT;BLOCK;EUR;20;1650.00000000;5000;EXCHANGE_LAST;;1;1;XEUR;11359068;596;
07.01.2025;10:00:47.001;FEDV SI 20250321 CS;SIMPLE_INSTRUMENT;BLOCK;EUR;21;1650.00000000;550;EXCHANGE_LAST;;1;1;XEUR;11359068;596;
07.01.2025;16:12:45.581;FES1 SI 20250321 PS;SIMPLE_INSTRUMENT;BLOCK;EUR;65;17.50000000;350;EXCHANGE_LAST;;1;1;XEUR;11391470;58959;
07.01.2025;11:28:30.857;FESB SI 20250321 CS;SIMPLE_INSTRUMENT;BLOCK;EUR;33;148.90000000;3500;EXCHANGE_LAST;;1;1;XEUR;11359072;605;
07.01.2025;16:44:20.826;FESB SI 20250321 CS;SIMPLE_INSTRUMENT;BLOCK;EUR;41;149.05000000;3738;EXCHANGE_LAST;;1;1;XEUR;11359072;605;
07.01.2025;16:44:44.555;FESB SI 20250321 CS;SIMPLE_INSTRUMENT;BLOCK;EUR;42;149.10000000;5609;EXCHANGE_LAST;;1;1;XEUR;11359072;605;
07.01.2025;10:49:38.208;FESB SI 20250321 CS;SIMPLE_INSTRUMENT;VOLA;EUR;603979787;148.30000000;300;EXCHANGE_LAST;;1;1;XEUR;11359072;605;
07.01.2025;13:07:01.642;FESB SI 20250321 CS;SIMPLE_INSTRUMENT;VOLA;EUR;603979808;149.20000000;600;EXCHANGE_LAST;;1;1;XEUR;11359072;605;
07.01.2025;16:33:10.548;FESB SI 20250321 CS;SIMPLE_INSTRUMENT;VOLA;EUR;603979846;149.00000000;600;EXCHANGE_LAST;;1;1;XEUR;11359072;605;
07.01.2025;09:52:13.240;FESX SI 20250321 CS;SIMPLE_INSTRUMENT;BLOCK;EUR;1;5020.00000000;2200;EXCHANGE_LAST;;1;1;XEUR;7793482;675;
07.01.2025;10:11:58.861;FESX SI 20250321 CS;SIMPLE_INSTRUMENT;EFP_IDX;EUR;2;5010.00000000;1500;EXCHANGE_LAST;;1;1;XEUR;7793482;675;
07.01.2025;10:23:10.964;FESX SI 20250321 CS;SIMPLE_INSTRUMENT;EFP_IDX;EUR;3;5010.00000000;1500;EXCHANGE_LAST;;1;1;XEUR;7793482;675;
07.01.2025;11:00:24.383;FESX SI 20250321 CS;SIMPLE_INSTRUMENT;BLOCK;EUR;4;5025.00000000;3111;EXCHANGE_LAST;;1;1;XEUR;7793482;675;
07.01.2025;12:07:46.458;FESX SI 20250321 CS;SIMPLE_INSTRUMENT;BLOCK;EUR;5;5033.00000000;2000;EXCHANGE_LAST;;1;1;XEUR;7793482;675;
07.01.2025;13:18:40.682;FESX SI 20250321 CS;SIMPLE_INSTRUMENT;EFP_IDX;EUR;6;5033.00000000;500;EXCHANGE_LAST;;1;1;XEUR;7793482;675;
07.01.2025;13:21:22.665;FESX SI 20250321 CS;SIMPLE_INSTRUMENT;BLOCK;EUR;7;5035.00000000;2000;EXCHANGE_LAST;;1;1;XEUR;7793482;675;
07.01.2025;13:22:10.913;FESX SI 20250321 CS;SIMPLE_INSTRUMENT;BLOCK;EUR;8;5035.00000000;2000;EXCHANGE_LAST;;1;1;XEUR;7793482;675;
07.01.2025;13:26:40.020;FESX SI 20250321 CS;SIMPLE_INSTRUMENT;EFP_IDX;EUR;9;5035.00000000;1000;EXCHANGE_LAST;;1;1;XEUR;7793482;675;
07.01.2025;13:58:33.785;FESX SI 20250321 CS;SIMPLE_INSTRUMENT;BLOCK;EUR;10;5036.00000000;2000;EXCHANGE_LAST;;1;1;XEUR;7793482;675;
07.01.2025;14:19:27.764;FESX SI 20250321 CS;SIMPLE_INSTRUMENT;BLOCK;EUR;11;5040.00000000;2000;EXCHANGE_LAST;;1;1;XEUR;7793482;675;
07.01.2025;14:42:11.249;FESX SI 20250321 CS;SIMPLE_INSTRUMENT;BLOCK;EUR;12;5042.00000000;2000;EXCHANGE_LAST;;1;1;XEUR;7793482;675;
07.01.2025;15:12:36.459;FESX SI 20250321 CS;SIMPLE_INSTRUMENT;BLOCK;EUR;13;5030.00000000;2000;EXCHANGE_LAST;;1;1;XEUR;7793482;675;
07.01.2025;16:41:31.611;FESX SI 20250321 CS;SIMPLE_INSTRUMENT;EFP_IDX;EUR;14;5029.00000000;559;EXCHANGE_LAST;;1;1;XEUR;7793482;675;
07.01.2025;16:41:39.816;FESX SI 20250321 CS;SIMPLE_INSTRUMENT;EFP_IDX;EUR;15;5030.00000000;741;EXCHANGE_LAST;;1;1;XEUR;7793482;675;
07.01.2025;16:47:11.515;FESX SI 20250321 CS;SIMPLE_INSTRUMENT;EFP_IDX;EUR;16;5030.00000000;1000;EXCHANGE_LAST;;1;1;XEUR;7793482;675;
07.01.2025;16:50:15.326;FESX SI 20250321 CS;SIMPLE_INSTRUMENT;EFP_IDX;EUR;17;5030.00000000;245;EXCHANGE_LAST;;1;1;XEUR;7793482;675;
07.01.2025;16:50:31.986;FESX SI 20250321 CS;SIMPLE_INSTRUMENT;EFP_IDX;EUR;18;5029.00000000;3255;EXCHANGE_LAST;;1;1;XEUR;7793482;675;
07.01.2025;08:41:36.606;FESX SI 20250321 CS;SIMPLE_INSTRUMENT;VOLA;EUR;637534219;4990.00000000;45;EXCHANGE_LAST;;1;1;XEUR;7793482;675;
07.01.2025;08:58:41.345;FESX SI 20250321 CS;SIMPLE_INSTRUMENT;VOLA;EUR;637534225;4998.00000000;48;EXCHANGE_LAST;;1;1;XEUR;7793482;675;
07.01.2025;09:35:43.047;FESX SI 20250321 CS;SIMPLE_INSTRUMENT;VOLA;EUR;637534240;5015.00000000;405;EXCHANGE_LAST;;1;1;XEUR;7793482;675;
07.01.2025;10:39:19.554;FESX SI 20250321 CS;SIMPLE_INSTRUMENT;VOLA;EUR;637534267;5015.00000000;171;EXCHANGE_LAST;;1;1;XEUR;7793482;675;
07.01.2025;10:52:42.749;FESX SI 20250321 CS;SIMPLE_INSTRUMENT;VOLA;EUR;637534280;5021.00000000;1313;EXCHANGE_LAST;;1;1;XEUR;7793482;675;
07.01.2025;11:50:07.915;FESX SI 20250321 CS;SIMPLE_INSTRUMENT;VOLA;EUR;637534293;5036.00000000;725;EXCHANGE_LAST;;1;1;XEUR;7793482;675;
07.01.2025;12:55:14.206;FESX SI 20250321 CS;SIMPLE_INSTRUMENT;VOLA;EUR;637534307;5040.00000000;72;EXCHANGE_LAST;;1;1;XEUR;7793482;675;
07.01.2025;13:59:02.759;FESX SI 20250321 CS;SIMPLE_INSTRUMENT;VOLA;EUR;637534333;5034.00000000;96;EXCHANGE_LAST;;1;1;XEUR;7793482;675;
07.01.2025;13:59:35.111;FESX SI 20250321 CS;SIMPLE_INSTRUMENT;VOLA;EUR;637534334;5030.00000000;70;EXCHANGE_LAST;;1;1;XEUR;7793482;675;
07.01.2025;14:09:02.654;FESX SI 20250321 CS;SIMPLE_INSTRUMENT;VOLA;EUR;637534337;5032.00000000;185;EXCHANGE_LAST;;1;1;XEUR;7793482;675;
07.01.2025;08:33:57.342;FEXD SI 20261218 CS;SIMPLE_INSTRUMENT;BLOCK;EUR;1;155.80000000;125;EXCHANGE_LAST;;1;1;XEUR;2163053;693;
07.01.2025;08:33:59.817;FEXD SI 20261218 CS;SIMPLE_INSTRUMENT;BLOCK;EUR;2;155.60000000;375;EXCHANGE_LAST;;1;1;XEUR;2163053;693;
07.01.2025;08:37:41.107;FEXD SI 20261218 CS;SIMPLE_INSTRUMENT;BLOCK;EUR;3;155.70000000;600;EXCHANGE_LAST;;1;1;XEUR;2163053;693;
07.01.2025;09:10:54.273;FEXD SI 20261218 CS;SIMPLE_INSTRUMENT;BLOCK;EUR;6;156.10000000;1000;EXCHANGE_LAST;;1;1;XEUR;2163053;693;
07.01.2025;09:11:24.274;FEXD SI 20261218 CS;SIMPLE_INSTRUMENT;BLOCK;EUR;7;155.80000000;375;EXCHANGE_LAST;;1;1;XEUR;2163053;693;
07.01.2025;09:11:31.275;FEXD SI 20261218 CS;SIMPLE_INSTRUMENT;BLOCK;EUR;8;155.90000000;375;EXCHANGE_LAST;;1;1;XEUR;2163053;693;
07.01.2025;09:20:36.172;FEXD SI 20261218 CS;SIMPLE_INSTRUMENT;BLOCK;EUR;9;156.00000000;300;EXCHANGE_LAST;;1;1;XEUR;2163053;693;
07.01.2025;09:30:04.557;FEXD.S.DEC27.DEC28.SPD;FUTURES_SPREAD;BLOCK;EUR;10;4.70000000;100;EXCHANGE_LAST;;1;1;XEUR;72060570450264162;693;
07.01.2025;09:30:04.557;FEXD SI 20271217 CS;SIMPLE_INSTRUMENT;BLOCK;EUR;10;150.20000000;100;PRC_DECOMP_MEMBER;;;;XEUR;2848338;693;MEMBER
07.01.2025;09:30:04.557;FEXD SI 20281215 CS;SIMPLE_INSTRUMENT;BLOCK;EUR;10;145.50000000;100;PRC_DECOMP_MEMBER;;;;XEUR;3680985;693;MEMBER
07.01.2025;09:30:10.244;FEXD.S.DEC27.DEC28.SPD;FUTURES_SPREAD;BLOCK;EUR;11;4.60000000;100;EXCHANGE_LAST;;1;1;XEUR;72060570450264162;693;
07.01.2025;09:30:10.244;FEXD SI 20281215 CS;SIMPLE_INSTRUMENT;BLOCK;EUR;11;145.60000000;100;PRC_DECOMP_MEMBER;;;;XEUR;3680985;693;MEMBER
07.01.2025;09:30:10.244;FEXD SI 20271217 CS;SIMPLE_INSTRUMENT;BLOCK;EUR;11;150.20000000;100;PRC_DECOMP_MEMBER;;;;XEUR;2848338;693;MEMBER
07.01.2025;09:29:10.787;FEXD SI 20291221 CS;SIMPLE_INSTRUMENT;BLOCK;EUR;12;141.50000000;100;EXCHANGE_LAST;;1;1;XEUR;4631968;693;
07.01.2025;10:28:04.431;FEXD SI 20261218 CS;SIMPLE_INSTRUMENT;BLOCK;EUR;24;156.00000000;250;EXCHANGE_LAST;;1;1;XEUR;2163053;693;
07.01.2025;10:42:03.497;FEXD SI 20261218 CS;SIMPLE_INSTRUMENT;BLOCK;EUR;25;156.20000000;350;EXCHANGE_LAST;;1;1;XEUR;2163053;693;
07.01.2025;11:37:26.127;FEXD.S.DEC26.DEC27.SPD;FUTURES_SPREAD;BLOCK;EUR;29;5.30000000;500;EXCHANGE_LAST;;1;1;XEUR;72060570450264153;693;
07.01.2025;11:37:26.127;FEXD SI 20261218 CS;SIMPLE_INSTRUMENT;BLOCK;EUR;29;156.20000000;500;PRC_DECOMP_MEMBER;;;;XEUR;2163053;693;MEMBER
07.01.2025;11:37:26.127;FEXD SI 20271217 CS;SIMPLE_INSTRUMENT;BLOCK;EUR;29;150.90000000;500;PRC_DECOMP_MEMBER;;;;XEUR;2848338;693;MEMBER
07.01.2025;15:12:59.178;FEXD.S.DEC29.DEC30.SPD;FUTURES_SPREAD;BLOCK;EUR;55;3.70000000;1000;EXCHANGE_LAST;;1;1;XEUR;72060570450264203;693;
07.01.2025;15:12:59.178;FEXD SI 20301220 CS;SIMPLE_INSTRUMENT;BLOCK;EUR;55;138.30000000;1000;PRC_DECOMP_MEMBER;;;;XEUR;5914108;693;MEMBER
07.01.2025;15:12:59.178;FEXD SI 20291221 CS;SIMPLE_INSTRUMENT;BLOCK;EUR;55;142.00000000;1000;PRC_DECOMP_MEMBER;;;;XEUR;4631968;693;MEMBER
07.01.2025;15:27:58.300;FEXD SI 20251219 CS;SIMPLE_INSTRUMENT;BLOCK;EUR;57;159.00000000;2500;EXCHANGE_LAST;;1;1;XEUR;1548120;693;
07.01.2025;15:28:51.084;FEXD SI 20251219 CS;SIMPLE_INSTRUMENT;BLOCK;EUR;58;159.10000000;3000;EXCHANGE_LAST;;1;1;XEUR;1548120;693;
07.01.2025;15:42:17.100;FEXD.S.DEC26.DEC27.SPD;FUTURES_SPREAD;BLOCK;EUR;59;5.30000000;125;EXCHANGE_LAST;;1;1;XEUR;72060570450264153;693;
07.01.2025;15:42:17.100;FEXD SI 20261218 CS;SIMPLE_INSTRUMENT;BLOCK;EUR;59;155.80000000;125;PRC_DECOMP_EXCHANGE;;;;XEUR;2163053;693;EXCHANGE
07.01.2025;15:42:17.100;FEXD SI 20271217 CS;SIMPLE_INSTRUMENT;BLOCK;EUR;59;150.50000000;125;PRC_DECOMP_EXCHANGE;;;;XEUR;2848338;693;EXCHANGE
07.01.2025;15:53:47.032;FEXD.S.DEC28.DEC29.SPD;FUTURES_SPREAD;BLOCK;EUR;62;4.00000000;500;EXCHANGE_LAST;;1;1;XEUR;72060570450264171;693;
07.01.2025;15:53:47.032;FEXD SI 20291221 CS;SIMPLE_INSTRUMENT;BLOCK;EUR;62;142.00000000;500;PRC_DECOMP_EXCHANGE;;;;XEUR;4631968;693;EXCHANGE
07.01.2025;15:53:47.032;FEXD SI 20281215 CS;SIMPLE_INSTRUMENT;BLOCK;EUR;62;146.00000000;500;PRC_DECOMP_EXCHANGE;;;;XEUR;3680985;693;EXCHANGE
07.01.2025;16:04:07.174;FEXD.S.DEC28.DEC30.SPD;FUTURES_SPREAD;BLOCK;EUR;63;7.80000000;100;EXCHANGE_LAST;;1;1;XEUR;72060570450264202;693;
07.01.2025;16:04:07.174;FEXD SI 20281215 CS;SIMPLE_INSTRUMENT;BLOCK;EUR;63;146.00000000;100;PRC_DECOMP_EXCHANGE;;;;XEUR;3680985;693;EXCHANGE
07.01.2025;16:04:07.174;FEXD SI 20301220 CS;SIMPLE_INSTRUMENT;BLOCK;EUR;63;138.20000000;100;PRC_DECOMP_EXCHANGE;;;;XEUR;5914108;693;EXCHANGE
07.01.2025;16:02:45.170;FEXD.S.DEC25.DEC27.SPD;FUTURES_SPREAD;BLOCK;EUR;64;8.30000000;200;EXCHANGE_LAST;;1;1;XEUR;72060570450264152;693;
07.01.2025;16:02:45.170;FEXD SI 20251219 CS;SIMPLE_INSTRUMENT;BLOCK;EUR;64;158.80000000;200;PRC_DECOMP_EXCHANGE;;;;XEUR;1548120;693;EXCHANGE
07.01.2025;16:02:45.170;FEXD SI 20271217 CS;SIMPLE_INSTRUMENT;BLOCK;EUR;64;150.50000000;200;PRC_DECOMP_EXCHANGE;;;;XEUR;2848338;693;EXCHANGE
07.01.2025;07:35:42.504;FGBL SI 20250306 PS;SIMPLE_INSTRUMENT;EFS;EUR;1;132.23000000;411;EXCHANGE_LAST;;1;1;XEUR;11286679;688;
07.01.2025;07:52:57.242;FGBL SI 20250306 PS;SIMPLE_INSTRUMENT;EFS;EUR;2;132.35000000;206;EXCHANGE_LAST;;1;1;XEUR;11286679;688;
07.01.2025;07:53:57.896;FGBL SI 20250306 PS;SIMPLE_INSTRUMENT;EFS;EUR;3;132.34000000;206;EXCHANGE_LAST;;1;1;XEUR;11286679;688;
07.01.2025;07:58:45.509;FGBL SI 20250306 PS;SIMPLE_INSTRUMENT;EFS;EUR;4;132.39000000;206;EXCHANGE_LAST;;1;1;XEUR;11286679;688;
07.01.2025;08:07:17.352;FGBL SI 20250306 PS;SIMPLE_INSTRUMENT;EFS;EUR;5;132.31000000;206;EXCHANGE_LAST;;1;1;XEUR;11286679;688;
07.01.2025;08:10:23.293;FGBL SI 20250306 PS;SIMPLE_INSTRUMENT;EFS;EUR;6;132.30000000;472;EXCHANGE_LAST;;1;1;XEUR;11286679;688;
07.01.2025;08:10:34.645;FGBL SI 20250306 PS;SIMPLE_INSTRUMENT;BLOCK;EUR;7;132.40000000;2357;EXCHANGE_LAST;;1;1;XEUR;11286679;688;
07.01.2025;08:17:56.804;FGBL SI 20250306 PS;SIMPLE_INSTRUMENT;EFS;EUR;8;132.32000000;530;EXCHANGE_LAST;;1;1;XEUR;11286679;688;
07.01.2025;08:28:48.842;FGBL SI 20250306 PS;SIMPLE_INSTRUMENT;EFS;EUR;9;132.38000000;471;EXCHANGE_LAST;;1;1;XEUR;11286679;688;
07.01.2025;08:32:08.240;FGBL SI 20250306 PS;SIMPLE_INSTRUMENT;EFS;EUR;10;132.41000000;707;EXCHANGE_LAST;;1;1;XEUR;11286679;688;
07.01.2025;08:37:30.494;FGBL SI 20250306 PS;SIMPLE_INSTRUMENT;EFP_FIN;EUR;11;132.40000000;197;EXCHANGE_LAST;;1;1;XEUR;11286679;688;
07.01.2025;08:38:29.778;FGBL SI 20250306 PS;SIMPLE_INSTRUMENT;EFS;EUR;12;132.33000000;206;EXCHANGE_LAST;;1;1;XEUR;11286679;688;
07.01.2025;08:38:34.781;FGBL SI 20250306 PS;SIMPLE_INSTRUMENT;EFS;EUR;13;132.33000000;206;EXCHANGE_LAST;;1;1;XEUR;11286679;688;
07.01.2025;08:39:17.587;FGBL SI 20250306 PS;SIMPLE_INSTRUMENT;EFS;EUR;14;132.42000000;996;EXCHANGE_LAST;;1;1;XEUR;11286679;688;
07.01.2025;08:40:15.353;FGBL SI 20250306 PS;SIMPLE_INSTRUMENT;EFS;EUR;15;132.42000000;1885;EXCHANGE_LAST;;1;1;XEUR;11286679;688;
07.01.2025;08:41:45.632;FGBL SI 20250306 PS;SIMPLE_INSTRUMENT;EFS;EUR;16;132.32000000;206;EXCHANGE_LAST;;1;1;XEUR;11286679;688;
07.01.2025;08:43:14.368;FGBL SI 20250306 PS;SIMPLE_INSTRUMENT;EFS;EUR;17;132.36000000;679;EXCHANGE_LAST;;1;1;XEUR;11286679;688;
07.01.2025;08:45:28.913;FGBL SI 20250306 PS;SIMPLE_INSTRUMENT;EFP_FIN;EUR;18;132.39000000;1150;EXCHANGE_LAST;;1;1;XEUR;11286679;688;
07.01.2025;08:55:20.545;FGBL SI 20250306 PS;SIMPLE_INSTRUMENT;EFS;EUR;19;132.31000000;206;EXCHANGE_LAST;;1;1;XEUR;11286679;688;
07.01.2025;08:55:30.264;FGBL SI 20250306 PS;SIMPLE_INSTRUMENT;EFS;EUR;20;132.34000000;136;EXCHANGE_LAST;;1;1;XEUR;11286679;688;
07.01.2025;08:56:22.247;FGBL SI 20250306 PS;SIMPLE_INSTRUMENT;EFS;EUR;21;132.36000000;206;EXCHANGE_LAST;;1;1;XEUR;11286679;688;
07.01.2025;08:57:14.570;FGBL SI 20250306 PS;SIMPLE_INSTRUMENT;EFS;EUR;22;132.28000000;206;EXCHANGE_LAST;;1;1;XEUR;11286679;688;
07.01.2025;08:57:15.596;FGBL SI 20250306 PS;SIMPLE_INSTRUMENT;EFS;EUR;23;132.36000000;206;EXCHANGE_LAST;;1;1;XEUR;11286679;688;
07.01.2025;08:57:20.632;FGBL SI 20250306 PS;SIMPLE_INSTRUMENT;EFS;EUR;24;132.28000000;412;EXCHANGE_LAST;;1;1;XEUR;11286679;688;
07.01.2025;08:58:05.670;FGBL SI 20250306 PS;SIMPLE_INSTRUMENT;EFS;EUR;25;132.28000000;206;EXCHANGE_LAST;;1;1;XEUR;11286679;688;
07.01.2025;09:08:24.747;FGBL SI 20250306 PS;SIMPLE_INSTRUMENT;EFS;EUR;26;132.35000000;443;EXCHANGE_LAST;;1;1;XEUR;11286679;688;
07.01.2025;09:09:50.357;FGBL SI 20250306 PS;SIMPLE_INSTRUMENT;EFS;EUR;27;132.40000000;707;EXCHANGE_LAST;;1;1;XEUR;11286679;688;
07.01.2025;09:10:12.210;FGBL SI 20250306 PS;SIMPLE_INSTRUMENT;EFS;EUR;28;132.17000000;412;EXCHANGE_LAST;;1;1;XEUR;11286679;688;
07.01.2025;09:11:16.966;FGBL SI 20250306 PS;SIMPLE_INSTRUMENT;EFS;EUR;29;132.17000000;412;EXCHANGE_LAST;;1;1;XEUR;11286679;688;
07.01.2025;09:14:06.456;FGBL SI 20250306 PS;SIMPLE_INSTRUMENT;EFS;EUR;30;132.23000000;1330;EXCHANGE_LAST;;1;1;XEUR;11286679;688;
07.01.2025;09:14:53.651;FGBL SI 20250306 PS;SIMPLE_INSTRUMENT;EFS;EUR;31;132.30000000;472;EXCHANGE_LAST;;1;1;XEUR;11286679;688;
07.01.2025;09:21:29.126;FGBL SI 20250306 PS;SIMPLE_INSTRUMENT;EFS;EUR;32;132.35000000;112;EXCHANGE_LAST;;1;1;XEUR;11286679;688;
07.01.2025;09:18:39.196;FGBL SI 20250306 PS;SIMPLE_INSTRUMENT;EFS;EUR;33;132.14000000;1417;EXCHANGE_LAST;;1;1;XEUR;11286679;688;
07.01.2025;09:21:58.030;FGBL SI 20250306 PS;SIMPLE_INSTRUMENT;EFS;EUR;34;132.15000000;206;EXCHANGE_LAST;;1;1;XEUR;11286679;688;
07.01.2025;09:23:39.455;FGBL SI 20250306 PS;SIMPLE_INSTRUMENT;EFS;EUR;35;132.27000000;453;EXCHANGE_LAST;;1;1;XEUR;11286679;688;
07.01.2025;09:25:14.584;FGBL SI 20250306 PS;SIMPLE_INSTRUMENT;EFS;EUR;36;132.14000000;823;EXCHANGE_LAST;;1;1;XEUR;11286679;688;
07.01.2025;09:25:38.305;FGBL SI 20250306 PS;SIMPLE_INSTRUMENT;EFS;EUR;37;132.14000000;823;EXCHANGE_LAST;;1;1;XEUR;11286679;688;
07.01.2025;09:26:35.578;FGBL SI 20250306 PS;SIMPLE_INSTRUMENT;EFS;EUR;38;132.16000000;1417;EXCHANGE_LAST;;1;1;XEUR;11286679;688;
07.01.2025;09:28:34.889;FGBL SI 20250306 PS;SIMPLE_INSTRUMENT;EFS;EUR;39;132.21000000;412;EXCHANGE_LAST;;1;1;XEUR;11286679;688;
07.01.2025;09:29:30.834;FGBL SI 20250306 PS;SIMPLE_INSTRUMENT;EFS;EUR;40;132.21000000;412;EXCHANGE_LAST;;1;1;XEUR;11286679;688;
07.01.2025;09:39:22.833;FGBL SI 20250306 PS;SIMPLE_INSTRUMENT;EFP_FIN;EUR;41;132.22000000;532;EXCHANGE_LAST;;1;1;XEUR;11286679;688;
07.01.2025;09:40:33.852;FGBL SI 20250306 PS;SIMPLE_INSTRUMENT;EFS;EUR;42;132.21000000;708;EXCHANGE_LAST;;1;1;XEUR;11286679;688;
07.01.2025;09:41:02.054;FGBL SI 20250306 PS;SIMPLE_INSTRUMENT;EFS;EUR;43;132.23000000;250;EXCHANGE_LAST;;1;1;XEUR;11286679;688;
07.01.2025;09:47:06.462;FGBL SI 20250306 PS;SIMPLE_INSTRUMENT;EFP_FIN;EUR;44;132.21000000;159;EXCHANGE_LAST;;1;1;XEUR;11286679;688;
07.01.2025;09:41:20.619;FGBL SI 20250306 PS;SIMPLE_INSTRUMENT;EFS;EUR;45;132.21000000;206;EXCHANGE_LAST;;1;1;XEUR;11286679;688;
07.01.2025;09:41:40.855;FGBL SI 20250306 PS;SIMPLE_INSTRUMENT;EFS;EUR;46;132.22000000;206;EXCHANGE_LAST;;1;1;XEUR;11286679;688;
07.01.2025;09:42:50.549;FGBL SI 20250306 PS;SIMPLE_INSTRUMENT;EFP_FIN;EUR;47;132.22000000;244;EXCHANGE_LAST;;1;1;XEUR;11286679;688;
07.01.2025;09:43:35.126;FGBL SI 20250306 PS;SIMPLE_INSTRUMENT;EFP_FIN;EUR;48;132.21000000;134;EXCHANGE_LAST;;1;1;XEUR;11286679;688;
07.01.2025;09:47:12.556;FGBL SI 20250306 PS;SIMPLE_INSTRUMENT;EFS;EUR;49;132.26000000;1888;EXCHANGE_LAST;;1;1;XEUR;11286679;688;
07.01.2025;09:47:50.861;FGBL SI 20250306 PS;SIMPLE_INSTRUMENT;EFS;EUR;50;132.22000000;436;EXCHANGE_LAST;;1;1;XEUR;11286679;688;
07.01.2025;09:49:36.810;FGBL SI 20250306 PS;SIMPLE_INSTRUMENT;EFS;EUR;51;132.22000000;436;EXCHANGE_LAST;;1;1;XEUR;11286679;688;
07.01.2025;09:50:09.240;FGBL SI 20250306 PS;SIMPLE_INSTRUMENT;EFS;EUR;52;132.20000000;412;EXCHANGE_LAST;;1;1;XEUR;11286679;688;
07.01.2025;09:51:47.297;FGBL SI 20250306 PS;SIMPLE_INSTRUMENT;EFS;EUR;53;132.21000000;206;EXCHANGE_LAST;;1;1;XEUR;11286679;688;
07.01.2025;09:55:39.308;FGBL SI 20250306 PS;SIMPLE_INSTRUMENT;EFS;EUR;54;132.19000000;935;EXCHANGE_LAST;;1;1;XEUR;11286679;688;
07.01.2025;09:57:30.846;FGBL SI 20250306 PS;SIMPLE_INSTRUMENT;EFP_FIN;EUR;55;132.20000000;367;EXCHANGE_LAST;;1;1;XEUR;11286679;688;
07.01.2025;09:57:30.942;FGBL SI 20250306 PS;SIMPLE_INSTRUMENT;EFP_FIN;EUR;56;132.20000000;223;EXCHANGE_LAST;;1;1;XEUR;11286679;688;
07.01.2025;09:57:35.645;FGBL SI 20250306 PS;SIMPLE_INSTRUMENT;EFS;EUR;57;132.20000000;411;EXCHANGE_LAST;;1;1;XEUR;11286679;688;
07.01.2025;09:58:25.191;FGBL SI 20250306 PS;SIMPLE_INSTRUMENT;EFS;EUR;58;132.22000000;1416;EXCHANGE_LAST;;1;1;XEUR;11286679;688;
07.01.2025;09:58:43.325;FGBL SI 20250306 PS;SIMPLE_INSTRUMENT;EFS;EUR;59;132.21000000;411;EXCHANGE_LAST;;1;1;XEUR;11286679;688;
07.01.2025;09:58:56.893;FGBL SI 20250306 PS;SIMPLE_INSTRUMENT;EFS;EUR;60;132.22000000;946;EXCHANGE_LAST;;1;1;XEUR;11286679;688;
07.01.2025;10:00:34.176;FGBL SI 20250306 PS;SIMPLE_INSTRUMENT;EFS;EUR;61;132.21000000;250;EXCHANGE_LAST;;1;1;XEUR;11286679;688;
07.01.2025;10:00:46.585;FGBL SI 20250306 PS;SIMPLE_INSTRUMENT;EFS;EUR;62;132.24000000;412;EXCHANGE_LAST;;1;1;XEUR;11286679;688;
07.01.2025;10:01:01.567;FGBL SI 20250306 PS;SIMPLE_INSTRUMENT;EFS;EUR;63;132.21000000;530;EXCHANGE_LAST;;1;1;XEUR;11286679;688;
07.01.2025;10:01:21.664;FGBL SI 20250306 PS;SIMPLE_INSTRUMENT;EFS;EUR;64;132.22000000;412;EXCHANGE_LAST;;1;1;XEUR;11286679;688;
07.01.2025;10:01:26.092;FGBL SI 20250306 PS;SIMPLE_INSTRUMENT;EFS;EUR;65;132.20000000;1417;EXCHANGE_LAST;;1;1;XEUR;11286679;688;
07.01.2025;10:01:31.678;FGBL SI 20250306 PS;SIMPLE_INSTRUMENT;EFS;EUR;66;132.22000000;412;EXCHANGE_LAST;;1;1;XEUR;11286679;688;
07.01.2025;10:02:11.601;FGBL SI 20250306 PS;SIMPLE_INSTRUMENT;EFP_FIN;EUR;67;132.22000000;371;EXCHANGE_LAST;;1;1;XEUR;11286679;688;
07.01.2025;10:06:08.609;FGBL SI 20250306 PS;SIMPLE_INSTRUMENT;EFS;EUR;68;132.20000000;1358;EXCHANGE_LAST;;1;1;XEUR;11286679;688;
07.01.2025;10:07:28.070;FGBL SI 20250306 PS;SIMPLE_INSTRUMENT;EFS;EUR;69;132.22000000;412;EXCHANGE_LAST;;1;1;XEUR;11286679;688;
07.01.2025;10:09:17.621;FGBL SI 20250306 PS;SIMPLE_INSTRUMENT;EFS;EUR;70;132.25000000;1132;EXCHANGE_LAST;;1;1;XEUR;11286679;688;
07.01.2025;10:08:28.818;FGBL SI 20250306 PS;SIMPLE_INSTRUMENT;EFP_FIN;EUR;71;132.18000000;163;EXCHANGE_LAST;;1;1;XEUR;11286679;688;
07.01.2025;10:09:28.621;FGBL SI 20250306 PS;SIMPLE_INSTRUMENT;EFS;EUR;72;132.25000000;453;EXCHANGE_LAST;;1;1;XEUR;11286679;688;
07.01.2025;10:10:49.561;FGBL SI 20250306 PS;SIMPLE_INSTRUMENT;EFS;EUR;73;132.20000000;226;EXCHANGE_LAST;;1;1;XEUR;11286679;688;
07.01.2025;10:12:45.359;FGBL SI 20250306 PS;SIMPLE_INSTRUMENT;EFP_FIN;EUR;74;132.21000000;158;EXCHANGE_LAST;;1;1;XEUR;11286679;688;
07.01.2025;10:18:13.813;FGBL SI 20250306 PS;SIMPLE_INSTRUMENT;EFS;EUR;75;132.27000000;494;EXCHANGE_LAST;;1;1;XEUR;11286679;688;
07.01.2025;10:26:18.844;FGBL SI 20250306 PS;SIMPLE_INSTRUMENT;EFS;EUR;76;132.24000000;236;EXCHANGE_LAST;;1;1;XEUR;11286679;688;
07.01.2025;10:21:56.245;FGBL SI 20250306 PS;SIMPLE_INSTRUMENT;EFS;EUR;77;132.22000000;456;EXCHANGE_LAST;;1;1;XEUR;11286679;688;
07.01.2025;10:24:28.458;FGBL SI 20250306 PS;SIMPLE_INSTRUMENT;EFS;EUR;78;132.25000000;54;EXCHANGE_LAST;;1;1;XEUR;11286679;688;
07.01.2025;10:26:45.587;FGBL SI 20250306 PS;SIMPLE_INSTRUMENT;EFS;EUR;79;132.26000000;452;EXCHANGE_LAST;;1;1;XEUR;11286679;688;
07.01.2025;10:28:44.581;FGBL SI 20250306 PS;SIMPLE_INSTRUMENT;EFS;EUR;80;132.20000000;945;EXCHANGE_LAST;;1;1;XEUR;11286679;688;
07.01.2025;10:29:18.770;FGBL SI 20250306 PS;SIMPLE_INSTRUMENT;EFP_FIN;EUR;81;132.27000000;1447;EXCHANGE_LAST;;1;1;XEUR;11286679;688;
07.01.2025;10:31:22.131;FGBL SI 20250306 PS;SIMPLE_INSTRUMENT;EFS;EUR;82;132.31000000;272;EXCHANGE_LAST;;1;1;XEUR;11286679;688;
07.01.2025;10:31:44.520;FGBL SI 20250306 PS;SIMPLE_INSTRUMENT;EFS;EUR;83;132.22000000;412;EXCHANGE_LAST;;1;1;XEUR;11286679;688;
07.01.2025;10:46:09.029;FGBL SI 20250306 PS;SIMPLE_INSTRUMENT;EFP_FIN;EUR;84;132.22000000;1396;EXCHANGE_LAST;;1;1;XEUR;11286679;688;
07.01.2025;10:47:40.677;FGBL SI 20250306 PS;SIMPLE_INSTRUMENT;EFP_FIN;EUR;85;132.20000000;198;EXCHANGE_LAST;;1;1;XEUR;11286679;688;
07.01.2025;10:48:16.000;FGBL SI 20250306 PS;SIMPLE_INSTRUMENT;EFS;EUR;86;132.15000000;412;EXCHANGE_LAST;;1;1;XEUR;11286679;688;
07.01.2025;10:58:16.497;FGBL SI 20250306 PS;SIMPLE_INSTRUMENT;EFS;EUR;87;132.21000000;136;EXCHANGE_LAST;;1;1;XEUR;11286679;688;
07.01.2025;11:02:03.105;FGBL SI 20250306 PS;SIMPLE_INSTRUMENT;EFS;EUR;88;132.20000000;412;EXCHANGE_LAST;;1;1;XEUR;11286679;688;
07.01.2025;11:03:33.180;FGBL SI 20250306 PS;SIMPLE_INSTRUMENT;EFS;EUR;89;132.20000000;412;EXCHANGE_LAST;;1;1;XEUR;11286679;688;
07.01.2025;11:06:17.671;FGBL SI 20250306 PS;SIMPLE_INSTRUMENT;EFS;EUR;90;132.19000000;462;EXCHANGE_LAST;;1;1;XEUR;11286679;688;
07.01.2025;11:08:45.496;FGBL SI 20250306 PS;SIMPLE_INSTRUMENT;EFS;EUR;91;132.21000000;1889;EXCHANGE_LAST;;1;1;XEUR;11286679;688;
07.01.2025;11:11:48.258;FGBL SI 20250306 PS;SIMPLE_INSTRUMENT;EFS;EUR;92;132.18000000;412;EXCHANGE_LAST;;1;1;XEUR;11286679;688;
07.01.2025;11:12:38.549;FGBL SI 20250306 PS;SIMPLE_INSTRUMENT;EFS;EUR;93;132.15000000;412;EXCHANGE_LAST;;1;1;XEUR;11286679;688;
07.01.2025;11:15:45.133;FGBL SI 20250306 PS;SIMPLE_INSTRUMENT;EFS;EUR;94;132.16000000;412;EXCHANGE_LAST;;1;1;XEUR;11286679;688;
07.01.2025;11:17:41.366;FGBL SI 20250306 PS;SIMPLE_INSTRUMENT;EFP_FIN;EUR;95;132.19000000;230;EXCHANGE_LAST;;1;1;XEUR;11286679;688;
07.01.2025;11:19:32.549;FGBL SI 20250306 PS;SIMPLE_INSTRUMENT;EFS;EUR;96;132.21000000;983;EXCHANGE_LAST;;1;1;XEUR;11286679;688;
07.01.2025;11:20:19.209;FGBL SI 20250306 PS;SIMPLE_INSTRUMENT;EFS;EUR;97;132.21000000;907;EXCHANGE_LAST;;1;1;XEUR;11286679;688;
07.01.2025;11:27:56.417;FGBL SI 20250306 PS;SIMPLE_INSTRUMENT;EFS;EUR;98;132.17000000;472;EXCHANGE_LAST;;1;1;XEUR;11286679;688;
07.01.2025;11:37:50.613;FGBL SI 20250306 PS;SIMPLE_INSTRUMENT;EFS;EUR;99;132.20000000;907;EXCHANGE_LAST;;1;1;XEUR;11286679;688;
07.01.2025;11:56:00.818;FGBL SI 20250306 PS;SIMPLE_INSTRUMENT;EFS;EUR;100;132.22000000;412;EXCHANGE_LAST;;1;1;XEUR;11286679;688;
07.01.2025;12:00:41.116;FGBL SI 20250306 PS;SIMPLE_INSTRUMENT;EFS;EUR;101;132.22000000;944;EXCHANGE_LAST;;1;1;XEUR;11286679;688;
07.01.2025;12:06:23.773;FGBL SI 20250306 PS;SIMPLE_INSTRUMENT;EFS;EUR;102;132.23000000;283;EXCHANGE_LAST;;1;1;XEUR;11286679;688;
07.01.2025;12:13:51.958;FGBL SI 20250306 PS;SIMPLE_INSTRUMENT;EFS;EUR;103;132.17000000;227;EXCHANGE_LAST;;1;1;XEUR;11286679;688;
07.01.2025;12:13:53.719;FGBL SI 20250306 PS;SIMPLE_INSTRUMENT;EFS;EUR;104;132.22000000;181;EXCHANGE_LAST;;1;1;XEUR;11286679;688;
07.01.2025;12:18:07.409;FGBL SI 20250306 PS;SIMPLE_INSTRUMENT;EFS;EUR;105;132.21000000;1889;EXCHANGE_LAST;;1;1;XEUR;11286679;688;
07.01.2025;12:21:03.119;FGBL SI 20250306 PS;SIMPLE_INSTRUMENT;EFS;EUR;106;132.24000000;934;EXCHANGE_LAST;;1;1;XEUR;11286679;688;
07.01.2025;12:23:09.009;FGBL SI 20250306 PS;SIMPLE_INSTRUMENT;EFS;EUR;107;132.21000000;472;EXCHANGE_LAST;;1;1;XEUR;11286679;688;
07.01.2025;12:25:21.683;FGBL SI 20250306 PS;SIMPLE_INSTRUMENT;EFS;EUR;108;132.21000000;412;EXCHANGE_LAST;;1;1;XEUR;11286679;688;
07.01.2025;12:31:16.771;FGBL SI 20250306 PS;SIMPLE_INSTRUMENT;EFS;EUR;109;132.18000000;640;EXCHANGE_LAST;;1;1;XEUR;11286679;688;
07.01.2025;12:32:15.775;FGBL SI 20250306 PS;SIMPLE_INSTRUMENT;EFS;EUR;110;132.20000000;1018;EXCHANGE_LAST;;1;1;XEUR;11286679;688;
07.01.2025;12:37:42.159;FGBL SI 20250306 PS;SIMPLE_INSTRUMENT;EFS;EUR;111;132.26000000;411;EXCHANGE_LAST;;1;1;XEUR;11286679;688;
07.01.2025;12:46:27.531;FGBL SI 20250306 PS;SIMPLE_INSTRUMENT;EFS;EUR;112;132.32000000;412;EXCHANGE_LAST;;1;1;XEUR;11286679;688;
07.01.2025;13:05:36.695;FGBL SI 20250306 PS;SIMPLE_INSTRUMENT;EFS;EUR;113;132.37000000;288;EXCHANGE_LAST;;1;1;XEUR;11286679;688;
07.01.2025;13:09:30.631;FGBL SI 20250306 PS;SIMPLE_INSTRUMENT;EFS;EUR;114;132.30000000;472;EXCHANGE_LAST;;1;1;XEUR;11286679;688;
07.01.2025;13:10:36.337;FGBL SI 20250306 PS;SIMPLE_INSTRUMENT;EFS;EUR;115;132.37000000;629;EXCHANGE_LAST;;1;1;XEUR;11286679;688;
07.01.2025;13:12:59.998;FGBL SI 20250306 PS;SIMPLE_INSTRUMENT;EFS;EUR;116;132.38000000;411;EXCHANGE_LAST;;1;1;XEUR;11286679;688;
07.01.2025;13:19:31.261;FGBL SI 20250306 PS;SIMPLE_INSTRUMENT;EFS;EUR;117;132.35000000;411;EXCHANGE_LAST;;1;1;XEUR;11286679;688;
07.01.2025;13:28:03.492;FGBL SI 20250306 PS;SIMPLE_INSTRUMENT;EFS;EUR;118;132.35000000;472;EXCHANGE_LAST;;1;1;XEUR;11286679;688;
07.01.2025;13:29:06.155;FGBL SI 20250306 PS;SIMPLE_INSTRUMENT;EFP_FIN;EUR;119;132.30000000;201;EXCHANGE_LAST;;1;1;XEUR;11286679;688;
07.01.2025;13:29:16.320;FGBL SI 20250306 PS;SIMPLE_INSTRUMENT;EFS;EUR;120;132.29000000;412;EXCHANGE_LAST;;1;1;XEUR;11286679;688;
07.01.2025;13:29:31.332;FGBL SI 20250306 PS;SIMPLE_INSTRUMENT;EFS;EUR;121;132.31000000;618;EXCHANGE_LAST;;1;1;XEUR;11286679;688;
07.01.2025;13:44:24.548;FGBL SI 20250306 PS;SIMPLE_INSTRUMENT;EFS;EUR;122;132.30000000;1361;EXCHANGE_LAST;;1;1;XEUR;11286679;688;
07.01.2025;13:46:51.838;FGBL SI 20250306 PS;SIMPLE_INSTRUMENT;EFS;EUR;123;132.28000000;436;EXCHANGE_LAST;;1;1;XEUR;11286679;688;
07.01.2025;13:49:03.163;FGBL SI 20250306 PS;SIMPLE_INSTRUMENT;EFS;EUR;124;132.31000000;412;EXCHANGE_LAST;;1;1;XEUR;11286679;688;
07.01.2025;13:49:31.579;FGBL SI 20250306 PS;SIMPLE_INSTRUMENT;EFS;EUR;125;132.31000000;1030;EXCHANGE_LAST;;1;1;XEUR;11286679;688;
07.01.2025;13:49:40.795;FGBL SI 20250306 PS;SIMPLE_INSTRUMENT;EFS;EUR;126;132.30000000;411;EXCHANGE_LAST;;1;1;XEUR;11286679;688;
07.01.2025;13:50:04.966;FGBL SI 20250306 PS;SIMPLE_INSTRUMENT;EFS;EUR;127;132.29000000;1030;EXCHANGE_LAST;;1;1;XEUR;11286679;688;
07.01.2025;13:50:58.693;FGBL SI 20250306 PS;SIMPLE_INSTRUMENT;EFP_FIN;EUR;128;132.30000000;166;EXCHANGE_LAST;;1;1;XEUR;11286679;688;
07.01.2025;13:51:56.411;FGBL SI 20250306 PS;SIMPLE_INSTRUMENT;EFS;EUR;129;132.30000000;250;EXCHANGE_LAST;;1;1;XEUR;11286679;688;
07.01.2025;13:53:03.350;FGBL SI 20250306 PS;SIMPLE_INSTRUMENT;EFS;EUR;130;132.31000000;412;EXCHANGE_LAST;;1;1;XEUR;11286679;688;
07.01.2025;13:57:49.543;FGBL SI 20250306 PS;SIMPLE_INSTRUMENT;EFS;EUR;131;132.28000000;412;EXCHANGE_LAST;;1;1;XEUR;11286679;688;
07.01.2025;14:00:04.644;FGBL SI 20250306 PS;SIMPLE_INSTRUMENT;EFS;EUR;132;132.28000000;412;EXCHANGE_LAST;;1;1;XEUR;11286679;688;
07.01.2025;14:07:45.024;FGBL SI 20250306 PS;SIMPLE_INSTRUMENT;EFS;EUR;133;132.37000000;895;EXCHANGE_LAST;;1;1;XEUR;11286679;688;
07.01.2025;14:08:50.098;FGBL SI 20250306 PS;SIMPLE_INSTRUMENT;EFS;EUR;134;132.37000000;298;EXCHANGE_LAST;;1;1;XEUR;11286679;688;
07.01.2025;14:08:53.853;FGBL SI 20250306 PS;SIMPLE_INSTRUMENT;EFS;EUR;135;132.26000000;411;EXCHANGE_LAST;;1;1;XEUR;11286679;688;
07.01.2025;14:11:53.325;FGBL SI 20250306 PS;SIMPLE_INSTRUMENT;EFS;EUR;136;132.31000000;227;EXCHANGE_LAST;;1;1;XEUR;11286679;688;
07.01.2025;14:12:07.735;FGBL SI 20250306 PS;SIMPLE_INSTRUMENT;EFS;EUR;137;132.37000000;206;EXCHANGE_LAST;;1;1;XEUR;11286679;688;
07.01.2025;14:13:00.444;FGBL SI 20250306 PS;SIMPLE_INSTRUMENT;EFS;EUR;138;132.37000000;206;EXCHANGE_LAST;;1;1;XEUR;11286679;688;
07.01.2025;14:14:06.453;FGBL SI 20250306 PS;SIMPLE_INSTRUMENT;EFS;EUR;139;132.35000000;412;EXCHANGE_LAST;;1;1;XEUR;11286679;688;
07.01.2025;14:16:46.673;FGBL SI 20250306 PS;SIMPLE_INSTRUMENT;EFS;EUR;140;132.36000000;412;EXCHANGE_LAST;;1;1;XEUR;11286679;688;
07.01.2025;14:16:46.718;FGBL SI 20250306 PS;SIMPLE_INSTRUMENT;EFS;EUR;141;132.39000000;412;EXCHANGE_LAST;;1;1;XEUR;11286679;688;
07.01.2025;14:18:36.715;FGBL SI 20250306 PS;SIMPLE_INSTRUMENT;EFS;EUR;142;132.37000000;206;EXCHANGE_LAST;;1;1;XEUR;11286679;688;
07.01.2025;14:20:41.872;FGBL SI 20250306 PS;SIMPLE_INSTRUMENT;EFS;EUR;143;132.38000000;412;EXCHANGE_LAST;;1;1;XEUR;11286679;688;
07.01.2025;14:29:27.857;FGBL SI 20250306 PS;SIMPLE_INSTRUMENT;EFS;EUR;144;132.36000000;472;EXCHANGE_LAST;;1;1;XEUR;11286679;688;
07.01.2025;14:38:47.671;FGBL SI 20250306 PS;SIMPLE_INSTRUMENT;EFS;EUR;145;132.36000000;1215;EXCHANGE_LAST;;1;1;XEUR;11286679;688;
07.01.2025;14:44:45.392;FGBL SI 20250306 PS;SIMPLE_INSTRUMENT;EFS;EUR;146;132.38000000;500;EXCHANGE_LAST;;1;1;XEUR;11286679;688;
07.01.2025;14:48:45.316;FGBL SI 20250306 PS;SIMPLE_INSTRUMENT;EFS;EUR;147;132.34000000;297;EXCHANGE_LAST;;1;1;XEUR;11286679;688;
07.01.2025;14:50:53.329;FGBL SI 20250306 PS;SIMPLE_INSTRUMENT;EFS;EUR;148;132.35000000;411;EXCHANGE_LAST;;1;1;XEUR;11286679;688;
07.01.2025;14:57:15.529;FGBL SI 20250306 PS;SIMPLE_INSTRUMENT;EFS;EUR;149;132.32000000;411;EXCHANGE_LAST;;1;1;XEUR;11286679;688;
07.01.2025;15:07:25.238;FGBL SI 20250306 PS;SIMPLE_INSTRUMENT;EFS;EUR;150;132.31000000;463;EXCHANGE_LAST;;1;1;XEUR;11286679;688;
07.01.2025;15:10:30.028;FGBL SI 20250306 PS;SIMPLE_INSTRUMENT;EFS;EUR;151;132.09000000;412;EXCHANGE_LAST;;1;1;XEUR;11286679;688;
07.01.2025;15:13:31.132;FGBL SI 20250306 PS;SIMPLE_INSTRUMENT;EFS;EUR;152;132.09000000;371;EXCHANGE_LAST;;1;1;XEUR;11286679;688;
07.01.2025;15:16:37.389;FGBL SI 20250306 PS;SIMPLE_INSTRUMENT;EFS;EUR;153;132.09000000;412;EXCHANGE_LAST;;1;1;XEUR;11286679;688;
07.01.2025;15:17:12.561;FGBL SI 20250306 PS;SIMPLE_INSTRUMENT;EFS;EUR;154;132.09000000;412;EXCHANGE_LAST;;1;1;XEUR;11286679;688;
07.01.2025;15:19:25.797;FGBL SI 20250306 PS;SIMPLE_INSTRUMENT;EFS;EUR;155;132.35000000;2000;EXCHANGE_LAST;;1;1;XEUR;11286679;688;
07.01.2025;15:20:42.649;FGBL SI 20250306 PS;SIMPLE_INSTRUMENT;EFS;EUR;156;132.16000000;412;EXCHANGE_LAST;;1;1;XEUR;11286679;688;
07.01.2025;15:21:21.992;FGBL SI 20250306 PS;SIMPLE_INSTRUMENT;EFS;EUR;157;132.13000000;618;EXCHANGE_LAST;;1;1;XEUR;11286679;688;
07.01.2025;15:24:37.300;FGBL SI 20250306 PS;SIMPLE_INSTRUMENT;EFP_FIN;EUR;158;132.13000000;385;EXCHANGE_LAST;;1;1;XEUR;11286679;688;
07.01.2025;15:25:56.912;FGBL SI 20250306 PS;SIMPLE_INSTRUMENT;EFS;EUR;159;132.15000000;823;EXCHANGE_LAST;;1;1;XEUR;11286679;688;
07.01.2025;15:28:05.055;FGBL SI 20250306 PS;SIMPLE_INSTRUMENT;EFS;EUR;160;132.15000000;412;EXCHANGE_LAST;;1;1;XEUR;11286679;688;
07.01.2025;15:32:08.417;FGBL SI 20250306 PS;SIMPLE_INSTRUMENT;EFS;EUR;161;132.07000000;413;EXCHANGE_LAST;;1;1;XEUR;11286679;688;
07.01.2025;15:33:58.398;FGBL SI 20250306 PS;SIMPLE_INSTRUMENT;EFS;EUR;162;132.17000000;279;EXCHANGE_LAST;;1;1;XEUR;11286679;688;
07.01.2025;15:34:13.498;FGBL SI 20250306 PS;SIMPLE_INSTRUMENT;EFS;EUR;163;132.08000000;413;EXCHANGE_LAST;;1;1;XEUR;11286679;688;
07.01.2025;15:36:54.370;FGBL SI 20250306 PS;SIMPLE_INSTRUMENT;EFS;EUR;164;132.17000000;456;EXCHANGE_LAST;;1;1;XEUR;11286679;688;
07.01.2025;15:39:08.811;FGBL SI 20250306 PS;SIMPLE_INSTRUMENT;EFS;EUR;165;132.04000000;248;EXCHANGE_LAST;;1;1;XEUR;11286679;688;
07.01.2025;15:39:48.297;FGBL SI 20250306 PS;SIMPLE_INSTRUMENT;EFS;EUR;166;132.08000000;206;EXCHANGE_LAST;;1;1;XEUR;11286679;688;
07.01.2025;15:40:45.575;FGBL SI 20250306 PS;SIMPLE_INSTRUMENT;EFS;EUR;167;132.05000000;206;EXCHANGE_LAST;;1;1;XEUR;11286679;688;
07.01.2025;15:41:28.953;FGBL SI 20250306 PS;SIMPLE_INSTRUMENT;EFS;EUR;168;132.04000000;413;EXCHANGE_LAST;;1;1;XEUR;11286679;688;
07.01.2025;15:42:21.162;FGBL SI 20250306 PS;SIMPLE_INSTRUMENT;EFS;EUR;169;132.08000000;412;EXCHANGE_LAST;;1;1;XEUR;11286679;688;
07.01.2025;15:44:33.040;FGBL SI 20250306 PS;SIMPLE_INSTRUMENT;EFS;EUR;170;132.05000000;206;EXCHANGE_LAST;;1;1;XEUR;11286679;688;
07.01.2025;15:45:51.664;FGBL SI 20250306 PS;SIMPLE_INSTRUMENT;EFS;EUR;171;132.01000000;412;EXCHANGE_LAST;;1;1;XEUR;11286679;688;
07.01.2025;15:49:48.626;FGBL SI 20250306 PS;SIMPLE_INSTRUMENT;EFS;EUR;172;132.02000000;412;EXCHANGE_LAST;;1;1;XEUR;11286679;688;
07.01.2025;15:50:33.080;FGBL SI 20250306 PS;SIMPLE_INSTRUMENT;EFP_FIN;EUR;173;132.22000000;465;EXCHANGE_LAST;;1;1;XEUR;11286679;688;
07.01.2025;15:52:41.650;FGBL SI 20250306 PS;SIMPLE_INSTRUMENT;EFS;EUR;174;132.00000000;206;EXCHANGE_LAST;;1;1;XEUR;11286679;688;
07.01.2025;15:53:08.315;FGBL SI 20250306 PS;SIMPLE_INSTRUMENT;EFS;EUR;175;132.04000000;946;EXCHANGE_LAST;;1;1;XEUR;11286679;688;
07.01.2025;15:53:15.715;FGBL SI 20250306 PS;SIMPLE_INSTRUMENT;EFS;EUR;176;132.02000000;413;EXCHANGE_LAST;;1;1;XEUR;11286679;688;
07.01.2025;15:53:20.722;FGBL SI 20250306 PS;SIMPLE_INSTRUMENT;EFS;EUR;177;132.07000000;413;EXCHANGE_LAST;;1;1;XEUR;11286679;688;
07.01.2025;15:58:40.396;FGBL SI 20250306 PS;SIMPLE_INSTRUMENT;EFS;EUR;178;132.01000000;200;EXCHANGE_LAST;;1;1;XEUR;11286679;688;
07.01.2025;15:59:16.399;FGBL SI 20250306 PS;SIMPLE_INSTRUMENT;EFS;EUR;179;132.01000000;450;EXCHANGE_LAST;;1;1;XEUR;11286679;688;
07.01.2025;16:00:22.193;FGBL SI 20250306 PS;SIMPLE_INSTRUMENT;EFS;EUR;180;132.06000000;413;EXCHANGE_LAST;;1;1;XEUR;11286679;688;
07.01.2025;16:00:31.205;FGBL SI 20250306 PS;SIMPLE_INSTRUMENT;EFS;EUR;181;132.07000000;413;EXCHANGE_LAST;;1;1;XEUR;11286679;688;
07.01.2025;16:00:36.210;FGBL SI 20250306 PS;SIMPLE_INSTRUMENT;EFS;EUR;182;132.10000000;412;EXCHANGE_LAST;;1;1;XEUR;11286679;688;
07.01.2025;16:01:27.619;FGBL SI 20250306 PS;SIMPLE_INSTRUMENT;EFS;EUR;183;132.00000000;293;EXCHANGE_LAST;;1;1;XEUR;11286679;688;
07.01.2025;16:00:46.221;FGBL SI 20250306 PS;SIMPLE_INSTRUMENT;EFS;EUR;184;132.06000000;289;EXCHANGE_LAST;;1;1;XEUR;11286679;688;
07.01.2025;16:02:06.294;FGBL SI 20250306 PS;SIMPLE_INSTRUMENT;EFS;EUR;185;132.09000000;413;EXCHANGE_LAST;;1;1;XEUR;11286679;688;
07.01.2025;16:02:09.168;FGBL SI 20250306 PS;SIMPLE_INSTRUMENT;EFS;EUR;186;132.21000000;455;EXCHANGE_LAST;;1;1;XEUR;11286679;688;
07.01.2025;16:02:56.343;FGBL SI 20250306 PS;SIMPLE_INSTRUMENT;EFS;EUR;187;132.10000000;412;EXCHANGE_LAST;;1;1;XEUR;11286679;688;
07.01.2025;16:07:48.762;FGBL SI 20250306 PS;SIMPLE_INSTRUMENT;EFS;EUR;188;132.06000000;412;EXCHANGE_LAST;;1;1;XEUR;11286679;688;
07.01.2025;16:08:16.686;FGBL SI 20250306 PS;SIMPLE_INSTRUMENT;EFS;EUR;189;132.04000000;413;EXCHANGE_LAST;;1;1;XEUR;11286679;688;
07.01.2025;16:10:56.846;FGBL SI 20250306 PS;SIMPLE_INSTRUMENT;EFS;EUR;190;132.04000000;413;EXCHANGE_LAST;;1;1;XEUR;11286679;688;
07.01.2025;16:12:22.555;FGBL SI 20250306 PS;SIMPLE_INSTRUMENT;EFS;EUR;191;132.06000000;412;EXCHANGE_LAST;;1;1;XEUR;11286679;688;
07.01.2025;16:18:39.286;FGBL SI 20250306 PS;SIMPLE_INSTRUMENT;EFS;EUR;192;132.05000000;236;EXCHANGE_LAST;;1;1;XEUR;11286679;688;
07.01.2025;16:18:58.728;FGBL SI 20250306 PS;SIMPLE_INSTRUMENT;EFS;EUR;193;132.05000000;412;EXCHANGE_LAST;;1;1;XEUR;11286679;688;
07.01.2025;16:20:49.255;FGBL SI 20250306 PS;SIMPLE_INSTRUMENT;EFS;EUR;194;132.05000000;412;EXCHANGE_LAST;;1;1;XEUR;11286679;688;
07.01.2025;16:21:52.525;FGBL SI 20250306 PS;SIMPLE_INSTRUMENT;EFS;EUR;195;131.96000000;124;EXCHANGE_LAST;;1;1;XEUR;11286679;688;
07.01.2025;16:23:00.473;FGBL SI 20250306 PS;SIMPLE_INSTRUMENT;EFP_FIN;EUR;196;131.98000000;1857;EXCHANGE_LAST;;1;1;XEUR;11286679;688;
07.01.2025;16:23:11.230;FGBL SI 20250306 PS;SIMPLE_INSTRUMENT;EFS;EUR;197;132.05000000;378;EXCHANGE_LAST;;1;1;XEUR;11286679;688;
07.01.2025;16:25:50.489;FGBL SI 20250306 PS;SIMPLE_INSTRUMENT;EFS;EUR;198;132.05000000;412;EXCHANGE_LAST;;1;1;XEUR;11286679;688;
07.01.2025;16:26:42.381;FGBL SI 20250306 PS;SIMPLE_INSTRUMENT;EFS;EUR;199;131.95000000;248;EXCHANGE_LAST;;1;1;XEUR;11286679;688;
07.01.2025;16:26:33.921;FGBL SI 20250306 PS;SIMPLE_INSTRUMENT;EFS;EUR;200;132.04000000;412;EXCHANGE_LAST;;1;1;XEUR;11286679;688;
07.01.2025;16:30:20.604;FGBL SI 20250306 PS;SIMPLE_INSTRUMENT;EFS;EUR;201;132.04000000;412;EXCHANGE_LAST;;1;1;XEUR;11286679;688;
07.01.2025;16:35:40.583;FGBL SI 20250306 PS;SIMPLE_INSTRUMENT;EFS;EUR;202;131.95000000;412;EXCHANGE_LAST;;1;1;XEUR;11286679;688;
07.01.2025;16:43:09.650;FGBL SI 20250306 PS;SIMPLE_INSTRUMENT;EFS;EUR;203;132.06000000;257;EXCHANGE_LAST;;1;1;XEUR;11286679;688;
07.01.2025;16:40:44.926;FGBL SI 20250306 PS;SIMPLE_INSTRUMENT;EFS;EUR;204;131.93000000;448;EXCHANGE_LAST;;1;1;XEUR;11286679;688;
07.01.2025;16:42:00.277;FGBL SI 20250306 PS;SIMPLE_INSTRUMENT;EFS;EUR;205;132.02000000;494;EXCHANGE_LAST;;1;1;XEUR;11286679;688;
07.01.2025;16:48:18.755;FGBL SI 20250306 PS;SIMPLE_INSTRUMENT;EFS;EUR;206;132.01000000;946;EXCHANGE_LAST;;1;1;XEUR;11286679;688;
07.01.2025;16:54:33.909;FGBL SI 20250306 PS;SIMPLE_INSTRUMENT;EFS;EUR;207;132.04000000;236;EXCHANGE_LAST;;1;1;XEUR;11286679;688;
07.01.2025;16:55:58.758;FGBL SI 20250306 PS;SIMPLE_INSTRUMENT;EFS;EUR;208;131.95000000;710;EXCHANGE_LAST;;1;1;XEUR;11286679;688;
07.01.2025;17:13:34.338;FGBL SI 20250306 PS;SIMPLE_INSTRUMENT;EFS;EUR;209;131.98000000;412;EXCHANGE_LAST;;1;1;XEUR;11286679;688;
07.01.2025;17:14:46.695;FGBL SI 20250306 PS;SIMPLE_INSTRUMENT;EFS;EUR;210;131.97000000;412;EXCHANGE_LAST;;1;1;XEUR;11286679;688;
07.01.2025;17:16:14.730;FGBL SI 20250306 PS;SIMPLE_INSTRUMENT;EFS;EUR;211;132.00000000;206;EXCHANGE_LAST;;1;1;XEUR;11286679;688;
07.01.2025;08:18:29.181;FGBL SI 20250306 PS;SIMPLE_INSTRUMENT;VOLA;EUR;268435468;132.35000000;75;EXCHANGE_LAST;;1;1;XEUR;11286679;688;
07.01.2025;08:18:53.180;FGBL SI 20250306 PS;SIMPLE_INSTRUMENT;VOLA;EUR;268435469;132.35000000;75;EXCHANGE_LAST;;1;1;XEUR;11286679;688;
07.01.2025;10:38:58.329;FGBL SI 20250306 PS;SIMPLE_INSTRUMENT;VOLA;EUR;268435492;132.20000000;10;EXCHANGE_LAST;;1;1;XEUR;11286679;688;
07.01.2025;10:42:17.785;FGBL SI 20250306 PS;SIMPLE_INSTRUMENT;VOLA;EUR;268435494;132.24000000;188;EXCHANGE_LAST;;1;1;XEUR;11286679;688;
07.01.2025;10:46:11.593;FGBL SI 20250306 PS;SIMPLE_INSTRUMENT;VOLA;EUR;268435499;132.20000000;5;EXCHANGE_LAST;;1;1;XEUR;11286679;688;
07.01.2025;12:21:40.384;FGBL SI 20250306 PS;SIMPLE_INSTRUMENT;VOLA;EUR;268435506;132.23000000;625;EXCHANGE_LAST;;1;1;XEUR;11286679;688;
07.01.2025;13:03:39.396;FGBL SI 20250306 PS;SIMPLE_INSTRUMENT;VOLA;EUR;268435514;132.30000000;230;EXCHANGE_LAST;;1;1;XEUR;11286679;688;
07.01.2025;13:27:48.639;FGBL SI 20250306 PS;SIMPLE_INSTRUMENT;VOLA;EUR;268435520;132.34000000;90;EXCHANGE_LAST;;1;1;XEUR;11286679;688;
07.01.2025;14:46:11.329;FGBL SI 20250306 PS;SIMPLE_INSTRUMENT;VOLA;EUR;268435525;132.27000000;49;EXCHANGE_LAST;;1;1;XEUR;11286679;688;
07.01.2025;14:46:47.334;FGBL SI 20250306 PS;SIMPLE_INSTRUMENT;VOLA;EUR;268435527;132.27000000;49;EXCHANGE_LAST;;1;1;XEUR;11286679;688;
07.01.2025;14:47:32.050;FGBL SI 20250306 PS;SIMPLE_INSTRUMENT;VOLA;EUR;268435530;132.38000000;200;EXCHANGE_LAST;;1;1;XEUR;11286679;688;
07.01.2025;14:51:32.374;FGBL SI 20250306 PS;SIMPLE_INSTRUMENT;VOLA;EUR;268435538;132.38000000;200;EXCHANGE_LAST;;1;1;XEUR;11286679;688;
07.01.2025;14:52:35.478;FGBL SI 20250306 PS;SIMPLE_INSTRUMENT;VOLA;EUR;268435539;132.38000000;100;EXCHANGE_LAST;;1;1;XEUR;11286679;688;
07.01.2025;14:54:30.559;FGBL SI 20250306 PS;SIMPLE_INSTRUMENT;VOLA;EUR;268435540;132.38000000;100;EXCHANGE_LAST;;1;1;XEUR;11286679;688;
07.01.2025;14:58:07.460;FGBL SI 20250306 PS;SIMPLE_INSTRUMENT;VOLA;EUR;268435544;132.27000000;50;EXCHANGE_LAST;;1;1;XEUR;11286679;688;
07.01.2025;16:06:07.920;FGBL SI 20250306 PS;SIMPLE_INSTRUMENT;VOLA;EUR;268435563;132.07000000;69;EXCHANGE_LAST;;1;1;XEUR;11286679;688;
07.01.2025;16:32:19.939;FGBL SI 20250306 PS;SIMPLE_INSTRUMENT;VOLA;EUR;268435586;131.97000000;23;EXCHANGE_LAST;;1;1;XEUR;11286679;688;
07.01.2025;16:45:02.746;FGBL SI 20250306 PS;SIMPLE_INSTRUMENT;VOLA;EUR;268435598;131.95000000;83;EXCHANGE_LAST;;1;1;XEUR;11286679;688;
07.01.2025;16:45:25.271;FGBL SI 20250306 PS;SIMPLE_INSTRUMENT;VOLA;EUR;268435599;131.95000000;83;EXCHANGE_LAST;;1;1;XEUR;11286679;688;
07.01.2025;08:07:32.424;FGBM SI 20250306 PS;SIMPLE_INSTRUMENT;EFS;EUR;1;117.15000000;992;EXCHANGE_LAST;;1;1;XEUR;11286680;689;
07.01.2025;08:08:43.165;FGBM SI 20250306 PS;SIMPLE_INSTRUMENT;EFS;EUR;2;117.21000000;899;EXCHANGE_LAST;;1;1;XEUR;11286680;689;
07.01.2025;08:09:59.663;FGBM SI 20250306 PS;SIMPLE_INSTRUMENT;BLOCK;EUR;3;117.25000000;4953;EXCHANGE_LAST;;1;1;XEUR;11286680;689;
07.01.2025;08:21:15.384;FGBM SI 20250306 PS;SIMPLE_INSTRUMENT;EFS;EUR;4;117.27000000;990;EXCHANGE_LAST;;1;1;XEUR;11286680;689;
07.01.2025;08:39:24.820;FGBM SI 20250306 PS;SIMPLE_INSTRUMENT;EFS;EUR;5;117.24000000;901;EXCHANGE_LAST;;1;1;XEUR;11286680;689;
07.01.2025;08:41:34.916;FGBM SI 20250306 PS;SIMPLE_INSTRUMENT;EFS;EUR;6;117.24000000;901;EXCHANGE_LAST;;1;1;XEUR;11286680;689;
07.01.2025;08:41:53.125;FGBM SI 20250306 PS;SIMPLE_INSTRUMENT;EFS;EUR;7;117.24000000;490;EXCHANGE_LAST;;1;1;XEUR;11286680;689;
07.01.2025;08:43:12.400;FGBM SI 20250306 PS;SIMPLE_INSTRUMENT;EFP_FIN;EUR;8;117.25000000;433;EXCHANGE_LAST;;1;1;XEUR;11286680;689;
07.01.2025;08:47:32.379;FGBM SI 20250306 PS;SIMPLE_INSTRUMENT;EFP_FIN;EUR;9;117.27000000;740;EXCHANGE_LAST;;1;1;XEUR;11286680;689;
07.01.2025;08:48:50.292;FGBM SI 20250306 PS;SIMPLE_INSTRUMENT;EFS;EUR;10;117.25000000;901;EXCHANGE_LAST;;1;1;XEUR;11286680;689;
07.01.2025;08:52:57.839;FGBM SI 20250306 PS;SIMPLE_INSTRUMENT;EFS;EUR;11;117.25000000;424;EXCHANGE_LAST;;1;1;XEUR;11286680;689;
07.01.2025;08:53:50.138;FGBM SI 20250306 PS;SIMPLE_INSTRUMENT;EFS;EUR;12;117.25000000;424;EXCHANGE_LAST;;1;1;XEUR;11286680;689;
07.01.2025;08:56:50.603;FGBM SI 20250306 PS;SIMPLE_INSTRUMENT;EFS;EUR;14;117.19000000;2252;EXCHANGE_LAST;;1;1;XEUR;11286680;689;
07.01.2025;08:57:05.621;FGBM SI 20250306 PS;SIMPLE_INSTRUMENT;EFS;EUR;15;117.19000000;450;EXCHANGE_LAST;;1;1;XEUR;11286680;689;
07.01.2025;08:57:30.641;FGBM SI 20250306 PS;SIMPLE_INSTRUMENT;EFS;EUR;16;117.19000000;901;EXCHANGE_LAST;;1;1;XEUR;11286680;689;
07.01.2025;08:58:20.685;FGBM SI 20250306 PS;SIMPLE_INSTRUMENT;EFS;EUR;17;117.19000000;901;EXCHANGE_LAST;;1;1;XEUR;11286680;689;
07.01.2025;08:58:34.379;FGBM SI 20250306 PS;SIMPLE_INSTRUMENT;EFS;EUR;18;117.22000000;2973;EXCHANGE_LAST;;1;1;XEUR;11286680;689;
07.01.2025;08:59:14.192;FGBM SI 20250306 PS;SIMPLE_INSTRUMENT;EFS;EUR;19;117.26000000;991;EXCHANGE_LAST;;1;1;XEUR;11286680;689;
07.01.2025;09:00:09.095;FGBM SI 20250306 PS;SIMPLE_INSTRUMENT;EFS;EUR;20;117.26000000;1332;EXCHANGE_LAST;;1;1;XEUR;11286680;689;
07.01.2025;09:00:42.856;FGBM SI 20250306 PS;SIMPLE_INSTRUMENT;EFS;EUR;21;117.21000000;2973;EXCHANGE_LAST;;1;1;XEUR;11286680;689;
07.01.2025;09:07:44.346;FGBM SI 20250306 PS;SIMPLE_INSTRUMENT;EFP_FIN;EUR;22;117.25000000;767;EXCHANGE_LAST;;1;1;XEUR;11286680;689;
07.01.2025;09:11:47.371;FGBM SI 20250306 PS;SIMPLE_INSTRUMENT;EFS;EUR;23;117.17000000;2479;EXCHANGE_LAST;;1;1;XEUR;11286680;689;
07.01.2025;09:15:04.914;FGBM SI 20250306 PS;SIMPLE_INSTRUMENT;EFS;EUR;24;117.17000000;2479;EXCHANGE_LAST;;1;1;XEUR;11286680;689;
07.01.2025;09:16:51.935;FGBM SI 20250306 PS;SIMPLE_INSTRUMENT;EFP_FIN;EUR;25;117.14000000;992;EXCHANGE_LAST;;1;1;XEUR;11286680;689;
07.01.2025;09:18:45.788;FGBM SI 20250306 PS;SIMPLE_INSTRUMENT;EFS;EUR;26;117.19000000;2478;EXCHANGE_LAST;;1;1;XEUR;11286680;689;
07.01.2025;09:23:10.788;FGBM SI 20250306 PS;SIMPLE_INSTRUMENT;EFS;EUR;27;117.19000000;2977;EXCHANGE_LAST;;1;1;XEUR;11286680;689;
07.01.2025;09:22:59.561;FGBM SI 20250306 PS;SIMPLE_INSTRUMENT;BLOCK;EUR;28;117.22000000;4754;EXCHANGE_LAST;;1;1;XEUR;11286680;689;
07.01.2025;09:23:30.450;FGBM SI 20250306 PS;SIMPLE_INSTRUMENT;EFP_FIN;EUR;29;117.16000000;431;EXCHANGE_LAST;;1;1;XEUR;11286680;689;
07.01.2025;09:25:06.216;FGBM SI 20250306 PS;SIMPLE_INSTRUMENT;EFP_FIN;EUR;30;117.16000000;480;EXCHANGE_LAST;;1;1;XEUR;11286680;689;
07.01.2025;09:25:39.789;FGBM SI 20250306 PS;SIMPLE_INSTRUMENT;EFS;EUR;31;117.15000000;1124;EXCHANGE_LAST;;1;1;XEUR;11286680;689;
07.01.2025;09:27:31.358;FGBM SI 20250306 PS;SIMPLE_INSTRUMENT;EFS;EUR;32;117.16000000;1983;EXCHANGE_LAST;;1;1;XEUR;11286680;689;
07.01.2025;09:29:23.182;FGBM SI 20250306 PS;SIMPLE_INSTRUMENT;EFS;EUR;33;117.16000000;675;EXCHANGE_LAST;;1;1;XEUR;11286680;689;
07.01.2025;09:32:25.134;FGBM SI 20250306 PS;SIMPLE_INSTRUMENT;EFS;EUR;34;117.16000000;225;EXCHANGE_LAST;;1;1;XEUR;11286680;689;
07.01.2025;09:33:22.534;FGBM SI 20250306 PS;SIMPLE_INSTRUMENT;EFS;EUR;35;117.16000000;1983;EXCHANGE_LAST;;1;1;XEUR;11286680;689;
07.01.2025;09:37:06.319;FGBM SI 20250306 PS;SIMPLE_INSTRUMENT;EFP_FIN;EUR;36;117.19000000;259;EXCHANGE_LAST;;1;1;XEUR;11286680;689;
07.01.2025;09:35:55.825;FGBM SI 20250306 PS;SIMPLE_INSTRUMENT;EFS;EUR;37;117.19000000;1984;EXCHANGE_LAST;;1;1;XEUR;11286680;689;
07.01.2025;09:46:20.720;FGBM SI 20250306 PS;SIMPLE_INSTRUMENT;EFS;EUR;38;117.21000000;899;EXCHANGE_LAST;;1;1;XEUR;11286680;689;
07.01.2025;09:50:50.269;FGBM SI 20250306 PS;SIMPLE_INSTRUMENT;EFS;EUR;39;117.20000000;424;EXCHANGE_LAST;;1;1;XEUR;11286680;689;
07.01.2025;09:51:07.254;FGBM SI 20250306 PS;SIMPLE_INSTRUMENT;EFP_FIN;EUR;40;117.18000000;1545;EXCHANGE_LAST;;1;1;XEUR;11286680;689;
07.01.2025;09:52:35.677;FGBM SI 20250306 PS;SIMPLE_INSTRUMENT;EFP_FIN;EUR;41;117.19000000;797;EXCHANGE_LAST;;1;1;XEUR;11286680;689;
07.01.2025;09:57:01.887;FGBM SI 20250306 PS;SIMPLE_INSTRUMENT;EFS;EUR;42;117.20000000;992;EXCHANGE_LAST;;1;1;XEUR;11286680;689;
07.01.2025;10:00:02.033;FGBM SI 20250306 PS;SIMPLE_INSTRUMENT;EFS;EUR;43;117.21000000;901;EXCHANGE_LAST;;1;1;XEUR;11286680;689;
07.01.2025;10:01:18.040;FGBM SI 20250306 PS;SIMPLE_INSTRUMENT;EFS;EUR;44;117.21000000;449;EXCHANGE_LAST;;1;1;XEUR;11286680;689;
07.01.2025;10:01:21.619;FGBM SI 20250306 PS;SIMPLE_INSTRUMENT;EFS;EUR;45;117.19000000;850;EXCHANGE_LAST;;1;1;XEUR;11286680;689;
07.01.2025;10:01:31.633;FGBM SI 20250306 PS;SIMPLE_INSTRUMENT;EFS;EUR;46;117.19000000;850;EXCHANGE_LAST;;1;1;XEUR;11286680;689;
07.01.2025;10:05:02.536;FGBM SI 20250306 PS;SIMPLE_INSTRUMENT;EFS;EUR;47;117.20000000;4039;EXCHANGE_LAST;;1;1;XEUR;11286680;689;
07.01.2025;10:06:17.983;FGBM SI 20250306 PS;SIMPLE_INSTRUMENT;EFS;EUR;48;117.19000000;901;EXCHANGE_LAST;;1;1;XEUR;11286680;689;
07.01.2025;10:16:46.919;FGBM SI 20250306 PS;SIMPLE_INSTRUMENT;EFS;EUR;49;117.26000000;190;EXCHANGE_LAST;;1;1;XEUR;11286680;689;
07.01.2025;10:21:58.967;FGBM SI 20250306 PS;SIMPLE_INSTRUMENT;EFS;EUR;50;117.18000000;992;EXCHANGE_LAST;;1;1;XEUR;11286680;689;
07.01.2025;10:25:54.277;FGBM SI 20250306 PS;SIMPLE_INSTRUMENT;EFS;EUR;51;117.24000000;450;EXCHANGE_LAST;;1;1;XEUR;11286680;689;
07.01.2025;10:27:51.406;FGBM SI 20250306 PS;SIMPLE_INSTRUMENT;EFS;EUR;52;117.18000000;991;EXCHANGE_LAST;;1;1;XEUR;11286680;689;
07.01.2025;10:31:06.476;FGBM SI 20250306 PS;SIMPLE_INSTRUMENT;EFS;EUR;53;117.22000000;901;EXCHANGE_LAST;;1;1;XEUR;11286680;689;
07.01.2025;10:37:13.354;FGBM SI 20250306 PS;SIMPLE_INSTRUMENT;EFS;EUR;54;117.26000000;449;EXCHANGE_LAST;;1;1;XEUR;11286680;689;
07.01.2025;10:37:41.390;FGBM SI 20250306 PS;SIMPLE_INSTRUMENT;EFS;EUR;55;117.23000000;235;EXCHANGE_LAST;;1;1;XEUR;11286680;689;
07.01.2025;10:38:02.840;FGBM SI 20250306 PS;SIMPLE_INSTRUMENT;EFS;EUR;56;117.24000000;214;EXCHANGE_LAST;;1;1;XEUR;11286680;689;
07.01.2025;10:46:32.247;FGBM SI 20250306 PS;SIMPLE_INSTRUMENT;EFP_FIN;EUR;57;117.21000000;439;EXCHANGE_LAST;;1;1;XEUR;11286680;689;
07.01.2025;10:59:29.698;FGBM SI 20250306 PS;SIMPLE_INSTRUMENT;EFS;EUR;58;117.17000000;2975;EXCHANGE_LAST;;1;1;XEUR;11286680;689;
07.01.2025;11:01:30.874;FGBM SI 20250306 PS;SIMPLE_INSTRUMENT;EFS;EUR;59;117.21000000;946;EXCHANGE_LAST;;1;1;XEUR;11286680;689;
07.01.2025;11:07:52.772;FGBM SI 20250306 PS;SIMPLE_INSTRUMENT;EFS;EUR;60;117.20000000;285;EXCHANGE_LAST;;1;1;XEUR;11286680;689;
07.01.2025;11:09:11.529;FGBM SI 20250306 PS;SIMPLE_INSTRUMENT;EFS;EUR;61;117.18000000;2912;EXCHANGE_LAST;;1;1;XEUR;11286680;689;
07.01.2025;11:23:39.607;FGBM SI 20250306 PS;SIMPLE_INSTRUMENT;EFS;EUR;62;117.19000000;450;EXCHANGE_LAST;;1;1;XEUR;11286680;689;
07.01.2025;11:29:40.136;FGBM SI 20250306 PS;SIMPLE_INSTRUMENT;EFP_FIN;EUR;63;117.20000000;960;EXCHANGE_LAST;;1;1;XEUR;11286680;689;
07.01.2025;11:29:58.375;FGBM SI 20250306 PS;SIMPLE_INSTRUMENT;EFS;EUR;64;117.22000000;1522;EXCHANGE_LAST;;1;1;XEUR;11286680;689;
07.01.2025;11:31:05.327;FGBM SI 20250306 PS;SIMPLE_INSTRUMENT;EFS;EUR;65;117.22000000;675;EXCHANGE_LAST;;1;1;XEUR;11286680;689;
07.01.2025;11:35:21.296;FGBM SI 20250306 PS;SIMPLE_INSTRUMENT;EFS;EUR;66;117.22000000;643;EXCHANGE_LAST;;1;1;XEUR;11286680;689;
07.01.2025;11:36:01.940;FGBM SI 20250306 PS;SIMPLE_INSTRUMENT;EFS;EUR;67;117.23000000;899;EXCHANGE_LAST;;1;1;XEUR;11286680;689;
07.01.2025;11:39:23.194;FGBM SI 20250306 PS;SIMPLE_INSTRUMENT;EFS;EUR;68;117.22000000;449;EXCHANGE_LAST;;1;1;XEUR;11286680;689;
07.01.2025;11:40:25.728;FGBM SI 20250306 PS;SIMPLE_INSTRUMENT;EFS;EUR;69;117.22000000;900;EXCHANGE_LAST;;1;1;XEUR;11286680;689;
07.01.2025;12:03:31.147;FGBM SI 20250306 PS;SIMPLE_INSTRUMENT;EFP_FIN;EUR;70;117.18000000;637;EXCHANGE_LAST;;1;1;XEUR;11286680;689;
07.01.2025;12:11:02.595;FGBM SI 20250306 PS;SIMPLE_INSTRUMENT;EFP_FIN;EUR;71;117.22000000;462;EXCHANGE_LAST;;1;1;XEUR;11286680;689;
07.01.2025;12:30:50.870;FGBM SI 20250306 PS;SIMPLE_INSTRUMENT;EFS;EUR;72;117.21000000;901;EXCHANGE_LAST;;1;1;XEUR;11286680;689;
07.01.2025;12:34:34.383;FGBM SI 20250306 PS;SIMPLE_INSTRUMENT;EFP_FIN;EUR;73;117.21000000;431;EXCHANGE_LAST;;1;1;XEUR;11286680;689;
07.01.2025;12:33:37.827;FGBM SI 20250306 PS;SIMPLE_INSTRUMENT;EFP_FIN;EUR;74;117.21000000;431;EXCHANGE_LAST;;1;1;XEUR;11286680;689;
07.01.2025;12:34:48.351;FGBM SI 20250306 PS;SIMPLE_INSTRUMENT;EFS;EUR;75;117.20000000;960;EXCHANGE_LAST;;1;1;XEUR;11286680;689;
07.01.2025;12:52:57.537;FGBM SI 20250306 PS;SIMPLE_INSTRUMENT;EFP_FIN;EUR;76;117.20000000;250;EXCHANGE_LAST;;1;1;XEUR;11286680;689;
07.01.2025;13:31:39.409;FGBM SI 20250306 PS;SIMPLE_INSTRUMENT;EFP_FIN;EUR;77;117.28000000;765;EXCHANGE_LAST;;1;1;XEUR;11286680;689;
07.01.2025;13:42:50.680;FGBM SI 20250306 PS;SIMPLE_INSTRUMENT;EFS;EUR;78;117.21000000;899;EXCHANGE_LAST;;1;1;XEUR;11286680;689;
07.01.2025;13:49:28.186;FGBM SI 20250306 PS;SIMPLE_INSTRUMENT;EFS;EUR;79;117.24000000;900;EXCHANGE_LAST;;1;1;XEUR;11286680;689;
07.01.2025;13:49:38.196;FGBM SI 20250306 PS;SIMPLE_INSTRUMENT;EFS;EUR;80;117.24000000;900;EXCHANGE_LAST;;1;1;XEUR;11286680;689;
07.01.2025;13:49:48.206;FGBM SI 20250306 PS;SIMPLE_INSTRUMENT;EFS;EUR;81;117.24000000;900;EXCHANGE_LAST;;1;1;XEUR;11286680;689;
07.01.2025;13:50:33.241;FGBM SI 20250306 PS;SIMPLE_INSTRUMENT;EFS;EUR;82;117.24000000;901;EXCHANGE_LAST;;1;1;XEUR;11286680;689;
07.01.2025;13:52:18.317;FGBM SI 20250306 PS;SIMPLE_INSTRUMENT;EFS;EUR;83;117.24000000;900;EXCHANGE_LAST;;1;1;XEUR;11286680;689;
07.01.2025;13:58:59.136;FGBM SI 20250306 PS;SIMPLE_INSTRUMENT;EFS;EUR;84;117.24000000;3933;EXCHANGE_LAST;;1;1;XEUR;11286680;689;
07.01.2025;14:01:36.556;FGBM SI 20250306 PS;SIMPLE_INSTRUMENT;EFP_FIN;EUR;85;117.21000000;415;EXCHANGE_LAST;;1;1;XEUR;11286680;689;
07.01.2025;14:02:42.255;FGBM SI 20250306 PS;SIMPLE_INSTRUMENT;EFS;EUR;86;117.22000000;949;EXCHANGE_LAST;;1;1;XEUR;11286680;689;
07.01.2025;14:09:31.672;FGBM SI 20250306 PS;SIMPLE_INSTRUMENT;EFS;EUR;87;117.24000000;1418;EXCHANGE_LAST;;1;1;XEUR;11286680;689;
07.01.2025;14:09:38.631;FGBM SI 20250306 PS;SIMPLE_INSTRUMENT;EFS;EUR;88;117.23000000;899;EXCHANGE_LAST;;1;1;XEUR;11286680;689;
07.01.2025;14:10:57.334;FGBM SI 20250306 PS;SIMPLE_INSTRUMENT;EFS;EUR;89;117.25000000;899;EXCHANGE_LAST;;1;1;XEUR;11286680;689;
07.01.2025;14:12:21.328;FGBM SI 20250306 PS;SIMPLE_INSTRUMENT;EFS;EUR;90;117.22000000;954;EXCHANGE_LAST;;1;1;XEUR;11286680;689;
07.01.2025;14:16:31.941;FGBM SI 20250306 PS;SIMPLE_INSTRUMENT;EFP_FIN;EUR;91;117.27000000;288;EXCHANGE_LAST;;1;1;XEUR;11286680;689;
07.01.2025;14:16:46.628;FGBM SI 20250306 PS;SIMPLE_INSTRUMENT;EFS;EUR;92;117.29000000;851;EXCHANGE_LAST;;1;1;XEUR;11286680;689;
07.01.2025;14:24:02.168;FGBM SI 20250306 PS;SIMPLE_INSTRUMENT;EFP_FIN;EUR;93;117.24000000;820;EXCHANGE_LAST;;1;1;XEUR;11286680;689;
07.01.2025;14:24:36.079;FGBM SI 20250306 PS;SIMPLE_INSTRUMENT;EFS;EUR;94;117.28000000;953;EXCHANGE_LAST;;1;1;XEUR;11286680;689;
07.01.2025;14:25:27.243;FGBM SI 20250306 PS;SIMPLE_INSTRUMENT;EFP_FIN;EUR;95;117.28000000;862;EXCHANGE_LAST;;1;1;XEUR;11286680;689;
07.01.2025;14:33:37.660;FGBM SI 20250306 PS;SIMPLE_INSTRUMENT;EFS;EUR;96;117.28000000;899;EXCHANGE_LAST;;1;1;XEUR;11286680;689;
07.01.2025;14:34:15.881;FGBM SI 20250306 PS;SIMPLE_INSTRUMENT;EFP_FIN;EUR;97;117.24000000;216;EXCHANGE_LAST;;1;1;XEUR;11286680;689;
07.01.2025;14:34:15.881;FGBM SI 20250306 PS;SIMPLE_INSTRUMENT;EFP_FIN;EUR;98;117.24000000;215;EXCHANGE_LAST;;1;1;XEUR;11286680;689;
07.01.2025;14:55:23.721;FGBM SI 20250306 PS;SIMPLE_INSTRUMENT;EFS;EUR;99;117.26000000;2945;EXCHANGE_LAST;;1;1;XEUR;11286680;689;
07.01.2025;14:58:31.284;FGBM SI 20250306 PS;SIMPLE_INSTRUMENT;EFP_FIN;EUR;100;117.23000000;1294;EXCHANGE_LAST;;1;1;XEUR;11286680;689;
07.01.2025;15:02:23.923;FGBM SI 20250306 PS;SIMPLE_INSTRUMENT;EFS;EUR;101;117.29000000;990;EXCHANGE_LAST;;1;1;XEUR;11286680;689;
07.01.2025;15:05:28.626;FGBM SI 20250306 PS;SIMPLE_INSTRUMENT;EFP_FIN;EUR;102;117.28000000;431;EXCHANGE_LAST;;1;1;XEUR;11286680;689;
07.01.2025;15:07:35.002;FGBM SI 20250306 PS;SIMPLE_INSTRUMENT;EFS;EUR;103;117.28000000;990;EXCHANGE_LAST;;1;1;XEUR;11286680;689;
07.01.2025;15:08:29.574;FGBM SI 20250306 PS;SIMPLE_INSTRUMENT;EFP_FIN;EUR;104;117.29000000;1070;EXCHANGE_LAST;;1;1;XEUR;11286680;689;
07.01.2025;15:15:52.942;FGBM SI 20250306 PS;SIMPLE_INSTRUMENT;EFS;EUR;105;117.16000000;899;EXCHANGE_LAST;;1;1;XEUR;11286680;689;
07.01.2025;15:17:42.448;FGBM SI 20250306 PS;SIMPLE_INSTRUMENT;EFS;EUR;106;117.20000000;901;EXCHANGE_LAST;;1;1;XEUR;11286680;689;
07.01.2025;15:19:38.393;FGBM SI 20250306 PS;SIMPLE_INSTRUMENT;EFS;EUR;107;117.18000000;899;EXCHANGE_LAST;;1;1;XEUR;11286680;689;
07.01.2025;15:19:42.574;FGBM SI 20250306 PS;SIMPLE_INSTRUMENT;EFS;EUR;108;117.23000000;901;EXCHANGE_LAST;;1;1;XEUR;11286680;689;
07.01.2025;15:19:47.579;FGBM SI 20250306 PS;SIMPLE_INSTRUMENT;EFS;EUR;109;117.21000000;901;EXCHANGE_LAST;;1;1;XEUR;11286680;689;
07.01.2025;15:20:57.662;FGBM SI 20250306 PS;SIMPLE_INSTRUMENT;EFS;EUR;110;117.22000000;450;EXCHANGE_LAST;;1;1;XEUR;11286680;689;
07.01.2025;15:21:37.700;FGBM SI 20250306 PS;SIMPLE_INSTRUMENT;EFS;EUR;111;117.22000000;450;EXCHANGE_LAST;;1;1;XEUR;11286680;689;
07.01.2025;15:21:41.934;FGBM SI 20250306 PS;SIMPLE_INSTRUMENT;EFS;EUR;112;117.21000000;1982;EXCHANGE_LAST;;1;1;XEUR;11286680;689;
07.01.2025;15:22:32.723;FGBM SI 20250306 PS;SIMPLE_INSTRUMENT;EFS;EUR;113;117.20000000;899;EXCHANGE_LAST;;1;1;XEUR;11286680;689;
07.01.2025;15:23:07.789;FGBM SI 20250306 PS;SIMPLE_INSTRUMENT;EFS;EUR;114;117.21000000;901;EXCHANGE_LAST;;1;1;XEUR;11286680;689;
07.01.2025;15:23:44.840;FGBM SI 20250306 PS;SIMPLE_INSTRUMENT;EFS;EUR;115;117.22000000;899;EXCHANGE_LAST;;1;1;XEUR;11286680;689;
07.01.2025;15:23:47.969;FGBM SI 20250306 PS;SIMPLE_INSTRUMENT;EFS;EUR;116;117.21000000;450;EXCHANGE_LAST;;1;1;XEUR;11286680;689;
07.01.2025;15:24:12.993;FGBM SI 20250306 PS;SIMPLE_INSTRUMENT;EFS;EUR;117;117.19000000;901;EXCHANGE_LAST;;1;1;XEUR;11286680;689;
07.01.2025;15:24:23.005;FGBM SI 20250306 PS;SIMPLE_INSTRUMENT;EFS;EUR;118;117.19000000;901;EXCHANGE_LAST;;1;1;XEUR;11286680;689;
07.01.2025;15:24:48.104;FGBM SI 20250306 PS;SIMPLE_INSTRUMENT;EFS;EUR;119;117.22000000;1798;EXCHANGE_LAST;;1;1;XEUR;11286680;689;
07.01.2025;15:27:32.598;FGBM SI 20250306 PS;SIMPLE_INSTRUMENT;EFS;EUR;120;117.20000000;991;EXCHANGE_LAST;;1;1;XEUR;11286680;689;
07.01.2025;15:32:08.372;FGBM SI 20250306 PS;SIMPLE_INSTRUMENT;EFS;EUR;121;117.18000000;901;EXCHANGE_LAST;;1;1;XEUR;11286680;689;
07.01.2025;15:35:16.752;FGBM SI 20250306 PS;SIMPLE_INSTRUMENT;EFS;EUR;122;117.18000000;899;EXCHANGE_LAST;;1;1;XEUR;11286680;689;
07.01.2025;15:36:59.286;FGBM SI 20250306 PS;SIMPLE_INSTRUMENT;EFS;EUR;123;117.21000000;191;EXCHANGE_LAST;;1;1;XEUR;11286680;689;
07.01.2025;15:37:45.163;FGBM SI 20250306 PS;SIMPLE_INSTRUMENT;EFS;EUR;124;117.18000000;450;EXCHANGE_LAST;;1;1;XEUR;11286680;689;
07.01.2025;15:50:17.660;FGBM SI 20250306 PS;SIMPLE_INSTRUMENT;EFP_FIN;EUR;125;117.28000000;1096;EXCHANGE_LAST;;1;1;XEUR;11286680;689;
07.01.2025;16:09:44.763;FGBM SI 20250306 PS;SIMPLE_INSTRUMENT;EFS;EUR;127;117.16000000;849;EXCHANGE_LAST;;1;1;XEUR;11286680;689;
07.01.2025;16:14:51.893;FGBM SI 20250306 PS;SIMPLE_INSTRUMENT;EFS;EUR;128;117.16000000;297;EXCHANGE_LAST;;1;1;XEUR;11286680;689;
07.01.2025;16:17:02.983;FGBM SI 20250306 PS;SIMPLE_INSTRUMENT;EFS;EUR;129;117.18000000;849;EXCHANGE_LAST;;1;1;XEUR;11286680;689;
07.01.2025;16:22:58.451;FGBM SI 20250306 PS;SIMPLE_INSTRUMENT;EFP_FIN;EUR;130;117.16000000;107;EXCHANGE_LAST;;1;1;XEUR;11286680;689;
07.01.2025;16:22:37.582;FGBM SI 20250306 PS;SIMPLE_INSTRUMENT;EFS;EUR;131;117.17000000;849;EXCHANGE_LAST;;1;1;XEUR;11286680;689;
07.01.2025;16:24:41.499;FGBM SI 20250306 PS;SIMPLE_INSTRUMENT;EFS;EUR;132;117.17000000;849;EXCHANGE_LAST;;1;1;XEUR;11286680;689;
07.01.2025;16:26:46.289;FGBM SI 20250306 PS;SIMPLE_INSTRUMENT;EFS;EUR;133;117.09000000;986;EXCHANGE_LAST;;1;1;XEUR;11286680;689;
07.01.2025;16:27:22.880;FGBM SI 20250306 PS;SIMPLE_INSTRUMENT;EFS;EUR;134;117.10000000;901;EXCHANGE_LAST;;1;1;XEUR;11286680;689;
07.01.2025;16:29:30.227;FGBM SI 20250306 PS;SIMPLE_INSTRUMENT;EFS;EUR;135;117.15000000;849;EXCHANGE_LAST;;1;1;XEUR;11286680;689;
07.01.2025;16:32:39.735;FGBM SI 20250306 PS;SIMPLE_INSTRUMENT;EFS;EUR;136;117.12000000;899;EXCHANGE_LAST;;1;1;XEUR;11286680;689;
07.01.2025;16:34:18.463;FGBM SI 20250306 PS;SIMPLE_INSTRUMENT;EFS;EUR;137;117.11000000;849;EXCHANGE_LAST;;1;1;XEUR;11286680;689;
07.01.2025;16:43:00.555;FGBM SI 20250306 PS;SIMPLE_INSTRUMENT;EFS;EUR;138;117.18000000;575;EXCHANGE_LAST;;1;1;XEUR;11286680;689;
07.01.2025;16:40:03.804;FGBM SI 20250306 PS;SIMPLE_INSTRUMENT;EFP_FIN;EUR;139;117.19000000;575;EXCHANGE_LAST;;1;1;XEUR;11286680;689;
07.01.2025;16:52:18.930;FGBM SI 20250306 PS;SIMPLE_INSTRUMENT;EFS;EUR;140;117.16000000;240;EXCHANGE_LAST;;1;1;XEUR;11286680;689;
07.01.2025;16:52:26.046;FGBM SI 20250306 PS;SIMPLE_INSTRUMENT;EFS;EUR;141;117.16000000;495;EXCHANGE_LAST;;1;1;XEUR;11286680;689;
07.01.2025;16:53:12.196;FGBM SI 20250306 PS;SIMPLE_INSTRUMENT;EFS;EUR;142;117.16000000;496;EXCHANGE_LAST;;1;1;XEUR;11286680;689;
07.01.2025;15:05:06.738;FGBM SI 20250306 PS;SIMPLE_INSTRUMENT;VOLA;EUR;268435546;117.28000000;137;EXCHANGE_LAST;;1;1;XEUR;11286680;689;
07.01.2025;15:06:17.085;FGBM SI 20250306 PS;SIMPLE_INSTRUMENT;VOLA;EUR;268435547;117.28000000;138;EXCHANGE_LAST;;1;1;XEUR;11286680;689;
07.01.2025;16:43:35.193;FGBM SI 20250306 PS;SIMPLE_INSTRUMENT;VOLA;EUR;268435596;117.09000000;24;EXCHANGE_LAST;;1;1;XEUR;11286680;689;
07.01.2025;16:44:05.205;FGBM SI 20250306 PS;SIMPLE_INSTRUMENT;VOLA;EUR;268435597;117.09000000;54;EXCHANGE_LAST;;1;1;XEUR;11286680;689;
07.01.2025;07:42:09.837;FGBS SI 20250306 PS;SIMPLE_INSTRUMENT;EFP_FIN;EUR;2;106.72000000;201;EXCHANGE_LAST;;1;1;XEUR;11286681;690;
07.01.2025;08:39:47.653;FGBS SI 20250306 PS;SIMPLE_INSTRUMENT;BLOCK;EUR;3;106.76000000;10965;EXCHANGE_LAST;;1;1;XEUR;11286681;690;
07.01.2025;08:41:41.982;FGBS SI 20250306 PS;SIMPLE_INSTRUMENT;EFP_FIN;EUR;4;106.76500000;385;EXCHANGE_LAST;;1;1;XEUR;11286681;690;
07.01.2025;08:55:02.535;FGBS SI 20250306 PS;SIMPLE_INSTRUMENT;EFP_FIN;EUR;5;106.76000000;418;EXCHANGE_LAST;;1;1;XEUR;11286681;690;
07.01.2025;08:55:29.956;FGBS SI 20250306 PS;SIMPLE_INSTRUMENT;EFP_FIN;EUR;6;106.76000000;209;EXCHANGE_LAST;;1;1;XEUR;11286681;690;
07.01.2025;08:58:24.000;FGBS SI 20250306 PS;SIMPLE_INSTRUMENT;EFP_FIN;EUR;7;106.75000000;468;EXCHANGE_LAST;;1;1;XEUR;11286681;690;
07.01.2025;09:04:00.797;FGBS SI 20250306 PS;SIMPLE_INSTRUMENT;EFS;EUR;8;106.74000000;6024;EXCHANGE_LAST;;1;1;XEUR;11286681;690;
07.01.2025;09:17:06.207;FGBS SI 20250306 PS;SIMPLE_INSTRUMENT;EFP_FIN;EUR;9;106.74000000;935;EXCHANGE_LAST;;1;1;XEUR;11286681;690;
07.01.2025;09:18:21.869;FGBS SI 20250306 PS;SIMPLE_INSTRUMENT;EFP_FIN;EUR;10;106.76500000;385;EXCHANGE_LAST;;1;1;XEUR;11286681;690;
07.01.2025;09:30:47.172;FGBS SI 20250306 PS;SIMPLE_INSTRUMENT;EFP_FIN;EUR;11;106.72000000;185;EXCHANGE_LAST;;1;1;XEUR;11286681;690;
07.01.2025;09:32:27.652;FGBS SI 20250306 PS;SIMPLE_INSTRUMENT;EFS;EUR;12;106.73500000;2630;EXCHANGE_LAST;;1;1;XEUR;11286681;690;
07.01.2025;09:42:45.543;FGBS SI 20250306 PS;SIMPLE_INSTRUMENT;EFP_FIN;EUR;13;106.72500000;385;EXCHANGE_LAST;;1;1;XEUR;11286681;690;
07.01.2025;09:46:51.555;FGBS SI 20250306 PS;SIMPLE_INSTRUMENT;EFS;EUR;14;106.74000000;10968;EXCHANGE_LAST;;1;1;XEUR;11286681;690;
07.01.2025;09:45:14.725;FGBS SI 20250306 PS;SIMPLE_INSTRUMENT;EFP_FIN;EUR;15;106.73000000;935;EXCHANGE_LAST;;1;1;XEUR;11286681;690;
07.01.2025;09:50:55.842;FGBS SI 20250306 PS;SIMPLE_INSTRUMENT;EFS;EUR;16;106.74000000;5484;EXCHANGE_LAST;;1;1;XEUR;11286681;690;
07.01.2025;09:59:28.342;FGBS SI 20250306 PS;SIMPLE_INSTRUMENT;EFP_FIN;EUR;17;106.73500000;785;EXCHANGE_LAST;;1;1;XEUR;11286681;690;
07.01.2025;10:05:54.609;FGBS SI 20250306 PS;SIMPLE_INSTRUMENT;EFS;EUR;18;106.73000000;7888;EXCHANGE_LAST;;1;1;XEUR;11286681;690;
07.01.2025;10:20:41.707;FGBS SI 20250306 PS;SIMPLE_INSTRUMENT;EFP_FIN;EUR;19;106.76000000;374;EXCHANGE_LAST;;1;1;XEUR;11286681;690;
07.01.2025;10:20:42.091;FGBS SI 20250306 PS;SIMPLE_INSTRUMENT;EFP_FIN;EUR;20;106.73000000;468;EXCHANGE_LAST;;1;1;XEUR;11286681;690;
07.01.2025;10:20:42.091;FGBS SI 20250306 PS;SIMPLE_INSTRUMENT;EFP_FIN;EUR;21;106.73000000;1402;EXCHANGE_LAST;;1;1;XEUR;11286681;690;
07.01.2025;10:25:10.642;FGBS SI 20250306 PS;SIMPLE_INSTRUMENT;EFP_FIN;EUR;22;106.76000000;780;EXCHANGE_LAST;;1;1;XEUR;11286681;690;
07.01.2025;10:27:19.511;FGBS SI 20250306 PS;SIMPLE_INSTRUMENT;EFS;EUR;23;106.73500000;5484;EXCHANGE_LAST;;1;1;XEUR;11286681;690;
07.01.2025;10:37:51.211;FGBS SI 20250306 PS;SIMPLE_INSTRUMENT;EFP_FIN;EUR;24;106.73500000;613;EXCHANGE_LAST;;1;1;XEUR;11286681;690;
07.01.2025;10:39:29.709;FGBS SI 20250306 PS;SIMPLE_INSTRUMENT;EFS;EUR;25;106.74000000;12387;EXCHANGE_LAST;;1;1;XEUR;11286681;690;
07.01.2025;10:55:12.627;FGBS SI 20250306 PS;SIMPLE_INSTRUMENT;EFP_FIN;EUR;26;106.73000000;1573;EXCHANGE_LAST;;1;1;XEUR;11286681;690;
07.01.2025;10:55:14.624;FGBS SI 20250306 PS;SIMPLE_INSTRUMENT;EFP_FIN;EUR;27;106.75000000;468;EXCHANGE_LAST;;1;1;XEUR;11286681;690;
07.01.2025;10:56:32.144;FGBS SI 20250306 PS;SIMPLE_INSTRUMENT;EFP_FIN;EUR;28;106.75000000;935;EXCHANGE_LAST;;1;1;XEUR;11286681;690;
07.01.2025;11:05:47.805;FGBS SI 20250306 PS;SIMPLE_INSTRUMENT;EFP_FIN;EUR;29;106.73000000;729;EXCHANGE_LAST;;1;1;XEUR;11286681;690;
07.01.2025;11:06:21.308;FGBS SI 20250306 PS;SIMPLE_INSTRUMENT;EFP_FIN;EUR;30;106.73000000;299;EXCHANGE_LAST;;1;1;XEUR;11286681;690;
07.01.2025;11:07:38.926;FGBS SI 20250306 PS;SIMPLE_INSTRUMENT;EFS;EUR;31;106.73500000;10970;EXCHANGE_LAST;;1;1;XEUR;11286681;690;
07.01.2025;11:22:08.911;FGBS SI 20250306 PS;SIMPLE_INSTRUMENT;EFS;EUR;32;106.73000000;1371;EXCHANGE_LAST;;1;1;XEUR;11286681;690;
07.01.2025;11:28:19.495;FGBS SI 20250306 PS;SIMPLE_INSTRUMENT;EFP_FIN;EUR;33;106.74000000;608;EXCHANGE_LAST;;1;1;XEUR;11286681;690;
07.01.2025;11:57:43.346;FGBS SI 20250306 PS;SIMPLE_INSTRUMENT;EFP_FIN;EUR;34;106.73500000;1042;EXCHANGE_LAST;;1;1;XEUR;11286681;690;
07.01.2025;12:17:11.751;FGBS SI 20250306 PS;SIMPLE_INSTRUMENT;EFS;EUR;35;106.74500000;10967;EXCHANGE_LAST;;1;1;XEUR;11286681;690;
07.01.2025;12:22:32.767;FGBS SI 20250306 PS;SIMPLE_INSTRUMENT;EFP_FIN;EUR;36;106.74500000;250;EXCHANGE_LAST;;1;1;XEUR;11286681;690;
07.01.2025;12:43:36.297;FGBS SI 20250306 PS;SIMPLE_INSTRUMENT;EFP_FIN;EUR;37;106.74000000;164;EXCHANGE_LAST;;1;1;XEUR;11286681;690;
07.01.2025;13:05:41.691;FGBS SI 20250306 PS;SIMPLE_INSTRUMENT;EFP_FIN;EUR;38;106.75000000;556;EXCHANGE_LAST;;1;1;XEUR;11286681;690;
07.01.2025;13:07:54.625;FGBS SI 20250306 PS;SIMPLE_INSTRUMENT;EFS;EUR;39;106.76500000;7894;EXCHANGE_LAST;;1;1;XEUR;11286681;690;
07.01.2025;13:55:32.770;FGBS SI 20250306 PS;SIMPLE_INSTRUMENT;EFP_FIN;EUR;40;106.73500000;266;EXCHANGE_LAST;;1;1;XEUR;11286681;690;
07.01.2025;13:55:12.769;FGBS SI 20250306 PS;SIMPLE_INSTRUMENT;EFP_FIN;EUR;41;106.73500000;266;EXCHANGE_LAST;;1;1;XEUR;11286681;690;
07.01.2025;13:57:20.768;FGBS SI 20250306 PS;SIMPLE_INSTRUMENT;EFS;EUR;42;106.74000000;1371;EXCHANGE_LAST;;1;1;XEUR;11286681;690;
07.01.2025;14:11:01.321;FGBS SI 20250306 PS;SIMPLE_INSTRUMENT;EFS;EUR;43;106.74000000;1320;EXCHANGE_LAST;;1;1;XEUR;11286681;690;
07.01.2025;14:11:16.720;FGBS SI 20250306 PS;SIMPLE_INSTRUMENT;EFP_FIN;EUR;44;106.73500000;533;EXCHANGE_LAST;;1;1;XEUR;11286681;690;
07.01.2025;14:14:18.677;FGBS SI 20250306 PS;SIMPLE_INSTRUMENT;EFP_FIN;EUR;45;106.76000000;498;EXCHANGE_LAST;;1;1;XEUR;11286681;690;
07.01.2025;14:37:29.540;FGBS SI 20250306 PS;SIMPLE_INSTRUMENT;EFS;EUR;46;106.76000000;7063;EXCHANGE_LAST;;1;1;XEUR;11286681;690;
07.01.2025;14:38:37.997;FGBS SI 20250306 PS;SIMPLE_INSTRUMENT;EFP_FIN;EUR;47;106.76000000;89;EXCHANGE_LAST;;1;1;XEUR;11286681;690;
07.01.2025;15:10:23.439;FGBS SI 20250306 PS;SIMPLE_INSTRUMENT;EFP_FIN;EUR;48;106.76500000;785;EXCHANGE_LAST;;1;1;XEUR;11286681;690;
07.01.2025;15:13:56.034;FGBS SI 20250306 PS;SIMPLE_INSTRUMENT;EFS;EUR;49;106.74000000;2742;EXCHANGE_LAST;;1;1;XEUR;11286681;690;
07.01.2025;15:55:45.423;FGBS SI 20250306 PS;SIMPLE_INSTRUMENT;EFP_FIN;EUR;50;106.73000000;363;EXCHANGE_LAST;;1;1;XEUR;11286681;690;
07.01.2025;16:25:35.783;FGBS SI 20250306 PS;SIMPLE_INSTRUMENT;EFS;EUR;51;106.72000000;2726;EXCHANGE_LAST;;1;1;XEUR;11286681;690;
07.01.2025;16:27:05.747;FGBS SI 20250306 PS;SIMPLE_INSTRUMENT;BLOCK;EUR;52;106.74500000;9255;EXCHANGE_LAST;;1;1;XEUR;11286681;690;
07.01.2025;16:55:35.326;FGBS SI 20250306 PS;SIMPLE_INSTRUMENT;EFS;EUR;53;106.76500000;1370;EXCHANGE_LAST;;1;1;XEUR;11286681;690;
07.01.2025;17:03:34.849;FGBS SI 20250306 PS;SIMPLE_INSTRUMENT;EFS;EUR;54;106.76500000;1356;EXCHANGE_LAST;;1;1;XEUR;11286681;690;
07.01.2025;08:56:15.542;FGBX SI 20250306 PS;SIMPLE_INSTRUMENT;EFS;EUR;2;129.88000000;54;EXCHANGE_LAST;;1;1;XEUR;11286682;691;
07.01.2025;10:28:51.409;FGBX SI 20250306 PS;SIMPLE_INSTRUMENT;EFS;EUR;6;129.50000000;189;EXCHANGE_LAST;;1;1;XEUR;11286682;691;
07.01.2025;10:59:06.086;FGBX SI 20250306 PS;SIMPLE_INSTRUMENT;EFP_FIN;EUR;9;129.34000000;179;EXCHANGE_LAST;;1;1;XEUR;11286682;691;
07.01.2025;11:01:53.571;FGBX SI 20250306 PS;SIMPLE_INSTRUMENT;EFS;EUR;10;129.38000000;90;EXCHANGE_LAST;;1;1;XEUR;11286682;691;
07.01.2025;11:38:52.616;FGBX SI 20250306 PS;SIMPLE_INSTRUMENT;EFS;EUR;11;129.40000000;363;EXCHANGE_LAST;;1;1;XEUR;11286682;691;
07.01.2025;13:08:26.526;FGBX SI 20250306 PS;SIMPLE_INSTRUMENT;EFP_FIN;EUR;13;129.76000000;133;EXCHANGE_LAST;;1;1;XEUR;11286682;691;
07.01.2025;13:30:26.499;FGBX SI 20250306 PS;SIMPLE_INSTRUMENT;EFS;EUR;14;129.78000000;188;EXCHANGE_LAST;;1;1;XEUR;11286682;691;
07.01.2025;14:01:27.382;FGBX SI 20250306 PS;SIMPLE_INSTRUMENT;EFP_FIN;EUR;15;129.58000000;149;EXCHANGE_LAST;;1;1;XEUR;11286682;691;
07.01.2025;14:12:04.132;FGBX SI 20250306 PS;SIMPLE_INSTRUMENT;EFP_FIN;EUR;16;129.84000000;166;EXCHANGE_LAST;;1;1;XEUR;11286682;691;
07.01.2025;15:05:48.985;FGBX SI 20250306 PS;SIMPLE_INSTRUMENT;EFP_FIN;EUR;17;129.70000000;87;EXCHANGE_LAST;;1;1;XEUR;11286682;691;
07.01.2025;15:19:59.346;FGBX SI 20250306 PS;SIMPLE_INSTRUMENT;EFS;EUR;18;129.20000000;379;EXCHANGE_LAST;;1;1;XEUR;11286682;691;
07.01.2025;15:24:58.143;FGBX SI 20250306 PS;SIMPLE_INSTRUMENT;EFP_FIN;EUR;19;129.74000000;188;EXCHANGE_LAST;;1;1;XEUR;11286682;691;
07.01.2025;17:13:09.519;FGBX SI 20250306 PS;SIMPLE_INSTRUMENT;EFP_FIN;EUR;24;128.82000000;55;EXCHANGE_LAST;;1;1;XEUR;11286682;691;
07.01.2025;12:16:37.899;FIA5.O.250107.CNV.000005;STANDARD_OPTION_STRATEGY;BLOCK;EUR;27;-0.15400000;320;EXCHANGE_LAST;;1;1;XEUR;72264727425719928;48227;
07.01.2025;12:16:37.899;FIA5 SI 20250320 PS AM P 13.00 0;SIMPLE_INSTRUMENT;BLOCK;EUR;27;0.94550000;320;PRC_DECOMP_EXCHANGE;;;;XEUR;10824869;48227;EXCHANGE
07.01.2025;12:16:37.899;FIA5 SI 20250320 PS AM C 13.00 0;SIMPLE_INSTRUMENT;BLOCK;EUR;27;0.79150000;320;PRC_DECOMP_EXCHANGE;;;;XEUR;10824870;48227;EXCHANGE
07.01.2025;12:18:47.638;FIA5.O.250107.STG.000004;STANDARD_OPTION_STRATEGY;BLOCK;EUR;28;1.06000000;1000;EXCHANGE_LAST;;1;1;XEUR;72264727425719927;48227;
07.01.2025;12:18:47.638;FIA5 SI 20250320 PS AM P 11.00 0;SIMPLE_INSTRUMENT;BLOCK;EUR;28;0.28700000;1000;PRC_DECOMP_EXCHANGE;;;;XEUR;10824854;48227;EXCHANGE
07.01.2025;12:18:47.638;FIA5 SI 20250320 PS AM C 13.00 0;SIMPLE_INSTRUMENT;BLOCK;EUR;28;0.77300000;1000;PRC_DECOMP_EXCHANGE;;;;XEUR;10824870;48227;EXCHANGE
07.01.2025;03:03:18.633;FMAU SI 20250321 CS;SIMPLE_INSTRUMENT;BLOCK;USD;11;5689.84100000;41;EXCHANGE_LAST;;1;1;XEUR;7590511;45287;
07.01.2025;08:47:36.227;FMBZ SI 20250321 CS;SIMPLE_INSTRUMENT;BLOCK;USD;30;455.58800000;1109;EXCHANGE_LAST;;1;1;XEUR;7592070;402910;
07.01.2025;00:40:36.142;FMCH SI 20250321 CS;SIMPLE_INSTRUMENT;EFP_IDX;USD;2;500.06100000;41;EXCHANGE_LAST;;1;1;XEUR;7592069;402909;
07.01.2025;16:41:07.058;FMCP SI 20250321 CS;SIMPLE_INSTRUMENT;EFP_IDX;EUR;69;538.70000000;42;EXCHANGE_LAST;;1;1;XEUR;11359149;662;
07.01.2025;16:41:16.610;FMCP SI 20250321 CS;SIMPLE_INSTRUMENT;EFP_IDX;EUR;70;538.60000000;164;EXCHANGE_LAST;;1;1;XEUR;11359149;662;
07.01.2025;08:11:25.192;FMDK SI 20250321 CS;SIMPLE_INSTRUMENT;BLOCK;USD;26;8663.12300000;2915;EXCHANGE_LAST;;1;1;XEUR;7590771;48919;
07.01.2025;01:55:44.366;FMEA SI 20250321 CS;SIMPLE_INSTRUMENT;BLOCK;USD;5;690.32900000;353;EXCHANGE_LAST;;1;1;XEUR;7589834;12395;
07.01.2025;12:30:31.606;FMEF SI 20251219 CS;SIMPLE_INSTRUMENT;BLOCK;USD;34;1110.00000000;375;EXCHANGE_LAST;;1;1;XEUR;7408963;30657;
07.01.2025;07:29:25.260;FMES SI 20250321 CS;SIMPLE_INSTRUMENT;EFP_IDX;EUR;18;563.46600000;1;EXCHANGE_LAST;;1;1;XEUR;7591454;221291;
07.01.2025;15:01:18.205;FMGO SI 20250321 CS;SIMPLE_INSTRUMENT;BLOCK;USD;37;5133.00000000;41;EXCHANGE_LAST;;1;1;XEUR;8609359;583623;
07.01.2025;07:04:28.994;FMGQ SI 20250321 CS;SIMPLE_INSTRUMENT;BLOCK;USD;14;5076.77000000;89;EXCHANGE_LAST;;1;1;XEUR;8609376;583625;
07.01.2025;00:41:10.871;FMID SI 20250321 CS;SIMPLE_INSTRUMENT;BLOCK;USD;1;1578.60000000;63;EXCHANGE_LAST;;1;1;XEUR;7590528;45289;
07.01.2025;00:17:41.307;FMIN SI 20250321 CS;SIMPLE_INSTRUMENT;BLOCK;USD;1;1255.74300000;39;EXCHANGE_LAST;;1;1;XEUR;7589865;12404;
07.01.2025;00:59:03.992;FMIN SI 20250321 CS;SIMPLE_INSTRUMENT;EFP_IDX;USD;3;1252.88600000;74;EXCHANGE_LAST;;1;1;XEUR;7589865;12404;
07.01.2025;01:11:01.070;FMIN SI 20250321 CS;SIMPLE_INSTRUMENT;EFP_IDX;USD;4;1252.01700000;40;EXCHANGE_LAST;;1;1;XEUR;7589865;12404;
07.01.2025;03:38:37.246;FMIN SI 20250321 CS;SIMPLE_INSTRUMENT;BLOCK;USD;12;1252.01200000;125;EXCHANGE_LAST;;1;1;XEUR;7589865;12404;
07.01.2025;02:57:47.662;FMJP SI 20250321 CS;SIMPLE_INSTRUMENT;BLOCK;USD;9;8595.15800000;75;EXCHANGE_LAST;;1;1;XEUR;7588794;661;
07.01.2025;08:02:23.185;FMMU SI 20250321 CS;SIMPLE_INSTRUMENT;EFP_IDX;EUR;24;302.90900000;17;EXCHANGE_LAST;;1;1;XEUR;7590724;48138;
07.01.2025;08:26:05.504;FMMU SI 20250321 CS;SIMPLE_INSTRUMENT;EFP_IDX;EUR;27;302.91000000;16;EXCHANGE_LAST;;1;1;XEUR;7590724;48138;
07.01.2025;07:28:58.028;FMMX SI 20250321 CS;SIMPLE_INSTRUMENT;BLOCK;USD;17;594.80300000;1177;EXCHANGE_LAST;;1;1;XEUR;7589867;12545;
07.01.2025;14:54:38.167;FMMX SI 20250321 CS;SIMPLE_INSTRUMENT;BLOCK;USD;35;596.50000000;11;EXCHANGE_LAST;;1;1;XEUR;7589867;12545;
07.01.2025;14:54:38.189;FMMX SI 20250321 CS;SIMPLE_INSTRUMENT;BLOCK;USD;36;596.60000000;17;EXCHANGE_LAST;;1;1;XEUR;7589867;12545;
07.01.2025;01:55:57.344;FMMY SI 20250321 CS;SIMPLE_INSTRUMENT;BLOCK;USD;6;390.45100000;62;EXCHANGE_LAST;;1;1;XEUR;7589866;12405;
07.01.2025;01:57:16.243;FMPA SI 20250321 CS;SIMPLE_INSTRUMENT;BLOCK;USD;7;8462.61400000;120;EXCHANGE_LAST;;1;1;XEUR;7590728;48143;
07.01.2025;16:29:56.100;FMPX SI 20250321 CS;SIMPLE_INSTRUMENT;BLOCK;USD;38;8100.37000000;125;EXCHANGE_LAST;;1;1;XEUR;7590531;45291;
07.01.2025;07:59:21.460;FMSA SI 20250321 CS;SIMPLE_INSTRUMENT;BLOCK;USD;22;1797.71200000;90;EXCHANGE_LAST;;1;1;XEUR;7591259;134861;
07.01.2025;07:06:36.224;FMUQ SI 20250321 CS;SIMPLE_INSTRUMENT;BLOCK;USD;15;6080.30000000;53;EXCHANGE_LAST;;1;1;XEUR;7590731;48146;
07.01.2025;07:57:45.309;FMWN SI 20250321 CS;SIMPLE_INSTRUMENT;BLOCK;EUR;20;590.95000000;295;EXCHANGE_LAST;;1;1;XEUR;7590222;30654;
07.01.2025;06:40:01.272;FMWO SI 20250321 CS;SIMPLE_INSTRUMENT;EFP_IDX;USD;13;12029.62000000;180;EXCHANGE_LAST;;1;1;XEUR;7589707;7059;
07.01.2025;07:27:45.485;FMWO SI 20250321 CS;SIMPLE_INSTRUMENT;BLOCK;USD;16;12024.62000000;650;EXCHANGE_LAST;;1;1;XEUR;7589707;7059;
07.01.2025;07:37:48.378;FMWO SI 20250321 CS;SIMPLE_INSTRUMENT;EFP_IDX;USD;19;12025.12000000;70;EXCHANGE_LAST;;1;1;XEUR;7589707;7059;
07.01.2025;07:56:16.985;FMWO SI 20250321 CS;SIMPLE_INSTRUMENT;BLOCK;USD;21;12024.62000000;335;EXCHANGE_LAST;;1;1;XEUR;7589707;7059;
07.01.2025;08:01:10.165;FMWO SI 20250321 CS;SIMPLE_INSTRUMENT;EFP_IDX;USD;23;12029.72000000;17;EXCHANGE_LAST;;1;1;XEUR;7589707;7059;
07.01.2025;08:03:09.963;FMWO SI 20250321 CS;SIMPLE_INSTRUMENT;BLOCK;USD;25;12023.63000000;749;EXCHANGE_LAST;;1;1;XEUR;7589707;7059;
07.01.2025;09:15:11.196;FOAT SI 20250306 PS;SIMPLE_INSTRUMENT;EFP_FIN;EUR;1;122.57000000;417;EXCHANGE_LAST;;1;1;XEUR;11286683;749;
07.01.2025;09:43:34.959;FOAT SI 20250306 PS;SIMPLE_INSTRUMENT;EFP_FIN;EUR;2;122.53000000;1055;EXCHANGE_LAST;;1;1;XEUR;11286683;749;
07.01.2025;10:01:00.528;FOAT SI 20250306 PS;SIMPLE_INSTRUMENT;EFS;EUR;3;122.49000000;549;EXCHANGE_LAST;;1;1;XEUR;11286683;749;
07.01.2025;10:37:27.366;FOAT SI 20250306 PS;SIMPLE_INSTRUMENT;EFP_FIN;EUR;4;122.52000000;2085;EXCHANGE_LAST;;1;1;XEUR;11286683;749;
07.01.2025;10:41:29.455;FOAT SI 20250306 PS;SIMPLE_INSTRUMENT;EFP_FIN;EUR;5;122.50000000;223;EXCHANGE_LAST;;1;1;XEUR;11286683;749;
07.01.2025;10:46:30.711;FOAT SI 20250306 PS;SIMPLE_INSTRUMENT;EFP_FIN;EUR;6;122.54000000;312;EXCHANGE_LAST;;1;1;XEUR;11286683;749;
07.01.2025;10:50:07.258;FOAT SI 20250306 PS;SIMPLE_INSTRUMENT;EFP_FIN;EUR;7;122.50000000;504;EXCHANGE_LAST;;1;1;XEUR;11286683;749;
07.01.2025;10:53:23.883;FOAT SI 20250306 PS;SIMPLE_INSTRUMENT;EFP_FIN;EUR;8;122.54000000;486;EXCHANGE_LAST;;1;1;XEUR;11286683;749;
07.01.2025;10:56:34.760;FOAT SI 20250306 PS;SIMPLE_INSTRUMENT;EFP_FIN;EUR;9;122.45000000;1001;EXCHANGE_LAST;;1;1;XEUR;11286683;749;
07.01.2025;10:56:35.524;FOAT SI 20250306 PS;SIMPLE_INSTRUMENT;EFP_FIN;EUR;10;122.46000000;50;EXCHANGE_LAST;;1;1;XEUR;11286683;749;
07.01.2025;11:08:04.059;FOAT SI 20250306 PS;SIMPLE_INSTRUMENT;EFP_FIN;EUR;11;122.47000000;1668;EXCHANGE_LAST;;1;1;XEUR;11286683;749;
07.01.2025;11:12:14.286;FOAT SI 20250306 PS;SIMPLE_INSTRUMENT;BLOCK;EUR;12;122.51000000;1948;EXCHANGE_LAST;;1;1;XEUR;11286683;749;
07.01.2025;11:31:11.706;FOAT SI 20250306 PS;SIMPLE_INSTRUMENT;EFP_FIN;EUR;13;122.57000000;887;EXCHANGE_LAST;;1;1;XEUR;11286683;749;
07.01.2025;11:32:39.393;FOAT SI 20250306 PS;SIMPLE_INSTRUMENT;EFP_FIN;EUR;14;122.57000000;470;EXCHANGE_LAST;;1;1;XEUR;11286683;749;
07.01.2025;11:36:21.829;FOAT SI 20250306 PS;SIMPLE_INSTRUMENT;BLOCK;EUR;15;122.48000000;1208;EXCHANGE_LAST;;1;1;XEUR;11286683;749;
07.01.2025;11:44:52.485;FOAT SI 20250306 PS;SIMPLE_INSTRUMENT;EFS;EUR;16;122.52000000;312;EXCHANGE_LAST;;1;1;XEUR;11286683;749;
07.01.2025;11:48:23.376;FOAT SI 20250306 PS;SIMPLE_INSTRUMENT;EFP_FIN;EUR;17;122.50000000;1011;EXCHANGE_LAST;;1;1;XEUR;11286683;749;
07.01.2025;12:01:28.020;FOAT SI 20250306 PS;SIMPLE_INSTRUMENT;EFP_FIN;EUR;18;122.49000000;834;EXCHANGE_LAST;;1;1;XEUR;11286683;749;
07.01.2025;12:26:42.942;FOAT SI 20250306 PS;SIMPLE_INSTRUMENT;EFP_FIN;EUR;19;122.53000000;1251;EXCHANGE_LAST;;1;1;XEUR;11286683;749;
07.01.2025;12:41:54.034;FOAT SI 20250306 PS;SIMPLE_INSTRUMENT;EFS;EUR;20;122.54000000;549;EXCHANGE_LAST;;1;1;XEUR;11286683;749;
07.01.2025;12:48:58.801;FOAT SI 20250306 PS;SIMPLE_INSTRUMENT;EFP_FIN;EUR;21;122.58000000;834;EXCHANGE_LAST;;1;1;XEUR;11286683;749;
07.01.2025;12:50:54.626;FOAT SI 20250306 PS;SIMPLE_INSTRUMENT;EFP_FIN;EUR;22;122.49000000;833;EXCHANGE_LAST;;1;1;XEUR;11286683;749;
07.01.2025;13:06:32.619;FOAT SI 20250306 PS;SIMPLE_INSTRUMENT;EFP_FIN;EUR;23;122.59000000;646;EXCHANGE_LAST;;1;1;XEUR;11286683;749;
07.01.2025;13:17:43.681;FOAT SI 20250306 PS;SIMPLE_INSTRUMENT;EFP_FIN;EUR;24;122.63000000;77;EXCHANGE_LAST;;1;1;XEUR;11286683;749;
07.01.2025;13:22:44.256;FOAT SI 20250306 PS;SIMPLE_INSTRUMENT;EFP_FIN;EUR;25;122.59000000;476;EXCHANGE_LAST;;1;1;XEUR;11286683;749;
07.01.2025;13:24:40.496;FOAT SI 20250306 PS;SIMPLE_INSTRUMENT;EFP_FIN;EUR;26;122.58000000;834;EXCHANGE_LAST;;1;1;XEUR;11286683;749;
07.01.2025;13:28:48.858;FOAT SI 20250306 PS;SIMPLE_INSTRUMENT;BLOCK;EUR;27;122.54000000;911;EXCHANGE_LAST;;1;1;XEUR;11286683;749;
07.01.2025;14:03:21.992;FOAT SI 20250306 PS;SIMPLE_INSTRUMENT;EFP_FIN;EUR;28;122.52000000;417;EXCHANGE_LAST;;1;1;XEUR;11286683;749;
07.01.2025;14:03:44.433;FOAT SI 20250306 PS;SIMPLE_INSTRUMENT;EFP_FIN;EUR;29;122.52000000;1251;EXCHANGE_LAST;;1;1;XEUR;11286683;749;
