#Date;TrdTime;Contract;ContractType;TrdTyp;Currency;TesId;Prc;Qty;TrdInd;Aggressor;Buy;Sell;Exch;InstrumentId;RelatedProdId;PrcDecomp
19.05.2025;14:34:30.680;A2SM SI 20281215 CS;SIMPLE_INSTRUMENT;BLOCK;EUR;33;9.60000000;30;EXCHANGE_LAST;;2;1;XEUR;9910348;15;
19.05.2025;08:23:23.263;ABBN.O.250519.BRT.000107;STANDARD_OPTION_STRATEGY;BLOCK;CHF;8;2.17000000;1250;EXCHANGE_LAST;;1;1;XEUR;74525125763939101;574517;
19.05.2025;08:23:23.263;ABBN SI 20251219 PS AM P 48.00 0;SIMPLE_INSTRUMENT;BLOCK;CHF;8;4.03000000;1250;PRC_DECOMP_EXCHANGE;;;;XEUR;8902745;574517;EXCHANGE
19.05.2025;08:23:23.263;ABBN SI 20250620 PS AM P 48.00 0;SIMPLE_INSTRUMENT;BLOCK;CHF;8;1.86000000;1250;PRC_DECOMP_EXCHANGE;;;;XEUR;8902740;574517;EXCHANGE
19.05.2025;09:48:38.784;ABBN SI 20260320 PS AM P 40.00 0;SIMPLE_INSTRUMENT;BLOCK;CHF;16;1.70000000;1500;EXCHANGE_LAST;;1;1;XEUR;13051985;574517;
19.05.2025;08:03:55.047;ADEN SI 20250620 PS AM P 24.00 0;SIMPLE_INSTRUMENT;BLOCK;CHF;4;1.13000000;1750;EXCHANGE_LAST;;1;1;XEUR;7897564;44;
19.05.2025;08:03:55.169;ADEN SI 20251219 PS AM P 22.00 0;SIMPLE_INSTRUMENT;BLOCK;CHF;5;1.71000000;1750;EXCHANGE_LAST;;1;1;XEUR;12430468;44;
19.05.2025;13:25:43.863;ADS SI 20250815 PS AM P 194.00 0;SIMPLE_INSTRUMENT;BLOCK;EUR;8;4.11000000;434;EXCHANGE_LAST;;1;1;XEUR;13403175;50;
19.05.2025;13:25:54.864;ADS SI 20250815 PS AM P 194.00 0;SIMPLE_INSTRUMENT;BLOCK;EUR;9;4.10000000;290;EXCHANGE_LAST;;1;1;XEUR;13403175;50;
19.05.2025;10:18:21.924;ADY SI 20260619 PS AM P 1520.00 0;SIMPLE_INSTRUMENT;BLOCK;EUR;8;186.50000000;250;EXCHANGE_LAST;;1;1;XEUR;11696083;76315;
19.05.2025;10:18:14.551;ADY SI 20260619 PS AM C 1680.00 0;SIMPLE_INSTRUMENT;BLOCK;EUR;9;256.50000000;250;EXCHANGE_LAST;;1;1;XEUR;11766000;76315;
19.05.2025;09:55:03.339;AGG SI 20251219 PS AM P 19.00 0;SIMPLE_INSTRUMENT;BLOCK;EUR;10;1.30000000;3000;EXCHANGE_LAST;;1;1;XEUR;12486712;355434;
19.05.2025;09:50:21.001;AGG.O.250519.CDIA.000101;STANDARD_OPTION_STRATEGY;BLOCK;EUR;11;-1.71000000;3000;EXCHANGE_LAST;;1;1;XEUR;73584171443816584;355434;
19.05.2025;09:50:21.001;AGG SI 20250919 PS AM C 20.00 0;SIMPLE_INSTRUMENT;BLOCK;EUR;11;4.96000000;3000;PRC_DECOMP_MEMBER;;;;XEUR;12334992;355434;MEMBER
19.05.2025;09:50:21.001;AGG SI 20251219 PS AM C 24.00 0;SIMPLE_INSTRUMENT;BLOCK;EUR;11;3.25000000;3000;PRC_DECOMP_MEMBER;;;;XEUR;6499086;355434;MEMBER
19.05.2025;09:53:15.185;AGGE SI 20251219 PS EU P 12.00 0;SIMPLE_INSTRUMENT;BLOCK;EUR;12;0.55000000;3000;EXCHANGE_LAST;;1;1;XEUR;10050976;724772;
19.05.2025;10:30:17.868;ALC SI 20260619 PS AM C 88.00 0;SIMPLE_INSTRUMENT;BLOCK;CHF;25;2.21000000;600;EXCHANGE_LAST;;1;1;XEUR;11729722;130134;
19.05.2025;08:57:13.320;ALV SI 20250620 PS AM P 320.00 0;SIMPLE_INSTRUMENT;BLOCK;EUR;2;1.53000000;300;EXCHANGE_LAST;;1;1;XEUR;8110003;74;
19.05.2025;09:35:42.371;ALV SI 20260619 PS AM P 310.00 0;SIMPLE_INSTRUMENT;BLOCK;EUR;3;13.60000000;1400;EXCHANGE_LAST;;1;1;XEUR;12715885;74;
19.05.2025;10:18:22.638;ALV SI 20250815 PS AM P 320.00 0;SIMPLE_INSTRUMENT;BLOCK;EUR;4;3.87000000;451;EXCHANGE_LAST;;1;1;XEUR;13403721;74;
19.05.2025;15:01:59.964;ANN.O.250519.IRTRY.000106;STANDARD_OPTION_STRATEGY;BLOCK;EUR;31;1.21000000;2000;EXCHANGE_LAST;;2;1;XEUR;72251735149671534;45202;
19.05.2025;15:01:59.964;ANN SI 20261218 PS AM P 20.00 0;SIMPLE_INSTRUMENT;BLOCK;EUR;31;1.25000000;4000;PRC_DECOMP_EXCHANGE;;;;XEUR;7758061;45202;EXCHANGE
19.05.2025;15:01:59.964;ANN SI 20261218 PS AM C 28.00 0;SIMPLE_INSTRUMENT;BLOCK;EUR;31;3.71000000;2000;PRC_DECOMP_EXCHANGE;;;;XEUR;7644471;45202;EXCHANGE
19.05.2025;10:14:54.239;AXA.O.250519.BER.000101;STANDARD_OPTION_STRATEGY;BLOCK;EUR;11;0.93000000;15000;EXCHANGE_LAST;;4;1;XEUR;72058139498796577;127;
19.05.2025;10:14:54.239;AXA SI 20261218 PS AM P 38.00 0;SIMPLE_INSTRUMENT;BLOCK;EUR;11;3.03000000;15000;PRC_DECOMP_EXCHANGE;;;;XEUR;12748952;127;EXCHANGE
19.05.2025;10:14:54.239;AXA SI 20261218 PS AM P 35.00 0;SIMPLE_INSTRUMENT;BLOCK;EUR;11;2.10000000;15000;PRC_DECOMP_EXCHANGE;;;;XEUR;12767514;127;EXCHANGE
19.05.2025;12:37:01.107;AXA SI 20250815 PS AM P 38.00 0;SIMPLE_INSTRUMENT;BLOCK;EUR;20;0.58000000;1947;EXCHANGE_LAST;;1;1;XEUR;13404549;127;
19.05.2025;12:37:01.109;AXA SI 20250815 PS AM P 38.00 0;SIMPLE_INSTRUMENT;BLOCK;EUR;21;0.41000000;1840;EXCHANGE_LAST;;1;1;XEUR;13404549;127;
19.05.2025;09:31:34.363;B2AS SI 20261218 CS;SIMPLE_INSTRUMENT;BLOCK;EUR;3;2.11000000;300;EXCHANGE_LAST;;2;1;XEUR;4632165;140;
19.05.2025;10:18:09.842;B2AS SI 20271217 CS;SIMPLE_INSTRUMENT;BLOCK;EUR;6;1.97000000;400;EXCHANGE_LAST;;3;1;XEUR;5914347;140;
19.05.2025;09:27:58.147;BAS SI 20250620 PS AM C 44.00 0;SIMPLE_INSTRUMENT;BLOCK;EUR;3;1.26000000;1000;EXCHANGE_LAST;;1;1;XEUR;7899118;150;
19.05.2025;13:09:33.934;BAS SI 20260320 PS AM P 44.00 0;SIMPLE_INSTRUMENT;BLOCK;EUR;5;4.07000000;1250;EXCHANGE_LAST;;1;1;XEUR;12996537;150;
19.05.2025;14:30:40.748;BAS SI 20260619 PS AM P 40.00 0;SIMPLE_INSTRUMENT;BLOCK;EUR;13;3.34000000;1500;EXCHANGE_LAST;;1;1;XEUR;9539321;150;
19.05.2025;09:12:18.002;BAY SI 20250620 PS AM C 25.00 0;SIMPLE_INSTRUMENT;BLOCK;EUR;2;0.35000000;40000;EXCHANGE_LAST;;7;2;XEUR;11992382;168;
19.05.2025;09:28:20.055;BAY.O.250519.BRT.000114;STANDARD_OPTION_STRATEGY;BLOCK;EUR;4;1.83000000;1000;EXCHANGE_LAST;;1;1;XEUR;72058315592511562;168;
19.05.2025;09:28:20.055;BAY SI 20250620 PS AM P 22.00 0;SIMPLE_INSTRUMENT;BLOCK;EUR;4;0.60000000;1000;PRC_DECOMP_MEMBER;;;;XEUR;11234132;168;MEMBER
19.05.2025;09:28:20.055;BAY SI 20251219 PS AM P 22.00 0;SIMPLE_INSTRUMENT;BLOCK;EUR;4;2.43000000;1000;PRC_DECOMP_MEMBER;;;;XEUR;12231605;168;MEMBER
19.05.2025;13:32:43.470;BAY SI 20271217 PS AM P 20.00 0;SIMPLE_INSTRUMENT;BLOCK;EUR;6;3.43000000;1250;EXCHANGE_LAST;;1;1;XEUR;8774839;168;
19.05.2025;13:29:08.965;BAY SI 20271217 PS AM P 20.00 0;SIMPLE_INSTRUMENT;BLOCK;EUR;7;3.44000000;1250;EXCHANGE_LAST;;1;1;XEUR;8774839;168;
19.05.2025;13:38:11.199;BAY SI 20260619 PS AM P 22.00 0;SIMPLE_INSTRUMENT;BLOCK;EUR;8;3.15000000;2000;EXCHANGE_LAST;;2;1;XEUR;12334042;168;
19.05.2025;15:13:02.951;BAY SI 20250815 PS AM C 25.00 0;SIMPLE_INSTRUMENT;BLOCK;EUR;15;1.09000000;800;EXCHANGE_LAST;;1;1;XEUR;13404977;168;
19.05.2025;15:16:47.287;BAY.O.250519.BU23.000121;STANDARD_OPTION_STRATEGY;BLOCK;EUR;16;0.00000000;3000;EXCHANGE_LAST;;1;3;XEUR;72058315592511569;168;
19.05.2025;15:16:47.287;BAY SI 20250620 PS AM C 26.00 0;SIMPLE_INSTRUMENT;BLOCK;EUR;16;0.15000000;6000;PRC_DECOMP_EXCHANGE;;;;XEUR;10324700;168;EXCHANGE
19.05.2025;15:16:47.287;BAY SI 20250620 PS AM C 27.00 0;SIMPLE_INSTRUMENT;BLOCK;EUR;16;0.10000000;9000;PRC_DECOMP_EXCHANGE;;;;XEUR;11992379;168;EXCHANGE
19.05.2025;13:39:11.504;BAYE SI 20250620 PS EU P 76.00 0;SIMPLE_INSTRUMENT;BLOCK;EUR;10;53.16000000;550;EXCHANGE_LAST;;1;1;XEUR;12417969;175;
19.05.2025;13:52:06.545;BAYE.O.250519.STD.000103;STANDARD_OPTION_STRATEGY;BLOCK;EUR;11;36.28000000;800;EXCHANGE_LAST;;1;1;XEUR;72058345657219167;175;
19.05.2025;13:52:06.545;BAYE SI 20260619 PS EU C 60.00 0;SIMPLE_INSTRUMENT;BLOCK;EUR;11;0.07000000;800;PRC_DECOMP_EXCHANGE;;;;XEUR;9539752;175;EXCHANGE
19.05.2025;13:52:06.545;BAYE SI 20260619 PS EU P 60.00 0;SIMPLE_INSTRUMENT;BLOCK;EUR;11;36.21000000;800;PRC_DECOMP_EXCHANGE;;;;XEUR;9539695;175;EXCHANGE
19.05.2025;09:17:12.584;BMW SI 20261218 PS AM C 100.00 0;SIMPLE_INSTRUMENT;BLOCK;EUR;11;4.01000000;500;EXCHANGE_LAST;;1;1;XEUR;7154250;210;
19.05.2025;10:17:17.777;BMW SI 20250919 PS AM P 60.00 0;SIMPLE_INSTRUMENT;BLOCK;EUR;30;1.00000000;700;EXCHANGE_LAST;;1;1;XEUR;11874324;210;
19.05.2025;10:37:42.884;BMW SI 20250919 PS AM P 60.00 0;SIMPLE_INSTRUMENT;BLOCK;EUR;31;1.00000000;1000;EXCHANGE_LAST;;1;1;XEUR;11874324;210;
19.05.2025;12:01:26.731;BMW SI 20260320 PS AM C 100.00 0;SIMPLE_INSTRUMENT;BLOCK;EUR;41;2.09000000;1000;EXCHANGE_LAST;;1;1;XEUR;12998565;210;
19.05.2025;12:08:57.914;BMW SI 20260320 PS AM C 100.00 0;SIMPLE_INSTRUMENT;BLOCK;EUR;42;2.09000000;500;EXCHANGE_LAST;;1;1;XEUR;12998565;210;
19.05.2025;07:43:04.857;BNP SI 20261218 PS AM P 68.00 0;SIMPLE_INSTRUMENT;BLOCK;EUR;2;7.46000000;3000;EXCHANGE_LAST;;1;1;XEUR;11479997;237;
19.05.2025;09:08:30.777;BPV SI 20250619 PS AM P 8.00 0;SIMPLE_INSTRUMENT;BLOCK;EUR;1;0.08000000;2000;EXCHANGE_LAST;;1;1;XEUR;9664586;251;
19.05.2025;14:51:37.561;C2BK SI 20250919 CS;SIMPLE_INSTRUMENT;BLOCK;EUR;44;0.65000000;1680;EXCHANGE_LAST;;1;1;XEUR;12178566;949832;
19.05.2025;14:58:01.612;C3AR SI 20250620 CS;SIMPLE_INSTRUMENT;BLOCK;EUR;57;0.92000000;297;EXCHANGE_LAST;;1;1;XEUR;10833264;256;
19.05.2025;09:41:01.575;CAR SI 20261218 PS AM P 10.00 0;SIMPLE_INSTRUMENT;BLOCK;EUR;5;0.41000000;1300;EXCHANGE_LAST;;1;1;XEUR;7154844;265;
19.05.2025;14:57:27.015;CARG SI 20250620 CS;SIMPLE_INSTRUMENT;BLOCK;EUR;56;13.44000000;3300;EXCHANGE_LAST;;1;1;XEUR;11171232;271;
19.05.2025;15:11:55.051;CARG SI 20250620 CS;SIMPLE_INSTRUMENT;BLOCK;EUR;68;13.44000000;7500;EXCHANGE_LAST;;1;1;XEUR;11171232;271;
19.05.2025;14:51:31.965;CBKH SI 20250919 CS;SIMPLE_INSTRUMENT;BLOCK;EUR;41;25.80000000;20000;EXCHANGE_LAST;;1;1;XEUR;11722374;10390;
19.05.2025;08:07:05.584;CFR FI 20250611 CS EU C 172.5000 0;FLEXIBLE_INSTRUMENT;BLOCK;CHF;6;1.27000000;460;EXCHANGE_LAST;;1;1;XEUR;1152922848931628670;313;
19.05.2025;09:11:22.952;CFR.O.250519.STG.000103;STANDARD_OPTION_STRATEGY;BLOCK;CHF;12;29.80000000;300;EXCHANGE_LAST;;1;1;XEUR;72058938362730002;313;
19.05.2025;09:11:22.952;CFR SI 20260619 PS AM P 160.00 0;SIMPLE_INSTRUMENT;BLOCK;CHF;12;18.42000000;300;PRC_DECOMP_EXCHANGE;;;;XEUR;9996429;313;EXCHANGE
19.05.2025;09:11:22.952;CFR SI 20260619 PS AM C 180.00 0;SIMPLE_INSTRUMENT;BLOCK;CHF;12;11.38000000;300;PRC_DECOMP_EXCHANGE;;;;XEUR;9996430;313;EXCHANGE
19.05.2025;09:53:33.295;CFR.O.250519.STG.000104;STANDARD_OPTION_STRATEGY;BLOCK;CHF;21;19.84000000;350;EXCHANGE_LAST;;1;1;XEUR;72058938362730003;313;
19.05.2025;09:53:33.295;CFR SI 20251219 PS AM P 150.00 0;SIMPLE_INSTRUMENT;BLOCK;CHF;21;9.77000000;350;PRC_DECOMP_EXCHANGE;;;;XEUR;12437081;313;EXCHANGE
19.05.2025;09:53:33.295;CFR SI 20251219 PS AM C 170.00 0;SIMPLE_INSTRUMENT;BLOCK;CHF;21;10.07000000;350;PRC_DECOMP_EXCHANGE;;;;XEUR;12437084;313;EXCHANGE
19.05.2025;11:11:32.341;CFR SI 20260619 PS AM P 180.00 0;SIMPLE_INSTRUMENT;BLOCK;CHF;30;31.10000000;300;EXCHANGE_LAST;;1;1;XEUR;9996419;313;
19.05.2025;12:14:37.371;CFR SI 20251219 PS AM C 160.00 0;SIMPLE_INSTRUMENT;BLOCK;CHF;35;14.25000000;350;EXCHANGE_LAST;;1;1;XEUR;9996466;313;
19.05.2025;15:12:54.264;CGMF SI 20250620 CS;SIMPLE_INSTRUMENT;BLOCK;EUR;66;148.34000000;1000;EXCHANGE_LAST;;1;1;XEUR;11171849;318;
19.05.2025;10:36:40.351;DAI.O.250519.STG.000107;STANDARD_OPTION_STRATEGY;BLOCK;EUR;33;5.82000000;1650;EXCHANGE_LAST;;1;1;XEUR;73961106363666640;443196;
19.05.2025;10:36:40.351;DAI SI 20251219 PS AM P 44.00 0;SIMPLE_INSTRUMENT;BLOCK;EUR;33;1.61000000;1650;PRC_DECOMP_EXCHANGE;;;;XEUR;7491310;443196;EXCHANGE
19.05.2025;10:36:40.351;DAI SI 20251219 PS AM C 54.00 0;SIMPLE_INSTRUMENT;BLOCK;EUR;33;4.21000000;1650;PRC_DECOMP_EXCHANGE;;;;XEUR;7349885;443196;EXCHANGE
19.05.2025;11:00:28.465;DHEE.N.250519.000101;NON_STANDARD_OPTION_STRATEGY;BLOCK;EUR;15;1.77000000;780;EXCHANGE_LAST;;1;1;XEUR;75170453190083567;724769;
19.05.2025;11:00:28.465;DHEE SI 20251219 PS EU P 36.00 0;SIMPLE_INSTRUMENT;BLOCK;EUR;15;10.83000000;780;PRC_DECOMP_EXCHANGE;;;;XEUR;10049775;724769;EXCHANGE
19.05.2025;11:00:28.465;DHEE SI 20250919 PS EU P 40.00 0;SIMPLE_INSTRUMENT;BLOCK;EUR;15;13.99000000;780;PRC_DECOMP_EXCHANGE;;;;XEUR;11935133;724769;EXCHANGE
19.05.2025;11:00:28.465;DHEE SI 20251219 PS EU C 36.00 0;SIMPLE_INSTRUMENT;BLOCK;EUR;15;1.39000000;780;PRC_DECOMP_EXCHANGE;;;;XEUR;10049741;724769;EXCHANGE
19.05.2025;10:02:24.120;DPW.O.250519.BRT.000109;STANDARD_OPTION_STRATEGY;BLOCK;EUR;13;2.15000000;3000;EXCHANGE_LAST;;3;2;XEUR;72059505298417661;445;
19.05.2025;10:02:24.120;DPW SI 20251219 PS AM P 40.00 0;SIMPLE_INSTRUMENT;BLOCK;EUR;13;3.39000000;3000;PRC_DECOMP_EXCHANGE;;;;XEUR;5926790;445;EXCHANGE
19.05.2025;10:02:24.120;DPW SI 20261218 PS AM P 40.00 0;SIMPLE_INSTRUMENT;BLOCK;EUR;13;5.54000000;3000;PRC_DECOMP_EXCHANGE;;;;XEUR;7156802;445;EXCHANGE
19.05.2025;10:21:44.541;DPW.N.250519.000110;NON_STANDARD_OPTION_STRATEGY;BLOCK;EUR;14;-4.20000000;500;EXCHANGE_LAST;;1;1;XEUR;72059505298417662;445;
19.05.2025;10:21:44.541;DPW SI 20250919 PS AM P 40.00 0;SIMPLE_INSTRUMENT;BLOCK;EUR;14;2.79000000;1000;PRC_DECOMP_EXCHANGE;;;;XEUR;11878796;445;EXCHANGE
19.05.2025;10:21:44.541;DPW SI 20250815 PS AM C 40.00 0;SIMPLE_INSTRUMENT;BLOCK;EUR;14;1.38000000;500;PRC_DECOMP_EXCHANGE;;;;XEUR;13409057;445;EXCHANGE
19.05.2025;12:03:39.818;DPW SI 20250919 PS AM P 40.00 0;SIMPLE_INSTRUMENT;BLOCK;EUR;20;2.77000000;1000;EXCHANGE_LAST;;1;1;XEUR;11878796;445;
19.05.2025;13:36:57.638;DPW SI 20250919 PS AM C 40.00 0;SIMPLE_INSTRUMENT;BLOCK;EUR;23;1.83000000;2000;EXCHANGE_LAST;;1;1;XEUR;11878793;445;
19.05.2025;08:10:08.193;DTE SI 20250620 PS AM P 31.00 0;SIMPLE_INSTRUMENT;BLOCK;EUR;2;0.23000000;3422;EXCHANGE_LAST;;1;1;XEUR;13002072;424;
19.05.2025;09:12:05.116;DTEE SI 20250620 PS EU P 33.00 0;SIMPLE_INSTRUMENT;BLOCK;EUR;4;0.81000000;1663;EXCHANGE_LAST;;1;1;XEUR;13002117;429;
19.05.2025;09:11:23.633;DTEE SI 20250620 PS EU P 33.00 0;SIMPLE_INSTRUMENT;BLOCK;EUR;5;0.79000000;1837;EXCHANGE_LAST;;1;1;XEUR;13002117;429;
19.05.2025;15:35:04.130;E2NL SI 20281215 CS;SIMPLE_INSTRUMENT;BLOCK;EUR;78;0.42000000;1950;EXCHANGE_LAST;;1;1;XEUR;6802276;471;
19.05.2025;11:22:25.844;E2NT SI 20261218 CS;SIMPLE_INSTRUMENT;BLOCK;EUR;7;0.98500000;500;EXCHANGE_LAST;;1;1;XEUR;4632357;470;
19.05.2025;15:23:54.508;E2NT SI 20271217 CS;SIMPLE_INSTRUMENT;BLOCK;EUR;76;0.87700000;200;EXCHANGE_LAST;;1;1;XEUR;5914575;470;
19.05.2025;15:24:02.509;E2NT SI 20271217 CS;SIMPLE_INSTRUMENT;BLOCK;EUR;77;0.87800000;200;EXCHANGE_LAST;;1;1;XEUR;5914575;470;
19.05.2025;09:04:50.650;EAD.O.250519.BRT.000102;STANDARD_OPTION_STRATEGY;BLOCK;EUR;3;7.50000000;500;EXCHANGE_LAST;;1;1;XEUR;72059591197749107;465;
19.05.2025;09:04:50.650;EAD SI 20251219 PS AM P 153.85 1;SIMPLE_INSTRUMENT;BLOCK;EUR;3;10.24000000;500;PRC_DECOMP_MEMBER;;;;XEUR;12602580;465;MEMBER
19.05.2025;09:04:50.650;EAD SI 20250620 PS AM P 153.85 1;SIMPLE_INSTRUMENT;BLOCK;EUR;3;2.74000000;500;PRC_DECOMP_MEMBER;;;;XEUR;12602517;465;MEMBER
19.05.2025;09:38:58.995;ENL5 SI 20250619 PS AM C 7.20 0;SIMPLE_INSTRUMENT;BLOCK;EUR;3;0.74500000;2700;EXCHANGE_LAST;;1;1;XEUR;7889839;500;
19.05.2025;09:38:47.994;ENL5 SI 20250619 PS AM C 7.20 0;SIMPLE_INSTRUMENT;BLOCK;EUR;4;0.74000000;1800;EXCHANGE_LAST;;1;1;XEUR;7889839;500;
19.05.2025;09:38:21.992;ENL5 SI 20250619 PS AM P 6.00 0;SIMPLE_INSTRUMENT;BLOCK;EUR;5;0.00500000;4500;EXCHANGE_LAST;;1;1;XEUR;11337866;500;
19.05.2025;09:38:32.993;ENL5 SI 20250619 PS AM P 6.60 0;SIMPLE_INSTRUMENT;BLOCK;EUR;6;0.01000000;4500;EXCHANGE_LAST;;1;1;XEUR;12988456;500;
19.05.2025;09:39:09.996;ENL5 SI 20250619 PS AM C 7.80 0;SIMPLE_INSTRUMENT;BLOCK;EUR;7;0.23000000;4500;EXCHANGE_LAST;;1;1;XEUR;12988447;500;
19.05.2025;09:03:39.765;ENR SI 20250620 PS AM P 70.00 0;SIMPLE_INSTRUMENT;BLOCK;EUR;3;2.37000000;4500;EXCHANGE_LAST;;1;1;XEUR;13044610;298530;
19.05.2025;11:44:18.643;ENR SI 20271217 PS AM P 60.00 0;SIMPLE_INSTRUMENT;BLOCK;EUR;19;12.60000000;1500;EXCHANGE_LAST;;2;2;XEUR;12144237;298530;
19.05.2025;12:35:03.388;ENR SI 20261218 PS AM P 60.00 0;SIMPLE_INSTRUMENT;BLOCK;EUR;21;9.22000000;300;EXCHANGE_LAST;;1;1;XEUR;12144225;298530;
19.05.2025;13:58:08.308;ENR.O.250519.CDIA.000113;STANDARD_OPTION_STRATEGY;BLOCK;EUR;25;-2.57000000;2000;EXCHANGE_LAST;;1;1;XEUR;73339770624820056;298530;
19.05.2025;13:58:08.308;ENR SI 20251219 PS AM C 26.00 0;SIMPLE_INSTRUMENT;BLOCK;EUR;25;52.14000000;2000;PRC_DECOMP_EXCHANGE;;;;XEUR;6606461;298530;EXCHANGE
19.05.2025;13:58:08.308;ENR SI 20261218 PS AM C 30.00 0;SIMPLE_INSTRUMENT;BLOCK;EUR;25;49.57000000;2000;PRC_DECOMP_EXCHANGE;;;;XEUR;13044653;298530;EXCHANGE
19.05.2025;14:18:16.931;ENR SI 20250620 PS AM C 80.00 0;SIMPLE_INSTRUMENT;BLOCK;EUR;26;3.47000000;3750;EXCHANGE_LAST;;1;1;XEUR;12327350;298530;
19.05.2025;14:18:16.941;ENR SI 20250620 PS AM C 80.00 0;SIMPLE_INSTRUMENT;BLOCK;EUR;27;3.48000000;3750;EXCHANGE_LAST;;1;1;XEUR;12327350;298530;
19.05.2025;14:18:44.605;ENR SI 20250620 PS AM C 78.00 0;SIMPLE_INSTRUMENT;BLOCK;EUR;28;4.30000000;7500;EXCHANGE_LAST;;1;1;XEUR;13044584;298530;
19.05.2025;09:31:30.895;ENT5 SI 20250619 PS AM P 12.00 0;SIMPLE_INSTRUMENT;BLOCK;EUR;2;0.06500000;500;EXCHANGE_LAST;;1;1;XEUR;7889861;497;
19.05.2025;11:55:41.281;ENT5.O.250519.BR23.000102;STANDARD_OPTION_STRATEGY;BLOCK;EUR;12;-2.32000000;1700;EXCHANGE_LAST;;2;3;XEUR;72059728636685268;497;
19.05.2025;11:55:41.281;ENT5 SI 20291220 PS AM P 12.00 0;SIMPLE_INSTRUMENT;BLOCK;EUR;12;2.36000000;3400;PRC_DECOMP_MEMBER;;;;XEUR;12421386;497;MEMBER
19.05.2025;11:55:41.281;ENT5 SI 20291220 PS AM P 8.00 0;SIMPLE_INSTRUMENT;BLOCK;EUR;12;0.80000000;5100;PRC_DECOMP_MEMBER;;;;XEUR;12421382;497;MEMBER
19.05.2025;13:18:32.934;ENT5.O.250519.STG.000104;STANDARD_OPTION_STRATEGY;BLOCK;EUR;15;0.24500000;3000;EXCHANGE_LAST;;1;2;XEUR;72059728636685270;497;
19.05.2025;13:18:32.934;ENT5 SI 20250717 PS AM C 14.00 0;SIMPLE_INSTRUMENT;BLOCK;EUR;15;0.13150000;3000;PRC_DECOMP_EXCHANGE;;;;XEUR;13241590;497;EXCHANGE
19.05.2025;13:18:32.934;ENT5 SI 20250717 PS AM P 12.00 0;SIMPLE_INSTRUMENT;BLOCK;EUR;15;0.11350000;3000;PRC_DECOMP_EXCHANGE;;;;XEUR;13241438;497;EXCHANGE
19.05.2025;14:45:22.294;ENUR SI 20251219 PS AM P 9.00 0;SIMPLE_INSTRUMENT;BLOCK;EUR;19;0.91000000;3000;EXCHANGE_LAST;;1;3;XEUR;11604830;498;
19.05.2025;13:54:46.697;ERA SI 20250919 PS AM P 42.00 0;SIMPLE_INSTRUMENT;BLOCK;EUR;26;2.00000000;200;EXCHANGE_LAST;;1;1;XEUR;11879595;490;
19.05.2025;10:55:01.165;ESL SI 20250620 PS AM P 255.00 0;SIMPLE_INSTRUMENT;BLOCK;EUR;17;4.72000000;250;EXCHANGE_LAST;;1;1;XEUR;13004033;481;
19.05.2025;09:39:14.236;FBON SI 20250606 PS;SIMPLE_INSTRUMENT;BLOCK;EUR;13;123.35000000;50;EXCHANGE_LAST;;1;1;XEUR;11821826;48058;
19.05.2025;07:42:58.873;FBTP SI 20250606 PS;SIMPLE_INSTRUMENT;EFP_FIN;EUR;1;119.82000000;533;EXCHANGE_LAST;;1;1;XEUR;11820365;636;
19.05.2025;07:47:37.372;FBTP SI 20250606 PS;SIMPLE_INSTRUMENT;EFP_FIN;EUR;2;119.81000000;1294;EXCHANGE_LAST;;1;1;XEUR;11820365;636;
19.05.2025;08:05:38.589;FBTP SI 20250606 PS;SIMPLE_INSTRUMENT;EFP_FIN;EUR;3;119.81000000;222;EXCHANGE_LAST;;1;1;XEUR;11820365;636;
19.05.2025;08:11:17.955;FBTP SI 20250606 PS;SIMPLE_INSTRUMENT;EFP_FIN;EUR;4;119.80000000;624;EXCHANGE_LAST;;1;1;XEUR;11820365;636;
19.05.2025;08:50:09.873;FBTP SI 20250606 PS;SIMPLE_INSTRUMENT;BLOCK;EUR;5;119.54000000;727;EXCHANGE_LAST;;1;1;XEUR;11820365;636;
19.05.2025;08:51:14.563;FBTP SI 20250606 PS;SIMPLE_INSTRUMENT;EFP_FIN;EUR;6;119.55000000;182;EXCHANGE_LAST;;1;1;XEUR;11820365;636;
19.05.2025;09:23:35.065;FBTP SI 20250606 PS;SIMPLE_INSTRUMENT;EFP_FIN;EUR;7;119.51000000;328;EXCHANGE_LAST;;1;1;XEUR;11820365;636;
19.05.2025;09:32:24.801;FBTP SI 20250606 PS;SIMPLE_INSTRUMENT;EFS;EUR;8;119.40000000;291;EXCHANGE_LAST;;1;1;XEUR;11820365;636;
19.05.2025;09:40:23.361;FBTP SI 20250606 PS;SIMPLE_INSTRUMENT;EFP_FIN;EUR;9;119.40000000;176;EXCHANGE_LAST;;1;1;XEUR;11820365;636;
19.05.2025;09:56:41.450;FBTP SI 20250606 PS;SIMPLE_INSTRUMENT;EFP_FIN;EUR;10;119.50000000;108;EXCHANGE_LAST;;1;1;XEUR;11820365;636;
19.05.2025;09:56:47.576;FBTP SI 20250606 PS;SIMPLE_INSTRUMENT;EFP_FIN;EUR;11;119.46000000;66;EXCHANGE_LAST;;1;1;XEUR;11820365;636;
19.05.2025;09:57:52.934;FBTP SI 20250606 PS;SIMPLE_INSTRUMENT;EFP_FIN;EUR;12;119.46000000;347;EXCHANGE_LAST;;1;1;XEUR;11820365;636;
19.05.2025;11:41:51.941;FBTP SI 20250606 PS;SIMPLE_INSTRUMENT;EFP_FIN;EUR;13;119.51000000;356;EXCHANGE_LAST;;1;1;XEUR;11820365;636;
19.05.2025;12:11:29.650;FBTP SI 20250606 PS;SIMPLE_INSTRUMENT;EFP_FIN;EUR;15;119.46000000;387;EXCHANGE_LAST;;1;1;XEUR;11820365;636;
19.05.2025;13:42:04.025;FBTP SI 20250606 PS;SIMPLE_INSTRUMENT;EFP_FIN;EUR;16;119.94000000;133;EXCHANGE_LAST;;1;1;XEUR;11820365;636;
19.05.2025;13:58:42.918;FBTP SI 20250606 PS;SIMPLE_INSTRUMENT;EFP_FIN;EUR;17;119.94000000;310;EXCHANGE_LAST;;1;1;XEUR;11820365;636;
19.05.2025;14:14:02.107;FBTP SI 20250606 PS;SIMPLE_INSTRUMENT;EFP_FIN;EUR;18;119.51000000;372;EXCHANGE_LAST;;1;1;XEUR;11820365;636;
19.05.2025;14:52:58.617;FBTP SI 20250606 PS;SIMPLE_INSTRUMENT;EFP_FIN;EUR;19;120.05000000;337;EXCHANGE_LAST;;1;1;XEUR;11820365;636;
19.05.2025;15:12:13.121;FBTP SI 20250606 PS;SIMPLE_INSTRUMENT;EFP_FIN;EUR;20;120.15000000;234;EXCHANGE_LAST;;1;1;XEUR;11820365;636;
19.05.2025;15:31:56.029;FBTP SI 20250606 PS;SIMPLE_INSTRUMENT;EFP_FIN;EUR;21;120.20000000;133;EXCHANGE_LAST;;1;1;XEUR;11820365;636;
19.05.2025;14:42:53.359;FBTP SI 20250908 PS;SIMPLE_INSTRUMENT;VOLA;EUR;268435546;119.49000000;24;EXCHANGE_LAST;;1;1;XEUR;12372474;636;
19.05.2025;07:38:38.093;FBTS SI 20250606 PS;SIMPLE_INSTRUMENT;EFP_FIN;EUR;1;107.95000000;2262;EXCHANGE_LAST;;1;1;XEUR;11820367;639;
19.05.2025;07:45:35.141;FBTS SI 20250606 PS;SIMPLE_INSTRUMENT;EFP_FIN;EUR;2;107.95000000;635;EXCHANGE_LAST;;1;1;XEUR;11820367;639;
19.05.2025;07:47:57.380;FBTS SI 20250606 PS;SIMPLE_INSTRUMENT;EFP_FIN;EUR;3;107.95000000;1613;EXCHANGE_LAST;;1;1;XEUR;11820367;639;
19.05.2025;08:30:26.918;FBTS SI 20250606 PS;SIMPLE_INSTRUMENT;EFP_FIN;EUR;7;107.92000000;2406;EXCHANGE_LAST;;1;1;XEUR;11820367;639;
19.05.2025;08:54:18.754;FBTS SI 20250606 PS;SIMPLE_INSTRUMENT;EFP_FIN;EUR;9;107.89000000;1322;EXCHANGE_LAST;;1;1;XEUR;11820367;639;
19.05.2025;09:05:04.868;FBTS SI 20250606 PS;SIMPLE_INSTRUMENT;EFP_FIN;EUR;11;107.88000000;1322;EXCHANGE_LAST;;1;1;XEUR;11820367;639;
19.05.2025;09:08:21.658;FBTS SI 20250606 PS;SIMPLE_INSTRUMENT;EFP_FIN;EUR;12;107.89000000;2511;EXCHANGE_LAST;;1;1;XEUR;11820367;639;
19.05.2025;09:44:58.058;FBTS SI 20250606 PS;SIMPLE_INSTRUMENT;EFP_FIN;EUR;14;107.89000000;195;EXCHANGE_LAST;;1;1;XEUR;11820367;639;
19.05.2025;11:37:37.096;FBTS SI 20250606 PS;SIMPLE_INSTRUMENT;EFP_FIN;EUR;17;107.87000000;2261;EXCHANGE_LAST;;1;1;XEUR;11820367;639;
19.05.2025;11:41:50.567;FBTS SI 20250606 PS;SIMPLE_INSTRUMENT;BLOCK;EUR;18;107.87000000;952;EXCHANGE_LAST;;1;1;XEUR;11820367;639;
19.05.2025;11:42:12.612;FBTS SI 20250606 PS;SIMPLE_INSTRUMENT;EFP_FIN;EUR;19;107.87000000;952;EXCHANGE_LAST;;1;1;XEUR;11820367;639;
19.05.2025;11:50:17.362;FBTS SI 20250606 PS;SIMPLE_INSTRUMENT;EFP_FIN;EUR;20;107.87000000;952;EXCHANGE_LAST;;1;1;XEUR;11820367;639;
19.05.2025;12:04:44.085;FBTS SI 20250606 PS;SIMPLE_INSTRUMENT;EFP_FIN;EUR;21;107.87000000;159;EXCHANGE_LAST;;1;1;XEUR;11820367;639;
19.05.2025;12:18:16.561;FBTS SI 20250606 PS;SIMPLE_INSTRUMENT;EFP_FIN;EUR;22;107.87000000;952;EXCHANGE_LAST;;1;1;XEUR;11820367;639;
19.05.2025;12:24:24.456;FBTS SI 20250606 PS;SIMPLE_INSTRUMENT;EFP_FIN;EUR;23;107.89000000;1428;EXCHANGE_LAST;;1;1;XEUR;11820367;639;
19.05.2025;12:35:18.487;FBTS SI 20250606 PS;SIMPLE_INSTRUMENT;EFS;EUR;24;107.90000000;1158;EXCHANGE_LAST;;1;1;XEUR;11820367;639;
19.05.2025;14:11:12.377;FBTS SI 20250606 PS;SIMPLE_INSTRUMENT;BLOCK;EUR;36;107.95000000;1837;EXCHANGE_LAST;;1;1;XEUR;11820367;639;
19.05.2025;14:24:00.483;FBTS SI 20250606 PS;SIMPLE_INSTRUMENT;EFP_FIN;EUR;37;107.95000000;1137;EXCHANGE_LAST;;1;1;XEUR;11820367;639;
19.05.2025;14:28:23.015;FBTS SI 20250606 PS;SIMPLE_INSTRUMENT;EFP_FIN;EUR;38;107.95000000;774;EXCHANGE_LAST;;1;1;XEUR;11820367;639;
19.05.2025;14:28:39.175;FBTS SI 20250606 PS;SIMPLE_INSTRUMENT;EFP_FIN;EUR;39;107.95000000;281;EXCHANGE_LAST;;1;1;XEUR;11820367;639;
19.05.2025;15:15:08.318;FBTS SI 20250606 PS;SIMPLE_INSTRUMENT;EFP_FIN;EUR;44;107.98000000;264;EXCHANGE_LAST;;1;1;XEUR;11820367;639;
19.05.2025;15:57:24.316;FCEU SI 20250616 PS;SIMPLE_INSTRUMENT;BLOCK;USD;3;1.12580000;425;EXCHANGE_LAST;;1;1;XEUR;7879022;369376;
19.05.2025;15:25:56.055;FCNS SI 20250616 PS;SIMPLE_INSTRUMENT;EFP_IDX;SEK;1;0.93811000;123;EXCHANGE_LAST;;1;1;XEUR;7879240;402911;
19.05.2025;15:25:56.059;FCNS SI 20250616 PS;SIMPLE_INSTRUMENT;EFP_IDX;SEK;2;0.93812000;20;EXCHANGE_LAST;;1;1;XEUR;7879240;402911;
19.05.2025;18:42:32.049;FCNS SI 20250616 PS;SIMPLE_INSTRUMENT;EFP_IDX;SEK;4;0.93785000;4;EXCHANGE_LAST;;1;1;XEUR;7879240;402911;
19.05.2025;15:44:33.674;FDAX SI 20250620 CS;SIMPLE_INSTRUMENT;EFP_IDX;EUR;1;23992.00000000;2;EXCHANGE_LAST;;1;1;XEUR;7903800;589;
19.05.2025;15:44:25.052;FDAX SI 20250620 CS;SIMPLE_INSTRUMENT;EFP_IDX;EUR;2;23993.00000000;70;EXCHANGE_LAST;;1;1;XEUR;7903800;589;
19.05.2025;15:45:07.917;FDAX SI 20250620 CS;SIMPLE_INSTRUMENT;EFP_IDX;EUR;3;23992.00000000;1;EXCHANGE_LAST;;1;1;XEUR;7903800;589;
19.05.2025;15:45:31.813;FDAX SI 20250620 CS;SIMPLE_INSTRUMENT;EFP_IDX;EUR;4;23993.00000000;69;EXCHANGE_LAST;;1;1;XEUR;7903800;589;
19.05.2025;07:53:13.210;FDAX SI 20250620 CS;SIMPLE_INSTRUMENT;VOLA;EUR;671088642;23770.00000000;21;EXCHANGE_LAST;;1;1;XEUR;7903800;589;
19.05.2025;14:12:52.269;FDAX SI 20250620 CS;SIMPLE_INSTRUMENT;VOLA;EUR;671088651;23870.00000000;94;EXCHANGE_LAST;;1;1;XEUR;7903800;589;
19.05.2025;14:57:31.282;FDAX SI 20250620 CS;SIMPLE_INSTRUMENT;VOLA;EUR;671088655;23900.00000000;32;EXCHANGE_LAST;;1;1;XEUR;7903800;589;
19.05.2025;14:58:06.708;FDAX SI 20250620 CS;SIMPLE_INSTRUMENT;VOLA;EUR;671088656;23900.00000000;6;EXCHANGE_LAST;;1;1;XEUR;7903800;589;
19.05.2025;07:42:12.511;FEBD SI 20271217 CS;SIMPLE_INSTRUMENT;BLOCK;EUR;2;9.81000000;250;EXCHANGE_LAST;;1;1;XEUR;7776307;597;
19.05.2025;07:42:01.591;FEBD SI 20271217 CS;SIMPLE_INSTRUMENT;BLOCK;EUR;3;9.82000000;250;EXCHANGE_LAST;;1;1;XEUR;7776307;597;
19.05.2025;11:45:25.825;FEBD SI 20271217 CS;SIMPLE_INSTRUMENT;BLOCK;EUR;22;9.74000000;1000;EXCHANGE_LAST;;1;1;XEUR;7776307;597;
19.05.2025;12:24:09.278;FEBD SI 20261218 CS;SIMPLE_INSTRUMENT;BLOCK;EUR;24;10.54000000;1000;EXCHANGE_LAST;;1;1;XEUR;7158212;597;
19.05.2025;12:32:55.681;FEBD SI 20271217 CS;SIMPLE_INSTRUMENT;BLOCK;EUR;25;9.73000000;1000;EXCHANGE_LAST;;1;1;XEUR;7776307;597;
19.05.2025;14:59:03.250;FEBD SI 20271217 CS;SIMPLE_INSTRUMENT;BLOCK;EUR;46;9.72000000;350;EXCHANGE_LAST;;1;1;XEUR;7776307;597;
19.05.2025;16:15:23.274;FEBD SI 20261218 CS;SIMPLE_INSTRUMENT;BLOCK;EUR;69;10.51000000;1000;EXCHANGE_LAST;;1;1;XEUR;7158212;597;
19.05.2025;10:12:43.870;FEDV SI 20250620 CS;SIMPLE_INSTRUMENT;BLOCK;EUR;17;1971.50000000;1000;EXCHANGE_LAST;;1;1;XEUR;11880642;596;
19.05.2025;14:48:31.881;FES1 SI 20250620 PS;SIMPLE_INSTRUMENT;BLOCK;EUR;42;6.10000000;2000;EXCHANGE_LAST;;1;1;XEUR;11910814;58959;
19.05.2025;14:50:23.842;FES1 SI 20250620 PS;SIMPLE_INSTRUMENT;BLOCK;EUR;43;6.00000000;164;EXCHANGE_LAST;;1;1;XEUR;11910814;58959;
19.05.2025;14:52:58.178;FES1 SI 20250620 PS;SIMPLE_INSTRUMENT;BLOCK;EUR;44;6.10000000;197;EXCHANGE_LAST;;1;1;XEUR;11910814;58959;
19.05.2025;15:01:17.641;FES1 SI 20250620 PS;SIMPLE_INSTRUMENT;BLOCK;EUR;47;6.30000000;120;EXCHANGE_LAST;;1;1;XEUR;11910814;58959;
19.05.2025;15:42:27.019;FESB SI 20250620 CS;SIMPLE_INSTRUMENT;EFP_IDX;EUR;49;202.20000000;181;EXCHANGE_LAST;;1;1;XEUR;11880665;605;
19.05.2025;15:42:39.530;FESB SI 20250620 CS;SIMPLE_INSTRUMENT;EFP_IDX;EUR;50;202.25000000;272;EXCHANGE_LAST;;1;1;XEUR;11880665;605;
19.05.2025;11:25:55.112;FESB SI 20250620 CS;SIMPLE_INSTRUMENT;VOLA;EUR;603979806;201.00000000;200;EXCHANGE_LAST;;1;1;XEUR;11880665;605;
19.05.2025;14:12:53.596;FESB SI 20250620 CS;SIMPLE_INSTRUMENT;VOLA;EUR;603979819;200.80000000;189;EXCHANGE_LAST;;1;1;XEUR;11880665;605;
19.05.2025;14:13:41.070;FESB SI 20250620 CS;SIMPLE_INSTRUMENT;VOLA;EUR;603979820;200.70000000;231;EXCHANGE_LAST;;1;1;XEUR;11880665;605;
19.05.2025;09:29:50.151;FESX.S.JUN25.SEP25.SPD;FUTURES_SPREAD;BLOCK;EUR;2;-21.50000000;3000;EXCHANGE_LAST;;1;1;XEUR;72060493140863850;675;
19.05.2025;09:29:50.151;FESX SI 20250620 CS;SIMPLE_INSTRUMENT;BLOCK;EUR;2;5398.50000000;3000;PRC_DECOMP_EXCHANGE;;;;XEUR;7904020;675;EXCHANGE
19.05.2025;09:29:50.151;FESX SI 20250919 CS;SIMPLE_INSTRUMENT;BLOCK;EUR;2;5420.00000000;3000;PRC_DECOMP_EXCHANGE;;;;XEUR;8380551;675;EXCHANGE
19.05.2025;09:45:27.023;FESX SI 20250620 CS;SIMPLE_INSTRUMENT;BLOCK;EUR;3;5391.00000000;20000;EXCHANGE_LAST;;1;1;XEUR;7904020;675;
19.05.2025;10:43:26.638;FESX.S.JUN25.SEP25.SPD;FUTURES_SPREAD;BLOCK;EUR;4;-21.50000000;2000;EXCHANGE_LAST;;1;1;XEUR;72060493140863850;675;
19.05.2025;10:43:26.638;FESX SI 20250620 CS;SIMPLE_INSTRUMENT;BLOCK;EUR;4;5394.00000000;2000;PRC_DECOMP_MEMBER;;;;XEUR;7904020;675;MEMBER
19.05.2025;10:43:26.638;FESX SI 20250919 CS;SIMPLE_INSTRUMENT;BLOCK;EUR;4;5415.50000000;2000;PRC_DECOMP_MEMBER;;;;XEUR;8380551;675;MEMBER
19.05.2025;14:26:39.914;FESX SI 20250620 CS;SIMPLE_INSTRUMENT;BLOCK;EUR;9;5420.00000000;2500;EXCHANGE_LAST;;1;1;XEUR;7904020;675;
19.05.2025;14:29:48.906;FESX SI 20250620 CS;SIMPLE_INSTRUMENT;BLOCK;EUR;10;5420.00000000;2500;EXCHANGE_LAST;;1;1;XEUR;7904020;675;
19.05.2025;14:31:34.887;FESX SI 20250620 CS;SIMPLE_INSTRUMENT;BLOCK;EUR;11;5420.00000000;4000;EXCHANGE_LAST;;1;1;XEUR;7904020;675;
19.05.2025;14:52:27.694;FESX SI 20250620 CS;SIMPLE_INSTRUMENT;BLOCK;EUR;12;5418.00000000;2940;EXCHANGE_LAST;;1;1;XEUR;7904020;675;
19.05.2025;15:29:53.748;FESX SI 20250620 CS;SIMPLE_INSTRUMENT;BLOCK;EUR;13;5425.00000000;4000;EXCHANGE_LAST;;1;1;XEUR;7904020;675;
19.05.2025;15:40:06.065;FESX SI 20250620 CS;SIMPLE_INSTRUMENT;EFP_IDX;EUR;14;5433.00000000;832;EXCHANGE_LAST;;1;1;XEUR;7904020;675;
19.05.2025;15:40:06.065;FESX SI 20250620 CS;SIMPLE_INSTRUMENT;EFP_IDX;EUR;15;5434.00000000;248;EXCHANGE_LAST;;1;1;XEUR;7904020;675;
19.05.2025;15:41:06.002;FESX SI 20250620 CS;SIMPLE_INSTRUMENT;EFP_IDX;EUR;16;5434.00000000;39;EXCHANGE_LAST;;1;1;XEUR;7904020;675;
19.05.2025;15:41:42.358;FESX SI 20250620 CS;SIMPLE_INSTRUMENT;EFP_IDX;EUR;17;5433.00000000;129;EXCHANGE_LAST;;1;1;XEUR;7904020;675;
19.05.2025;15:44:28.026;FESX SI 20250620 CS;SIMPLE_INSTRUMENT;EFP_IDX;EUR;18;5433.00000000;117;EXCHANGE_LAST;;1;1;XEUR;7904020;675;
19.05.2025;15:44:07.309;FESX SI 20250620 CS;SIMPLE_INSTRUMENT;EFP_IDX;EUR;19;5434.00000000;32;EXCHANGE_LAST;;1;1;XEUR;7904020;675;
19.05.2025;15:44:36.027;FESX SI 20250620 CS;SIMPLE_INSTRUMENT;EFP_IDX;EUR;20;5434.00000000;35;EXCHANGE_LAST;;1;1;XEUR;7904020;675;
19.05.2025;15:44:50.768;FESX SI 20250620 CS;SIMPLE_INSTRUMENT;EFP_IDX;EUR;21;5433.00000000;96;EXCHANGE_LAST;;1;1;XEUR;7904020;675;
19.05.2025;15:45:57.672;FESX SI 20250620 CS;SIMPLE_INSTRUMENT;EFP_IDX;EUR;22;5433.00000000;230;EXCHANGE_LAST;;1;1;XEUR;7904020;675;
19.05.2025;15:46:16.222;FESX SI 20250620 CS;SIMPLE_INSTRUMENT;EFP_IDX;EUR;23;5434.00000000;69;EXCHANGE_LAST;;1;1;XEUR;7904020;675;
19.05.2025;15:47:56.316;FESX SI 20250620 CS;SIMPLE_INSTRUMENT;EFP_IDX;EUR;24;5434.00000000;460;EXCHANGE_LAST;;1;1;XEUR;7904020;675;
19.05.2025;15:48:05.147;FESX SI 20250620 CS;SIMPLE_INSTRUMENT;EFP_IDX;EUR;25;5433.00000000;1540;EXCHANGE_LAST;;1;1;XEUR;7904020;675;
19.05.2025;15:51:50.623;FESX SI 20250620 CS;SIMPLE_INSTRUMENT;EFP_IDX;EUR;26;5433.00000000;626;EXCHANGE_LAST;;1;1;XEUR;7904020;675;
19.05.2025;15:52:02.342;FESX SI 20250620 CS;SIMPLE_INSTRUMENT;EFP_IDX;EUR;27;5434.00000000;74;EXCHANGE_LAST;;1;1;XEUR;7904020;675;
19.05.2025;15:51:24.911;FESX SI 20250620 CS;SIMPLE_INSTRUMENT;EFP_IDX;EUR;28;5433.00000000;270;EXCHANGE_LAST;;1;1;XEUR;7904020;675;
19.05.2025;15:51:31.793;FESX SI 20250620 CS;SIMPLE_INSTRUMENT;EFP_IDX;EUR;29;5434.00000000;80;EXCHANGE_LAST;;1;1;XEUR;7904020;675;
19.05.2025;15:50:06.549;FESX SI 20250620 CS;SIMPLE_INSTRUMENT;EFP_IDX;EUR;30;5433.00000000;895;EXCHANGE_LAST;;1;1;XEUR;7904020;675;
19.05.2025;15:50:18.452;FESX SI 20250620 CS;SIMPLE_INSTRUMENT;EFP_IDX;EUR;31;5434.00000000;105;EXCHANGE_LAST;;1;1;XEUR;7904020;675;
19.05.2025;15:53:00.592;FESX SI 20250620 CS;SIMPLE_INSTRUMENT;EFP_IDX;EUR;32;5433.00000000;266;EXCHANGE_LAST;;1;1;XEUR;7904020;675;
19.05.2025;15:53:36.115;FESX SI 20250620 CS;SIMPLE_INSTRUMENT;EFP_IDX;EUR;33;5434.00000000;79;EXCHANGE_LAST;;1;1;XEUR;7904020;675;
19.05.2025;08:10:53.171;FESX SI 20250620 CS;SIMPLE_INSTRUMENT;VOLA;EUR;637534218;5409.00000000;235;EXCHANGE_LAST;;1;1;XEUR;7904020;675;
19.05.2025;08:10:55.305;FESX SI 20250620 CS;SIMPLE_INSTRUMENT;VOLA;EUR;637534219;5409.00000000;235;EXCHANGE_LAST;;1;1;XEUR;7904020;675;
19.05.2025;08:15:38.182;FESX SI 20250620 CS;SIMPLE_INSTRUMENT;VOLA;EUR;637534222;5410.00000000;200;EXCHANGE_LAST;;1;1;XEUR;7904020;675;
19.05.2025;08:28:55.678;FESX SI 20250620 CS;SIMPLE_INSTRUMENT;VOLA;EUR;637534225;5411.00000000;211;EXCHANGE_LAST;;1;1;XEUR;7904020;675;
19.05.2025;08:35:26.155;FESX SI 20250620 CS;SIMPLE_INSTRUMENT;VOLA;EUR;637534230;5412.00000000;12;EXCHANGE_LAST;;1;1;XEUR;7904020;675;
19.05.2025;10:11:30.934;FESX SI 20250620 CS;SIMPLE_INSTRUMENT;VOLA;EUR;637534284;5388.00000000;328;EXCHANGE_LAST;;1;1;XEUR;7904020;675;
19.05.2025;13:39:37.159;FESX SI 20250620 CS;SIMPLE_INSTRUMENT;VOLA;EUR;637534323;5400.00000000;1000;EXCHANGE_LAST;;1;1;XEUR;7904020;675;
19.05.2025;13:51:56.608;FESX SI 20250620 CS;SIMPLE_INSTRUMENT;VOLA;EUR;637534328;5398.00000000;520;EXCHANGE_LAST;;1;1;XEUR;7904020;675;
19.05.2025;14:05:57.064;FESX SI 20250620 CS;SIMPLE_INSTRUMENT;VOLA;EUR;637534333;5413.00000000;480;EXCHANGE_LAST;;1;1;XEUR;7904020;675;
19.05.2025;14:16:06.667;FESX SI 20250620 CS;SIMPLE_INSTRUMENT;VOLA;EUR;637534340;5417.00000000;490;EXCHANGE_LAST;;1;1;XEUR;7904020;675;
19.05.2025;14:26:14.555;FESX SI 20250620 CS;SIMPLE_INSTRUMENT;VOLA;EUR;637534344;5410.00000000;144;EXCHANGE_LAST;;1;1;XEUR;7904020;675;
19.05.2025;14:26:18.560;FESX SI 20250620 CS;SIMPLE_INSTRUMENT;VOLA;EUR;637534345;5410.00000000;40;EXCHANGE_LAST;;1;1;XEUR;7904020;675;
19.05.2025;14:39:21.092;FESX SI 20250620 CS;SIMPLE_INSTRUMENT;VOLA;EUR;637534352;5420.00000000;240;EXCHANGE_LAST;;1;1;XEUR;7904020;675;
19.05.2025;14:44:26.396;FESX SI 20250620 CS;SIMPLE_INSTRUMENT;VOLA;EUR;637534355;5420.00000000;600;EXCHANGE_LAST;;1;1;XEUR;7904020;675;
19.05.2025;14:44:34.521;FESX SI 20250620 CS;SIMPLE_INSTRUMENT;VOLA;EUR;637534357;5420.00000000;450;EXCHANGE_LAST;;1;1;XEUR;7904020;675;
19.05.2025;14:45:26.829;FESX SI 20250620 CS;SIMPLE_INSTRUMENT;VOLA;EUR;637534360;5420.00000000;450;EXCHANGE_LAST;;1;1;XEUR;7904020;675;
19.05.2025;08:27:51.971;FEU3 SI 20260615 CS;SIMPLE_INSTRUMENT;BLOCK;EUR;6;98.18500000;6000;EXCHANGE_LAST;;1;1;XEUR;5330262;702;
19.05.2025;15:00:57.103;FEU3 SI 20260615 CS;SIMPLE_INSTRUMENT;BLOCK;EUR;24;98.21000000;5000;EXCHANGE_LAST;;1;1;XEUR;5330262;702;
19.05.2025;07:32:47.834;FEXD SI 20261218 CS;SIMPLE_INSTRUMENT;BLOCK;EUR;1;155.90000000;110;EXCHANGE_LAST;;1;1;XEUR;2163053;693;
19.05.2025;11:06:44.065;FEXD SI 20301220 CS;SIMPLE_INSTRUMENT;BLOCK;EUR;21;141.40000000;500;EXCHANGE_LAST;;1;1;XEUR;5914108;693;
19.05.2025;07:48:30.129;FGBL SI 20250606 PS;SIMPLE_INSTRUMENT;EFP_FIN;EUR;1;130.16000000;1470;EXCHANGE_LAST;;1;1;XEUR;11820389;688;
19.05.2025;07:49:33.938;FGBL SI 20250606 PS;SIMPLE_INSTRUMENT;EFS;EUR;2;130.17000000;435;EXCHANGE_LAST;;1;1;XEUR;11820389;688;
19.05.2025;07:53:04.154;FGBL SI 20250606 PS;SIMPLE_INSTRUMENT;EFS;EUR;3;130.16000000;435;EXCHANGE_LAST;;1;1;XEUR;11820389;688;
19.05.2025;08:19:08.133;FGBL SI 20250606 PS;SIMPLE_INSTRUMENT;EFS;EUR;4;129.98000000;435;EXCHANGE_LAST;;1;1;XEUR;11820389;688;
19.05.2025;08:51:09.687;FGBL SI 20250606 PS;SIMPLE_INSTRUMENT;EFS;EUR;5;129.95000000;193;EXCHANGE_LAST;;1;1;XEUR;11820389;688;
19.05.2025;08:47:34.438;FGBL SI 20250606 PS;SIMPLE_INSTRUMENT;EFS;EUR;6;129.89000000;436;EXCHANGE_LAST;;1;1;XEUR;11820389;688;
19.05.2025;08:47:49.453;FGBL SI 20250606 PS;SIMPLE_INSTRUMENT;EFS;EUR;7;129.89000000;436;EXCHANGE_LAST;;1;1;XEUR;11820389;688;
19.05.2025;08:48:14.318;FGBL SI 20250606 PS;SIMPLE_INSTRUMENT;EFS;EUR;8;129.90000000;221;EXCHANGE_LAST;;1;1;XEUR;11820389;688;
19.05.2025;08:49:02.291;FGBL SI 20250606 PS;SIMPLE_INSTRUMENT;EFS;EUR;9;129.88000000;218;EXCHANGE_LAST;;1;1;XEUR;11820389;688;
19.05.2025;08:49:49.293;FGBL SI 20250606 PS;SIMPLE_INSTRUMENT;EFS;EUR;10;129.89000000;218;EXCHANGE_LAST;;1;1;XEUR;11820389;688;
19.05.2025;08:53:45.355;FGBL SI 20250606 PS;SIMPLE_INSTRUMENT;EFS;EUR;11;129.88000000;218;EXCHANGE_LAST;;1;1;XEUR;11820389;688;
19.05.2025;09:00:32.235;FGBL SI 20250606 PS;SIMPLE_INSTRUMENT;EFP_FIN;EUR;12;129.88000000;321;EXCHANGE_LAST;;1;1;XEUR;11820389;688;
19.05.2025;09:01:46.067;FGBL SI 20250606 PS;SIMPLE_INSTRUMENT;EFS;EUR;13;129.89000000;436;EXCHANGE_LAST;;1;1;XEUR;11820389;688;
19.05.2025;09:01:56.077;FGBL SI 20250606 PS;SIMPLE_INSTRUMENT;EFS;EUR;14;129.89000000;436;EXCHANGE_LAST;;1;1;XEUR;11820389;688;
19.05.2025;09:05:33.238;FGBL SI 20250606 PS;SIMPLE_INSTRUMENT;EFS;EUR;15;129.93000000;294;EXCHANGE_LAST;;1;1;XEUR;11820389;688;
19.05.2025;09:11:25.199;FGBL SI 20250606 PS;SIMPLE_INSTRUMENT;EFS;EUR;16;129.89000000;436;EXCHANGE_LAST;;1;1;XEUR;11820389;688;
19.05.2025;09:19:41.167;FGBL SI 20250606 PS;SIMPLE_INSTRUMENT;EFS;EUR;17;129.85000000;436;EXCHANGE_LAST;;1;1;XEUR;11820389;688;
19.05.2025;09:20:37.699;FGBL SI 20250606 PS;SIMPLE_INSTRUMENT;EFS;EUR;18;129.88000000;471;EXCHANGE_LAST;;1;1;XEUR;11820389;688;
19.05.2025;09:30:09.009;FGBL SI 20250606 PS;SIMPLE_INSTRUMENT;EFS;EUR;19;129.77000000;750;EXCHANGE_LAST;;1;1;XEUR;11820389;688;
19.05.2025;09:40:57.494;FGBL SI 20250606 PS;SIMPLE_INSTRUMENT;EFS;EUR;20;129.78000000;131;EXCHANGE_LAST;;1;1;XEUR;11820389;688;
19.05.2025;09:44:40.056;FGBL SI 20250606 PS;SIMPLE_INSTRUMENT;EFS;EUR;21;129.78000000;218;EXCHANGE_LAST;;1;1;XEUR;11820389;688;
19.05.2025;09:45:29.269;FGBL SI 20250606 PS;SIMPLE_INSTRUMENT;EFS;EUR;22;129.88000000;553;EXCHANGE_LAST;;1;1;XEUR;11820389;688;
19.05.2025;09:47:45.036;FGBL SI 20250606 PS;SIMPLE_INSTRUMENT;EFS;EUR;23;129.76000000;436;EXCHANGE_LAST;;1;1;XEUR;11820389;688;
19.05.2025;09:47:50.601;FGBL SI 20250606 PS;SIMPLE_INSTRUMENT;EFP_FIN;EUR;24;129.77000000;561;EXCHANGE_LAST;;1;1;XEUR;11820389;688;
19.05.2025;09:48:30.547;FGBL SI 20250606 PS;SIMPLE_INSTRUMENT;EFS;EUR;25;129.76000000;260;EXCHANGE_LAST;;1;1;XEUR;11820389;688;
19.05.2025;09:54:03.112;FGBL SI 20250606 PS;SIMPLE_INSTRUMENT;EFP_FIN;EUR;26;129.79000000;561;EXCHANGE_LAST;;1;1;XEUR;11820389;688;
19.05.2025;09:57:04.688;FGBL SI 20250606 PS;SIMPLE_INSTRUMENT;EFS;EUR;27;129.82000000;494;EXCHANGE_LAST;;1;1;XEUR;11820389;688;
19.05.2025;10:05:48.266;FGBL SI 20250606 PS;SIMPLE_INSTRUMENT;EFP_FIN;EUR;28;129.82000000;748;EXCHANGE_LAST;;1;1;XEUR;11820389;688;
19.05.2025;10:22:24.311;FGBL SI 20250606 PS;SIMPLE_INSTRUMENT;EFP_FIN;EUR;29;129.86000000;150;EXCHANGE_LAST;;1;1;XEUR;11820389;688;
19.05.2025;10:30:29.142;FGBL SI 20250606 PS;SIMPLE_INSTRUMENT;EFP_FIN;EUR;30;129.86000000;150;EXCHANGE_LAST;;1;1;XEUR;11820389;688;
19.05.2025;10:50:51.876;FGBL SI 20250606 PS;SIMPLE_INSTRUMENT;EFS;EUR;31;129.88000000;988;EXCHANGE_LAST;;1;1;XEUR;11820389;688;
19.05.2025;10:55:56.517;FGBL SI 20250606 PS;SIMPLE_INSTRUMENT;EFS;EUR;32;129.85000000;436;EXCHANGE_LAST;;1;1;XEUR;11820389;688;
19.05.2025;10:57:22.512;FGBL SI 20250606 PS;SIMPLE_INSTRUMENT;EFS;EUR;33;129.85000000;436;EXCHANGE_LAST;;1;1;XEUR;11820389;688;
19.05.2025;11:01:53.767;FGBL SI 20250606 PS;SIMPLE_INSTRUMENT;EFS;EUR;34;129.85000000;150;EXCHANGE_LAST;;1;1;XEUR;11820389;688;
19.05.2025;11:28:02.877;FGBL SI 20250606 PS;SIMPLE_INSTRUMENT;EFS;EUR;35;129.87000000;436;EXCHANGE_LAST;;1;1;XEUR;11820389;688;
19.05.2025;11:29:28.027;FGBL SI 20250606 PS;SIMPLE_INSTRUMENT;EFS;EUR;36;129.88000000;435;EXCHANGE_LAST;;1;1;XEUR;11820389;688;
19.05.2025;11:31:34.773;FGBL SI 20250606 PS;SIMPLE_INSTRUMENT;EFS;EUR;37;129.89000000;436;EXCHANGE_LAST;;1;1;XEUR;11820389;688;
19.05.2025;11:33:01.459;FGBL SI 20250606 PS;SIMPLE_INSTRUMENT;EFS;EUR;38;129.88000000;871;EXCHANGE_LAST;;1;1;XEUR;11820389;688;
19.05.2025;11:33:04.858;FGBL SI 20250606 PS;SIMPLE_INSTRUMENT;EFS;EUR;39;129.89000000;436;EXCHANGE_LAST;;1;1;XEUR;11820389;688;
19.05.2025;11:40:54.259;FGBL SI 20250606 PS;SIMPLE_INSTRUMENT;EFS;EUR;40;129.86000000;219;EXCHANGE_LAST;;1;1;XEUR;11820389;688;
19.05.2025;12:12:58.601;FGBL SI 20250606 PS;SIMPLE_INSTRUMENT;EFS;EUR;41;130.05000000;435;EXCHANGE_LAST;;1;1;XEUR;11820389;688;
19.05.2025;12:29:56.731;FGBL SI 20250606 PS;SIMPLE_INSTRUMENT;EFP_FIN;EUR;42;130.01000000;374;EXCHANGE_LAST;;1;1;XEUR;11820389;688;
19.05.2025;12:30:29.936;FGBL SI 20250606 PS;SIMPLE_INSTRUMENT;EFP_FIN;EUR;43;130.01000000;733;EXCHANGE_LAST;;1;1;XEUR;11820389;688;
19.05.2025;12:35:12.665;FGBL SI 20250606 PS;SIMPLE_INSTRUMENT;EFS;EUR;44;130.02000000;987;EXCHANGE_LAST;;1;1;XEUR;11820389;688;
19.05.2025;12:40:36.856;FGBL SI 20250606 PS;SIMPLE_INSTRUMENT;EFS;EUR;45;130.04000000;509;EXCHANGE_LAST;;1;1;XEUR;11820389;688;
19.05.2025;12:43:37.052;FGBL SI 20250606 PS;SIMPLE_INSTRUMENT;EFS;EUR;46;130.04000000;509;EXCHANGE_LAST;;1;1;XEUR;11820389;688;
19.05.2025;12:56:36.081;FGBL SI 20250606 PS;SIMPLE_INSTRUMENT;EFS;EUR;47;130.01000000;201;EXCHANGE_LAST;;1;1;XEUR;11820389;688;
19.05.2025;12:58:07.674;FGBL SI 20250606 PS;SIMPLE_INSTRUMENT;EFS;EUR;48;130.03000000;247;EXCHANGE_LAST;;1;1;XEUR;11820389;688;
19.05.2025;13:04:54.917;FGBL SI 20250606 PS;SIMPLE_INSTRUMENT;EFS;EUR;49;130.00000000;150;EXCHANGE_LAST;;1;1;XEUR;11820389;688;
19.05.2025;13:16:58.991;FGBL SI 20250606 PS;SIMPLE_INSTRUMENT;EFP_FIN;EUR;50;130.05000000;490;EXCHANGE_LAST;;1;1;XEUR;11820389;688;
19.05.2025;13:28:31.115;FGBL SI 20250606 PS;SIMPLE_INSTRUMENT;EFS;EUR;51;130.28000000;435;EXCHANGE_LAST;;1;1;XEUR;11820389;688;
19.05.2025;13:28:45.280;FGBL SI 20250606 PS;SIMPLE_INSTRUMENT;EFS;EUR;52;130.18000000;435;EXCHANGE_LAST;;1;1;XEUR;11820389;688;
19.05.2025;13:32:21.290;FGBL SI 20250606 PS;SIMPLE_INSTRUMENT;EFS;EUR;53;130.25000000;435;EXCHANGE_LAST;;1;1;XEUR;11820389;688;
19.05.2025;13:33:51.502;FGBL SI 20250606 PS;SIMPLE_INSTRUMENT;EFS;EUR;54;130.24000000;435;EXCHANGE_LAST;;1;1;XEUR;11820389;688;
19.05.2025;13:33:31.777;FGBL SI 20250606 PS;SIMPLE_INSTRUMENT;EFS;EUR;55;130.27000000;1231;EXCHANGE_LAST;;1;1;XEUR;11820389;688;
19.05.2025;13:35:44.096;FGBL SI 20250606 PS;SIMPLE_INSTRUMENT;EFS;EUR;56;130.24000000;435;EXCHANGE_LAST;;1;1;XEUR;11820389;688;
19.05.2025;13:36:16.244;FGBL SI 20250606 PS;SIMPLE_INSTRUMENT;EFS;EUR;57;130.27000000;435;EXCHANGE_LAST;;1;1;XEUR;11820389;688;
19.05.2025;13:39:17.610;FGBL SI 20250606 PS;SIMPLE_INSTRUMENT;EFS;EUR;58;130.31000000;435;EXCHANGE_LAST;;1;1;XEUR;11820389;688;
19.05.2025;13:40:32.883;FGBL SI 20250606 PS;SIMPLE_INSTRUMENT;EFP_FIN;EUR;59;130.18000000;797;EXCHANGE_LAST;;1;1;XEUR;11820389;688;
19.05.2025;13:42:18.553;FGBL SI 20250606 PS;SIMPLE_INSTRUMENT;EFS;EUR;60;130.31000000;434;EXCHANGE_LAST;;1;1;XEUR;11820389;688;
19.05.2025;13:43:00.448;FGBL SI 20250606 PS;SIMPLE_INSTRUMENT;EFS;EUR;61;130.32000000;434;EXCHANGE_LAST;;1;1;XEUR;11820389;688;
19.05.2025;13:45:25.423;FGBL SI 20250606 PS;SIMPLE_INSTRUMENT;EFS;EUR;62;130.26000000;437;EXCHANGE_LAST;;1;1;XEUR;11820389;688;
19.05.2025;13:48:36.197;FGBL SI 20250606 PS;SIMPLE_INSTRUMENT;EFS;EUR;63;130.31000000;492;EXCHANGE_LAST;;1;1;XEUR;11820389;688;
19.05.2025;13:51:02.998;FGBL SI 20250606 PS;SIMPLE_INSTRUMENT;EFP_FIN;EUR;64;130.26000000;77;EXCHANGE_LAST;;1;1;XEUR;11820389;688;
19.05.2025;13:51:30.932;FGBL SI 20250606 PS;SIMPLE_INSTRUMENT;EFP_FIN;EUR;65;130.26000000;449;EXCHANGE_LAST;;1;1;XEUR;11820389;688;
19.05.2025;13:51:42.912;FGBL SI 20250606 PS;SIMPLE_INSTRUMENT;EFP_FIN;EUR;66;130.26000000;75;EXCHANGE_LAST;;1;1;XEUR;11820389;688;
19.05.2025;13:57:27.002;FGBL SI 20250606 PS;SIMPLE_INSTRUMENT;EFP_FIN;EUR;67;130.29000000;245;EXCHANGE_LAST;;1;1;XEUR;11820389;688;
19.05.2025;14:06:10.373;FGBL SI 20250606 PS;SIMPLE_INSTRUMENT;EFS;EUR;68;130.30000000;243;EXCHANGE_LAST;;1;1;XEUR;11820389;688;
19.05.2025;14:09:35.416;FGBL SI 20250606 PS;SIMPLE_INSTRUMENT;EFP_FIN;EUR;69;130.31000000;798;EXCHANGE_LAST;;1;1;XEUR;11820389;688;
19.05.2025;14:11:33.722;FGBL SI 20250606 PS;SIMPLE_INSTRUMENT;EFS;EUR;70;130.29000000;435;EXCHANGE_LAST;;1;1;XEUR;11820389;688;
19.05.2025;14:15:31.455;FGBL SI 20250606 PS;SIMPLE_INSTRUMENT;EFS;EUR;71;130.29000000;217;EXCHANGE_LAST;;1;1;XEUR;11820389;688;
19.05.2025;14:15:47.521;FGBL SI 20250606 PS;SIMPLE_INSTRUMENT;EFS;EUR;72;130.29000000;435;EXCHANGE_LAST;;1;1;XEUR;11820389;688;
19.05.2025;14:19:12.744;FGBL SI 20250606 PS;SIMPLE_INSTRUMENT;EFS;EUR;73;130.32000000;435;EXCHANGE_LAST;;1;1;XEUR;11820389;688;
19.05.2025;14:25:27.931;FGBL SI 20250606 PS;SIMPLE_INSTRUMENT;EFS;EUR;74;130.27000000;437;EXCHANGE_LAST;;1;1;XEUR;11820389;688;
19.05.2025;14:29:01.166;FGBL SI 20250606 PS;SIMPLE_INSTRUMENT;EFS;EUR;75;130.34000000;99;EXCHANGE_LAST;;1;1;XEUR;11820389;688;
19.05.2025;14:43:57.455;FGBL SI 20250606 PS;SIMPLE_INSTRUMENT;EFS;EUR;76;130.38000000;217;EXCHANGE_LAST;;1;1;XEUR;11820389;688;
19.05.2025;14:44:12.468;FGBL SI 20250606 PS;SIMPLE_INSTRUMENT;EFS;EUR;77;130.38000000;435;EXCHANGE_LAST;;1;1;XEUR;11820389;688;
19.05.2025;14:44:32.488;FGBL SI 20250606 PS;SIMPLE_INSTRUMENT;EFS;EUR;78;130.38000000;435;EXCHANGE_LAST;;1;1;XEUR;11820389;688;
19.05.2025;14:46:17.576;FGBL SI 20250606 PS;SIMPLE_INSTRUMENT;EFS;EUR;79;130.44000000;435;EXCHANGE_LAST;;1;1;XEUR;11820389;688;
19.05.2025;14:46:22.582;FGBL SI 20250606 PS;SIMPLE_INSTRUMENT;EFS;EUR;80;130.43000000;435;EXCHANGE_LAST;;1;1;XEUR;11820389;688;
19.05.2025;14:46:27.587;FGBL SI 20250606 PS;SIMPLE_INSTRUMENT;EFS;EUR;81;130.43000000;435;EXCHANGE_LAST;;1;1;XEUR;11820389;688;
19.05.2025;14:46:42.607;FGBL SI 20250606 PS;SIMPLE_INSTRUMENT;EFS;EUR;82;130.42000000;434;EXCHANGE_LAST;;1;1;XEUR;11820389;688;
19.05.2025;14:48:27.699;FGBL SI 20250606 PS;SIMPLE_INSTRUMENT;EFS;EUR;83;130.45000000;435;EXCHANGE_LAST;;1;1;XEUR;11820389;688;
19.05.2025;14:49:50.168;FGBL SI 20250606 PS;SIMPLE_INSTRUMENT;EFS;EUR;84;130.40000000;434;EXCHANGE_LAST;;1;1;XEUR;11820389;688;
19.05.2025;14:51:07.046;FGBL SI 20250606 PS;SIMPLE_INSTRUMENT;EFP_FIN;EUR;85;130.37000000;142;EXCHANGE_LAST;;1;1;XEUR;11820389;688;
19.05.2025;14:52:23.888;FGBL SI 20250606 PS;SIMPLE_INSTRUMENT;EFS;EUR;86;130.47000000;434;EXCHANGE_LAST;;1;1;XEUR;11820389;688;
19.05.2025;14:53:17.452;FGBL SI 20250606 PS;SIMPLE_INSTRUMENT;EFP_FIN;EUR;87;130.37000000;390;EXCHANGE_LAST;;1;1;XEUR;11820389;688;
19.05.2025;14:54:03.174;FGBL SI 20250606 PS;SIMPLE_INSTRUMENT;EFP_FIN;EUR;88;130.37000000;84;EXCHANGE_LAST;;1;1;XEUR;11820389;688;
19.05.2025;14:57:35.151;FGBL SI 20250606 PS;SIMPLE_INSTRUMENT;EFS;EUR;89;130.52000000;434;EXCHANGE_LAST;;1;1;XEUR;11820389;688;
19.05.2025;15:11:56.780;FGBL SI 20250606 PS;SIMPLE_INSTRUMENT;EFS;EUR;90;130.51000000;250;EXCHANGE_LAST;;1;1;XEUR;11820389;688;
19.05.2025;15:13:28.017;FGBL SI 20250606 PS;SIMPLE_INSTRUMENT;EFS;EUR;91;130.51000000;250;EXCHANGE_LAST;;1;1;XEUR;11820389;688;
19.05.2025;15:22:50.737;FGBL SI 20250606 PS;SIMPLE_INSTRUMENT;EFP_FIN;EUR;92;130.53000000;69;EXCHANGE_LAST;;1;1;XEUR;11820389;688;
19.05.2025;15:24:57.429;FGBL SI 20250606 PS;SIMPLE_INSTRUMENT;EFS;EUR;93;130.50000000;306;EXCHANGE_LAST;;1;1;XEUR;11820389;688;
19.05.2025;15:28:42.583;FGBL SI 20250606 PS;SIMPLE_INSTRUMENT;EFS;EUR;94;130.55000000;434;EXCHANGE_LAST;;1;1;XEUR;11820389;688;
19.05.2025;15:28:45.527;FGBL SI 20250606 PS;SIMPLE_INSTRUMENT;EFS;EUR;95;130.56000000;196;EXCHANGE_LAST;;1;1;XEUR;11820389;688;
19.05.2025;15:40:13.151;FGBL SI 20250606 PS;SIMPLE_INSTRUMENT;EFP_FIN;EUR;96;130.48000000;247;EXCHANGE_LAST;;1;1;XEUR;11820389;688;
19.05.2025;15:41:34.668;FGBL SI 20250606 PS;SIMPLE_INSTRUMENT;EFS;EUR;97;130.51000000;1600;EXCHANGE_LAST;;1;1;XEUR;11820389;688;
19.05.2025;15:46:44.735;FGBL SI 20250606 PS;SIMPLE_INSTRUMENT;EFS;EUR;98;130.54000000;304;EXCHANGE_LAST;;1;1;XEUR;11820389;688;
19.05.2025;15:47:15.993;FGBL SI 20250606 PS;SIMPLE_INSTRUMENT;EFS;EUR;99;130.45000000;434;EXCHANGE_LAST;;1;1;XEUR;11820389;688;
19.05.2025;15:47:37.455;FGBL SI 20250606 PS;SIMPLE_INSTRUMENT;EFS;EUR;100;130.50000000;217;EXCHANGE_LAST;;1;1;XEUR;11820389;688;
19.05.2025;15:48:29.029;FGBL SI 20250606 PS;SIMPLE_INSTRUMENT;EFS;EUR;101;130.50000000;651;EXCHANGE_LAST;;1;1;XEUR;11820389;688;
19.05.2025;15:54:59.453;FGBL SI 20250606 PS;SIMPLE_INSTRUMENT;EFS;EUR;102;130.39000000;217;EXCHANGE_LAST;;1;1;XEUR;11820389;688;
19.05.2025;15:59:42.324;FGBL SI 20250606 PS;SIMPLE_INSTRUMENT;EFP_FIN;EUR;103;129.90000000;150;EXCHANGE_LAST;;1;1;XEUR;11820389;688;
19.05.2025;16:09:47.185;FGBL SI 20250606 PS;SIMPLE_INSTRUMENT;EFS;EUR;104;130.39000000;217;EXCHANGE_LAST;;1;1;XEUR;11820389;688;
19.05.2025;09:16:02.758;FGBL SI 20250606 PS;SIMPLE_INSTRUMENT;VOLA;EUR;268435480;129.89000000;83;EXCHANGE_LAST;;1;1;XEUR;11820389;688;
19.05.2025;09:27:53.506;FGBL SI 20250606 PS;SIMPLE_INSTRUMENT;VOLA;EUR;268435493;129.89000000;55;EXCHANGE_LAST;;1;1;XEUR;11820389;688;
19.05.2025;11:07:46.005;FGBL SI 20250606 PS;SIMPLE_INSTRUMENT;VOLA;EUR;268435514;129.84000000;100;EXCHANGE_LAST;;1;1;XEUR;11820389;688;
19.05.2025;12:30:16.240;FGBL SI 20250606 PS;SIMPLE_INSTRUMENT;VOLA;EUR;268435521;130.10000000;125;EXCHANGE_LAST;;1;1;XEUR;11820389;688;
19.05.2025;14:15:58.874;FGBL SI 20250908 PS;SIMPLE_INSTRUMENT;VOLA;EUR;268435540;130.10000000;160;EXCHANGE_LAST;;1;1;XEUR;12372482;688;
19.05.2025;14:17:41.979;FGBL SI 20250606 PS;SIMPLE_INSTRUMENT;VOLA;EUR;268435541;130.30000000;105;EXCHANGE_LAST;;1;1;XEUR;11820389;688;
19.05.2025;14:17:42.925;FGBL SI 20250606 PS;SIMPLE_INSTRUMENT;VOLA;EUR;268435542;130.30000000;105;EXCHANGE_LAST;;1;1;XEUR;11820389;688;
19.05.2025;14:45:22.613;FGBL SI 20250908 PS;SIMPLE_INSTRUMENT;VOLA;EUR;268435549;130.20000000;225;EXCHANGE_LAST;;1;1;XEUR;12372482;688;
19.05.2025;14:51:22.459;FGBL SI 20250606 PS;SIMPLE_INSTRUMENT;VOLA;EUR;268435553;130.42000000;210;EXCHANGE_LAST;;1;1;XEUR;11820389;688;
19.05.2025;15:40:26.435;FGBL SI 20250606 PS;SIMPLE_INSTRUMENT;VOLA;EUR;268435560;130.51000000;148;EXCHANGE_LAST;;1;1;XEUR;11820389;688;
19.05.2025;06:55:01.638;FGBM SI 20250606 PS;SIMPLE_INSTRUMENT;EFS;EUR;1;118.74000000;150;EXCHANGE_LAST;;1;1;XEUR;11820390;689;
19.05.2025;07:17:54.763;FGBM SI 20250606 PS;SIMPLE_INSTRUMENT;EFS;EUR;2;118.71000000;217;EXCHANGE_LAST;;1;1;XEUR;11820390;689;
19.05.2025;07:22:51.957;FGBM SI 20250606 PS;SIMPLE_INSTRUMENT;EFS;EUR;3;118.70000000;432;EXCHANGE_LAST;;1;1;XEUR;11820390;689;
19.05.2025;07:30:39.447;FGBM SI 20250606 PS;SIMPLE_INSTRUMENT;EFP_FIN;EUR;4;118.72000000;236;EXCHANGE_LAST;;1;1;XEUR;11820390;689;
19.05.2025;07:39:04.164;FGBM SI 20250606 PS;SIMPLE_INSTRUMENT;EFS;EUR;5;118.70000000;926;EXCHANGE_LAST;;1;1;XEUR;11820390;689;
19.05.2025;07:42:06.778;FGBM SI 20250606 PS;SIMPLE_INSTRUMENT;EFS;EUR;6;118.71000000;925;EXCHANGE_LAST;;1;1;XEUR;11820390;689;
19.05.2025;07:47:47.502;FGBM SI 20250606 PS;SIMPLE_INSTRUMENT;EFS;EUR;7;118.69000000;432;EXCHANGE_LAST;;1;1;XEUR;11820390;689;
19.05.2025;07:51:28.376;FGBM SI 20250606 PS;SIMPLE_INSTRUMENT;EFS;EUR;8;118.69000000;86;EXCHANGE_LAST;;1;1;XEUR;11820390;689;
19.05.2025;07:53:04.109;FGBM SI 20250606 PS;SIMPLE_INSTRUMENT;EFS;EUR;9;118.69000000;813;EXCHANGE_LAST;;1;1;XEUR;11820390;689;
19.05.2025;08:08:59.561;FGBM SI 20250606 PS;SIMPLE_INSTRUMENT;EFS;EUR;10;118.67000000;864;EXCHANGE_LAST;;1;1;XEUR;11820390;689;
19.05.2025;08:09:30.308;FGBM SI 20250606 PS;SIMPLE_INSTRUMENT;EFS;EUR;11;118.67000000;864;EXCHANGE_LAST;;1;1;XEUR;11820390;689;
19.05.2025;08:10:01.054;FGBM SI 20250606 PS;SIMPLE_INSTRUMENT;EFS;EUR;12;118.67000000;432;EXCHANGE_LAST;;1;1;XEUR;11820390;689;
19.05.2025;08:11:06.262;FGBM SI 20250606 PS;SIMPLE_INSTRUMENT;EFS;EUR;13;118.67000000;2160;EXCHANGE_LAST;;1;1;XEUR;11820390;689;
19.05.2025;08:12:00.871;FGBM SI 20250606 PS;SIMPLE_INSTRUMENT;EFS;EUR;14;118.67000000;432;EXCHANGE_LAST;;1;1;XEUR;11820390;689;
19.05.2025;08:16:37.239;FGBM SI 20250606 PS;SIMPLE_INSTRUMENT;EFS;EUR;15;118.61000000;553;EXCHANGE_LAST;;1;1;XEUR;11820390;689;
19.05.2025;08:30:33.262;FGBM SI 20250606 PS;SIMPLE_INSTRUMENT;EFS;EUR;16;118.63000000;830;EXCHANGE_LAST;;1;1;XEUR;11820390;689;
19.05.2025;08:48:09.469;FGBM SI 20250606 PS;SIMPLE_INSTRUMENT;EFS;EUR;17;118.53000000;866;EXCHANGE_LAST;;1;1;XEUR;11820390;689;
19.05.2025;08:51:58.586;FGBM SI 20250606 PS;SIMPLE_INSTRUMENT;EFP_FIN;EUR;18;118.68000000;852;EXCHANGE_LAST;;1;1;XEUR;11820390;689;
19.05.2025;08:59:05.947;FGBM SI 20250606 PS;SIMPLE_INSTRUMENT;EFS;EUR;19;118.53000000;303;EXCHANGE_LAST;;1;1;XEUR;11820390;689;
19.05.2025;08:59:09.951;FGBM SI 20250606 PS;SIMPLE_INSTRUMENT;EFS;EUR;20;118.53000000;563;EXCHANGE_LAST;;1;1;XEUR;11820390;689;
19.05.2025;09:03:29.492;FGBM SI 20250606 PS;SIMPLE_INSTRUMENT;EFS;EUR;21;118.56000000;552;EXCHANGE_LAST;;1;1;XEUR;11820390;689;
19.05.2025;09:08:30.669;FGBM SI 20250606 PS;SIMPLE_INSTRUMENT;EFS;EUR;22;118.54000000;927;EXCHANGE_LAST;;1;1;XEUR;11820390;689;
19.05.2025;09:24:27.173;FGBM SI 20250606 PS;SIMPLE_INSTRUMENT;EFS;EUR;23;118.47000000;823;EXCHANGE_LAST;;1;1;XEUR;11820390;689;
19.05.2025;09:35:45.337;FGBM SI 20250606 PS;SIMPLE_INSTRUMENT;EFS;EUR;24;118.45000000;1117;EXCHANGE_LAST;;1;1;XEUR;11820390;689;
19.05.2025;09:47:59.139;FGBM SI 20250606 PS;SIMPLE_INSTRUMENT;EFS;EUR;25;118.48000000;866;EXCHANGE_LAST;;1;1;XEUR;11820390;689;
19.05.2025;10:26:39.695;FGBM SI 20250606 PS;SIMPLE_INSTRUMENT;EFS;EUR;26;118.49000000;165;EXCHANGE_LAST;;1;1;XEUR;11820390;689;
19.05.2025;10:51:12.484;FGBM SI 20250606 PS;SIMPLE_INSTRUMENT;EFP_FIN;EUR;27;118.50000000;168;EXCHANGE_LAST;;1;1;XEUR;11820390;689;
19.05.2025;10:52:30.833;FGBM SI 20250606 PS;SIMPLE_INSTRUMENT;EFP_FIN;EUR;28;118.50000000;852;EXCHANGE_LAST;;1;1;XEUR;11820390;689;
19.05.2025;10:54:11.137;FGBM SI 20250606 PS;SIMPLE_INSTRUMENT;EFS;EUR;29;118.50000000;433;EXCHANGE_LAST;;1;1;XEUR;11820390;689;
19.05.2025;10:54:21.146;FGBM SI 20250606 PS;SIMPLE_INSTRUMENT;EFS;EUR;30;118.50000000;433;EXCHANGE_LAST;;1;1;XEUR;11820390;689;
19.05.2025;11:10:23.074;FGBM SI 20250606 PS;SIMPLE_INSTRUMENT;EFP_FIN;EUR;31;118.50000000;176;EXCHANGE_LAST;;1;1;XEUR;11820390;689;
19.05.2025;11:01:22.464;FGBM SI 20250606 PS;SIMPLE_INSTRUMENT;EFS;EUR;32;118.49000000;866;EXCHANGE_LAST;;1;1;XEUR;11820390;689;
19.05.2025;11:17:57.775;FGBM SI 20250606 PS;SIMPLE_INSTRUMENT;EFS;EUR;33;118.49000000;928;EXCHANGE_LAST;;1;1;XEUR;11820390;689;
19.05.2025;11:31:33.288;FGBM SI 20250606 PS;SIMPLE_INSTRUMENT;EFS;EUR;34;118.49000000;563;EXCHANGE_LAST;;1;1;XEUR;11820390;689;
19.05.2025;11:33:39.889;FGBM SI 20250606 PS;SIMPLE_INSTRUMENT;EFS;EUR;35;118.50000000;433;EXCHANGE_LAST;;1;1;XEUR;11820390;689;
19.05.2025;11:35:50.006;FGBM SI 20250606 PS;SIMPLE_INSTRUMENT;EFS;EUR;36;118.50000000;433;EXCHANGE_LAST;;1;1;XEUR;11820390;689;
19.05.2025;11:35:51.545;FGBM SI 20250606 PS;SIMPLE_INSTRUMENT;EFS;EUR;37;118.50000000;865;EXCHANGE_LAST;;1;1;XEUR;11820390;689;
19.05.2025;11:53:51.481;FGBM SI 20250606 PS;SIMPLE_INSTRUMENT;EFS;EUR;38;118.49000000;433;EXCHANGE_LAST;;1;1;XEUR;11820390;689;
19.05.2025;12:09:25.191;FGBM SI 20250606 PS;SIMPLE_INSTRUMENT;EFP_FIN;EUR;40;118.49000000;1405;EXCHANGE_LAST;;1;1;XEUR;11820390;689;
19.05.2025;12:21:24.167;FGBM SI 20250606 PS;SIMPLE_INSTRUMENT;EFP_FIN;EUR;41;118.56000000;426;EXCHANGE_LAST;;1;1;XEUR;11820390;689;
19.05.2025;12:35:12.685;FGBM SI 20250606 PS;SIMPLE_INSTRUMENT;EFS;EUR;42;118.56000000;1854;EXCHANGE_LAST;;1;1;XEUR;11820390;689;
19.05.2025;13:04:01.273;FGBM SI 20250606 PS;SIMPLE_INSTRUMENT;EFP_FIN;EUR;43;118.60000000;421;EXCHANGE_LAST;;1;1;XEUR;11820390;689;
19.05.2025;13:05:26.480;FGBM SI 20250606 PS;SIMPLE_INSTRUMENT;EFP_FIN;EUR;44;118.60000000;151;EXCHANGE_LAST;;1;1;XEUR;11820390;689;
19.05.2025;13:06:35.700;FGBM SI 20250606 PS;SIMPLE_INSTRUMENT;EFS;EUR;45;118.58000000;1851;EXCHANGE_LAST;;1;1;XEUR;11820390;689;
19.05.2025;13:07:54.311;FGBM SI 20250606 PS;SIMPLE_INSTRUMENT;EFP_FIN;EUR;46;118.60000000;303;EXCHANGE_LAST;;1;1;XEUR;11820390;689;
19.05.2025;13:09:32.304;FGBM SI 20250606 PS;SIMPLE_INSTRUMENT;EFS;EUR;47;118.60000000;1390;EXCHANGE_LAST;;1;1;XEUR;11820390;689;
19.05.2025;13:15:44.511;FGBM SI 20250606 PS;SIMPLE_INSTRUMENT;EFP_FIN;EUR;48;118.60000000;303;EXCHANGE_LAST;;1;1;XEUR;11820390;689;
19.05.2025;13:21:51.313;FGBM SI 20250606 PS;SIMPLE_INSTRUMENT;EFP_FIN;EUR;49;118.60000000;66;EXCHANGE_LAST;;1;1;XEUR;11820390;689;
19.05.2025;13:24:10.395;FGBM SI 20250606 PS;SIMPLE_INSTRUMENT;EFS;EUR;50;118.60000000;921;EXCHANGE_LAST;;1;1;XEUR;11820390;689;
19.05.2025;13:50:14.709;FGBM SI 20250606 PS;SIMPLE_INSTRUMENT;EFP_FIN;EUR;51;118.71000000;236;EXCHANGE_LAST;;1;1;XEUR;11820390;689;
19.05.2025;14:13:31.326;FGBM SI 20250606 PS;SIMPLE_INSTRUMENT;EFS;EUR;52;118.73000000;432;EXCHANGE_LAST;;1;1;XEUR;11820390;689;
19.05.2025;14:15:51.557;FGBM SI 20250606 PS;SIMPLE_INSTRUMENT;EFS;EUR;53;118.73000000;216;EXCHANGE_LAST;;1;1;XEUR;11820390;689;
19.05.2025;14:22:13.976;FGBM SI 20250606 PS;SIMPLE_INSTRUMENT;EFS;EUR;54;118.73000000;463;EXCHANGE_LAST;;1;1;XEUR;11820390;689;
19.05.2025;14:37:57.200;FGBM SI 20250606 PS;SIMPLE_INSTRUMENT;EFS;EUR;55;118.77000000;432;EXCHANGE_LAST;;1;1;XEUR;11820390;689;
19.05.2025;14:45:15.222;FGBM SI 20250606 PS;SIMPLE_INSTRUMENT;EFS;EUR;56;118.77000000;1296;EXCHANGE_LAST;;1;1;XEUR;11820390;689;
19.05.2025;14:45:32.535;FGBM SI 20250606 PS;SIMPLE_INSTRUMENT;EFS;EUR;57;118.77000000;864;EXCHANGE_LAST;;1;1;XEUR;11820390;689;
19.05.2025;14:46:32.594;FGBM SI 20250606 PS;SIMPLE_INSTRUMENT;EFS;EUR;58;118.78000000;864;EXCHANGE_LAST;;1;1;XEUR;11820390;689;
19.05.2025;14:46:43.609;FGBM SI 20250606 PS;SIMPLE_INSTRUMENT;EFS;EUR;59;118.78000000;864;EXCHANGE_LAST;;1;1;XEUR;11820390;689;
19.05.2025;14:47:34.552;FGBM SI 20250606 PS;SIMPLE_INSTRUMENT;EFS;EUR;60;118.78000000;864;EXCHANGE_LAST;;1;1;XEUR;11820390;689;
19.05.2025;14:48:35.196;FGBM SI 20250606 PS;SIMPLE_INSTRUMENT;EFS;EUR;61;118.78000000;864;EXCHANGE_LAST;;1;1;XEUR;11820390;689;
19.05.2025;14:50:00.348;FGBM SI 20250606 PS;SIMPLE_INSTRUMENT;EFS;EUR;62;118.77000000;864;EXCHANGE_LAST;;1;1;XEUR;11820390;689;
19.05.2025;15:01:56.037;FGBM SI 20250606 PS;SIMPLE_INSTRUMENT;EFS;EUR;63;118.78000000;822;EXCHANGE_LAST;;1;1;XEUR;11820390;689;
19.05.2025;15:19:56.171;FGBM SI 20250606 PS;SIMPLE_INSTRUMENT;EFP_FIN;EUR;64;118.82000000;76;EXCHANGE_LAST;;1;1;XEUR;11820390;689;
19.05.2025;15:21:19.176;FGBM SI 20250606 PS;SIMPLE_INSTRUMENT;EFP_FIN;EUR;65;118.82000000;237;EXCHANGE_LAST;;1;1;XEUR;11820390;689;
19.05.2025;15:40:47.115;FGBM SI 20250606 PS;SIMPLE_INSTRUMENT;EFS;EUR;66;118.82000000;1700;EXCHANGE_LAST;;1;1;XEUR;11820390;689;
19.05.2025;15:49:54.840;FGBM SI 20250606 PS;SIMPLE_INSTRUMENT;EFS;EUR;67;118.79000000;164;EXCHANGE_LAST;;1;1;XEUR;11820390;689;
19.05.2025;09:25:13.431;FGBM SI 20250606 PS;SIMPLE_INSTRUMENT;VOLA;EUR;268435486;118.53000000;250;EXCHANGE_LAST;;1;1;XEUR;11820390;689;
19.05.2025;09:27:35.066;FGBM SI 20250606 PS;SIMPLE_INSTRUMENT;VOLA;EUR;268435488;118.53000000;1000;EXCHANGE_LAST;;1;1;XEUR;11820390;689;
19.05.2025;09:26:57.032;FGBM SI 20250606 PS;SIMPLE_INSTRUMENT;VOLA;EUR;268435489;118.53000000;2501;EXCHANGE_LAST;;1;1;XEUR;11820390;689;
19.05.2025;09:32:21.336;FGBM SI 20250606 PS;SIMPLE_INSTRUMENT;VOLA;EUR;268435494;118.53000000;2000;EXCHANGE_LAST;;1;1;XEUR;11820390;689;
19.05.2025;09:30:04.298;FGBM SI 20250606 PS;SIMPLE_INSTRUMENT;VOLA;EUR;268435495;118.53000000;1000;EXCHANGE_LAST;;1;1;XEUR;11820390;689;
19.05.2025;07:22:04.858;FGBS SI 20250606 PS;SIMPLE_INSTRUMENT;EFP_FIN;EUR;1;107.27000000;1480;EXCHANGE_LAST;;1;1;XEUR;11820391;690;
19.05.2025;07:23:38.740;FGBS SI 20250606 PS;SIMPLE_INSTRUMENT;EFP_FIN;EUR;2;107.27000000;1058;EXCHANGE_LAST;;1;1;XEUR;11820391;690;
19.05.2025;07:35:24.850;FGBS SI 20250606 PS;SIMPLE_INSTRUMENT;EFS;EUR;3;107.27000000;1363;EXCHANGE_LAST;;1;1;XEUR;11820391;690;
19.05.2025;07:47:00.800;FGBS SI 20250606 PS;SIMPLE_INSTRUMENT;EFS;EUR;4;107.26000000;2727;EXCHANGE_LAST;;1;1;XEUR;11820391;690;
19.05.2025;08:15:39.010;FGBS SI 20250606 PS;SIMPLE_INSTRUMENT;EFS;EUR;5;107.24000000;1627;EXCHANGE_LAST;;1;1;XEUR;11820391;690;
19.05.2025;09:12:03.715;FGBS SI 20250606 PS;SIMPLE_INSTRUMENT;EFP_FIN;EUR;7;107.21000000;1209;EXCHANGE_LAST;;1;1;XEUR;11820391;690;
19.05.2025;09:42:44.841;FGBS SI 20250606 PS;SIMPLE_INSTRUMENT;EFP_FIN;EUR;8;107.22000000;967;EXCHANGE_LAST;;1;1;XEUR;11820391;690;
19.05.2025;10:04:16.918;FGBS SI 20250606 PS;SIMPLE_INSTRUMENT;EFP_FIN;EUR;9;107.18000000;938;EXCHANGE_LAST;;1;1;XEUR;11820391;690;
19.05.2025;10:59:15.227;FGBS SI 20250606 PS;SIMPLE_INSTRUMENT;EFP_FIN;EUR;10;107.20000000;528;EXCHANGE_LAST;;1;1;XEUR;11820391;690;
19.05.2025;10:59:32.791;FGBS SI 20250606 PS;SIMPLE_INSTRUMENT;EFP_FIN;EUR;11;107.20000000;211;EXCHANGE_LAST;;1;1;XEUR;11820391;690;
19.05.2025;10:59:35.650;FGBS SI 20250606 PS;SIMPLE_INSTRUMENT;EFP_FIN;EUR;12;107.20000000;211;EXCHANGE_LAST;;1;1;XEUR;11820391;690;
19.05.2025;11:21:39.051;FGBS SI 20250606 PS;SIMPLE_INSTRUMENT;EFP_FIN;EUR;13;107.20000000;100;EXCHANGE_LAST;;1;1;XEUR;11820391;690;
19.05.2025;12:05:36.518;FGBS SI 20250606 PS;SIMPLE_INSTRUMENT;EFP_FIN;EUR;14;107.21500000;418;EXCHANGE_LAST;;1;1;XEUR;11820391;690;
19.05.2025;12:18:11.394;FGBS SI 20250606 PS;SIMPLE_INSTRUMENT;EFP_FIN;EUR;15;107.20000000;493;EXCHANGE_LAST;;1;1;XEUR;11820391;690;
19.05.2025;13:04:05.692;FGBS SI 20250606 PS;SIMPLE_INSTRUMENT;EFS;EUR;16;107.24000000;5454;EXCHANGE_LAST;;1;1;XEUR;11820391;690;
19.05.2025;13:08:10.175;FGBS SI 20250606 PS;SIMPLE_INSTRUMENT;EFS;EUR;17;107.24000000;4092;EXCHANGE_LAST;;1;1;XEUR;11820391;690;
19.05.2025;13:24:16.396;FGBS SI 20250606 PS;SIMPLE_INSTRUMENT;EFS;EUR;18;107.24000000;2721;EXCHANGE_LAST;;1;1;XEUR;11820391;690;
19.05.2025;13:45:07.384;FGBS SI 20250606 PS;SIMPLE_INSTRUMENT;EFS;EUR;20;107.28000000;1226;EXCHANGE_LAST;;1;1;XEUR;11820391;690;
19.05.2025;13:47:38.820;FGBS SI 20250606 PS;SIMPLE_INSTRUMENT;EFS;EUR;21;107.27500000;1211;EXCHANGE_LAST;;1;1;XEUR;11820391;690;
19.05.2025;14:05:35.872;FGBS SI 20250606 PS;SIMPLE_INSTRUMENT;EFP_FIN;EUR;22;107.27000000;1171;EXCHANGE_LAST;;1;1;XEUR;11820391;690;
19.05.2025;14:46:18.097;FGBS SI 20250606 PS;SIMPLE_INSTRUMENT;EFP_FIN;EUR;23;107.27500000;938;EXCHANGE_LAST;;1;1;XEUR;11820391;690;
19.05.2025;15:20:41.126;FGBS SI 20250606 PS;SIMPLE_INSTRUMENT;EFS;EUR;27;107.29000000;1453;EXCHANGE_LAST;;1;1;XEUR;11820391;690;
19.05.2025;15:39:46.810;FGBS SI 20250606 PS;SIMPLE_INSTRUMENT;EFS;EUR;28;107.29000000;1800;EXCHANGE_LAST;;1;1;XEUR;11820391;690;
19.05.2025;15:42:19.038;FGBS SI 20250606 PS;SIMPLE_INSTRUMENT;EFP_FIN;EUR;29;107.28500000;1585;EXCHANGE_LAST;;1;1;XEUR;11820391;690;
19.05.2025;08:20:31.128;FGBX SI 20250606 PS;SIMPLE_INSTRUMENT;BLOCK;EUR;4;119.48000000;166;EXCHANGE_LAST;;1;1;XEUR;11820392;691;
19.05.2025;08:53:58.006;FGBX SI 20250606 PS;SIMPLE_INSTRUMENT;EFP_FIN;EUR;8;119.22000000;87;EXCHANGE_LAST;;1;1;XEUR;11820392;691;
19.05.2025;09:00:32.933;FGBX SI 20250606 PS;SIMPLE_INSTRUMENT;EFP_FIN;EUR;10;119.30000000;112;EXCHANGE_LAST;;1;1;XEUR;11820392;691;
19.05.2025;10:09:31.691;FGBX SI 20250606 PS;SIMPLE_INSTRUMENT;EFP_FIN;EUR;15;118.96000000;175;EXCHANGE_LAST;;1;1;XEUR;11820392;691;
19.05.2025;11:18:47.742;FGBX SI 20250606 PS;SIMPLE_INSTRUMENT;EFS;EUR;16;119.04000000;211;EXCHANGE_LAST;;1;1;XEUR;11820392;691;
19.05.2025;12:38:37.802;FGBX SI 20250606 PS;SIMPLE_INSTRUMENT;EFP_FIN;EUR;25;119.50000000;744;EXCHANGE_LAST;;1;1;XEUR;11820392;691;
19.05.2025;12:57:43.547;FGBX SI 20250606 PS;SIMPLE_INSTRUMENT;EFS;EUR;26;119.50000000;86;EXCHANGE_LAST;;1;1;XEUR;11820392;691;
19.05.2025;13:13:51.288;FGBX SI 20250606 PS;SIMPLE_INSTRUMENT;EFP_FIN;EUR;27;119.46000000;100;EXCHANGE_LAST;;1;1;XEUR;11820392;691;
19.05.2025;13:15:11.088;FGBX SI 20250606 PS;SIMPLE_INSTRUMENT;BLOCK;EUR;28;119.50000000;210;EXCHANGE_LAST;;1;1;XEUR;11820392;691;
19.05.2025;13:29:47.888;FGBX SI 20250606 PS;SIMPLE_INSTRUMENT;EFS;EUR;29;119.94000000;73;EXCHANGE_LAST;;1;1;XEUR;11820392;691;
19.05.2025;13:37:04.047;FGBX SI 20250606 PS;SIMPLE_INSTRUMENT;EFP_FIN;EUR;30;118.90000000;297;EXCHANGE_LAST;;1;1;XEUR;11820392;691;
19.05.2025;13:42:49.904;FGBX SI 20250606 PS;SIMPLE_INSTRUMENT;EFP_FIN;EUR;31;118.90000000;498;EXCHANGE_LAST;;1;1;XEUR;11820392;691;
19.05.2025;13:49:06.199;FGBX SI 20250606 PS;SIMPLE_INSTRUMENT;BLOCK;EUR;32;120.02000000;177;EXCHANGE_LAST;;1;1;XEUR;11820392;691;
19.05.2025;13:50:16.787;FGBX SI 20250606 PS;SIMPLE_INSTRUMENT;EFP_FIN;EUR;33;120.00000000;126;EXCHANGE_LAST;;1;1;XEUR;11820392;691;
19.05.2025;13:50:48.809;FGBX SI 20250606 PS;SIMPLE_INSTRUMENT;EFP_FIN;EUR;34;120.00000000;113;EXCHANGE_LAST;;1;1;XEUR;11820392;691;
19.05.2025;13:56:28.382;FGBX SI 20250606 PS;SIMPLE_INSTRUMENT;EFP_FIN;EUR;35;120.02000000;177;EXCHANGE_LAST;;1;1;XEUR;11820392;691;
19.05.2025;14:28:54.943;FGBX SI 20250606 PS;SIMPLE_INSTRUMENT;EFP_FIN;EUR;40;120.04000000;177;EXCHANGE_LAST;;1;1;XEUR;11820392;691;
19.05.2025;14:40:07.346;FGBX SI 20250606 PS;SIMPLE_INSTRUMENT;BLOCK;EUR;41;120.36000000;177;EXCHANGE_LAST;;1;1;XEUR;11820392;691;
19.05.2025;14:52:53.896;FGBX SI 20250606 PS;SIMPLE_INSTRUMENT;EFS;EUR;42;120.58000000;104;EXCHANGE_LAST;;1;1;XEUR;11820392;691;
19.05.2025;15:05:04.085;FGBX SI 20250606 PS;SIMPLE_INSTRUMENT;BLOCK;EUR;43;120.54000000;208;EXCHANGE_LAST;;1;1;XEUR;11820392;691;
19.05.2025;15:22:02.057;FGBX SI 20250606 PS;SIMPLE_INSTRUMENT;EFP_FIN;EUR;45;120.78000000;71;EXCHANGE_LAST;;1;1;XEUR;11820392;691;
19.05.2025;10:46:21.854;FIA5.O.250519.STG.000103;STANDARD_OPTION_STRATEGY;BLOCK;EUR;10;2.24000000;1500;EXCHANGE_LAST;;1;1;XEUR;72264727425721346;48227;
19.05.2025;10:46:21.854;FIA5 SI 20260618 PS AM P 8.00 0;SIMPLE_INSTRUMENT;BLOCK;EUR;10;0.94000000;1500;PRC_DECOMP_MEMBER;;;;XEUR;11340154;48227;MEMBER
19.05.2025;10:46:21.854;FIA5 SI 20260618 PS AM C 10.00 0;SIMPLE_INSTRUMENT;BLOCK;EUR;10;1.30000000;1500;PRC_DECOMP_MEMBER;;;;XEUR;11340155;48227;MEMBER
19.05.2025;07:29:45.546;FMAC SI 20250620 CS;SIMPLE_INSTRUMENT;BLOCK;USD;25;478.60000000;65;EXCHANGE_LAST;;1;1;XEUR;7939457;45281;
19.05.2025;06:10:13.034;FMAP SI 20250620 CS;SIMPLE_INSTRUMENT;BLOCK;USD;11;369.10000000;130;EXCHANGE_LAST;;1;1;XEUR;7939644;48141;
19.05.2025;01:15:37.115;FMAU SI 20250620 CS;SIMPLE_INSTRUMENT;BLOCK;USD;4;5911.46900000;380;EXCHANGE_LAST;;1;1;XEUR;7939462;45287;
19.05.2025;01:47:53.870;FMCH SI 20250620 CS;SIMPLE_INSTRUMENT;BLOCK;USD;6;583.00000000;136;EXCHANGE_LAST;;1;1;XEUR;7940815;402909;
19.05.2025;02:18:56.560;FMCH SI 20250620 CS;SIMPLE_INSTRUMENT;BLOCK;USD;8;588.34400000;10656;EXCHANGE_LAST;;1;1;XEUR;7940815;402909;
19.05.2025;05:38:51.055;FMCH SI 20250620 CS;SIMPLE_INSTRUMENT;EFP_IDX;USD;10;587.95400000;2497;EXCHANGE_LAST;;1;1;XEUR;7940815;402909;
19.05.2025;09:20:20.146;FMCH SI 20250620 CS;SIMPLE_INSTRUMENT;BLOCK;USD;38;585.66000000;292;EXCHANGE_LAST;;1;1;XEUR;7940815;402909;
19.05.2025;09:54:36.578;FMCH SI 20250620 CS;SIMPLE_INSTRUMENT;BLOCK;USD;41;585.30000000;150;EXCHANGE_LAST;;1;1;XEUR;7940815;402909;
19.05.2025;06:59:25.998;FMCL SI 20250620 CS;SIMPLE_INSTRUMENT;BLOCK;USD;2;361.00000000;11;EXCHANGE_LAST;;1;1;XEUR;7938829;12398;
19.05.2025;15:38:33.463;FMCP SI 20250620 CS;SIMPLE_INSTRUMENT;BLOCK;EUR;55;586.90000000;452;EXCHANGE_LAST;;1;1;XEUR;11880750;662;
19.05.2025;01:04:51.770;FMEA SI 20250620 CS;SIMPLE_INSTRUMENT;EFP_IDX;USD;1;744.91000000;68;EXCHANGE_LAST;;1;1;XEUR;7938804;12395;
19.05.2025;07:02:28.006;FMEF SI 20250620 CS;SIMPLE_INSTRUMENT;BLOCK;USD;18;1172.68000000;1100;EXCHANGE_LAST;;1;1;XEUR;7408968;30657;
19.05.2025;07:03:28.180;FMEF SI 20250620 CS;SIMPLE_INSTRUMENT;BLOCK;USD;20;1172.18000000;23;EXCHANGE_LAST;;1;1;XEUR;7408968;30657;
19.05.2025;11:53:46.194;FMEF SI 20250620 CS;SIMPLE_INSTRUMENT;BLOCK;USD;42;1172.18000000;44;EXCHANGE_LAST;;1;1;XEUR;7408968;30657;
19.05.2025;15:32:22.407;FMEF SI 20250620 CS;SIMPLE_INSTRUMENT;BLOCK;USD;44;1167.90000000;564;EXCHANGE_LAST;;1;1;XEUR;7408968;30657;
19.05.2025;15:32:46.156;FMEF SI 20250620 CS;SIMPLE_INSTRUMENT;BLOCK;USD;45;1168.00000000;628;EXCHANGE_LAST;;1;1;XEUR;7408968;30657;
19.05.2025;07:22:41.410;FMES SI 20250620 CS;SIMPLE_INSTRUMENT;BLOCK;EUR;24;609.03000000;20;EXCHANGE_LAST;;1;1;XEUR;7940344;221291;
19.05.2025;08:00:45.469;FMEU SI 20250620 CS;SIMPLE_INSTRUMENT;BLOCK;EUR;36;369.69000000;2500;EXCHANGE_LAST;;1;1;XEUR;7938710;7058;
19.05.2025;07:03:14.531;FMGC SI 20250620 CS;SIMPLE_INSTRUMENT;BLOCK;USD;19;13813.69000000;22;EXCHANGE_LAST;;1;1;XEUR;7939680;48916;
19.05.2025;01:07:24.432;FMGD SI 20250620 CS;SIMPLE_INSTRUMENT;EFP_IDX;USD;3;2907.88800000;5;EXCHANGE_LAST;;1;1;XEUR;8609351;583624;
19.05.2025;14:29:56.004;FMGO SI 20250620 CS;SIMPLE_INSTRUMENT;BLOCK;USD;43;5580.00000000;3;EXCHANGE_LAST;;1;1;XEUR;8609371;583623;
19.05.2025;07:23:01.347;FMGQ SI 20250620 CS;SIMPLE_INSTRUMENT;EFP_IDX;USD;22;5088.28600000;68;EXCHANGE_LAST;;1;1;XEUR;8609386;583625;
19.05.2025;07:58:35.774;FMHK SI 20250620 CS;SIMPLE_INSTRUMENT;BLOCK;USD;34;63915.10000000;36;EXCHANGE_LAST;;1;1;XEUR;7939458;45282;
19.05.2025;08:43:00.977;FMHK SI 20250620 CS;SIMPLE_INSTRUMENT;BLOCK;USD;37;63991.13500000;63;EXCHANGE_LAST;;1;1;XEUR;7939458;45282;
19.05.2025;01:07:48.881;FMID SI 20250620 CS;SIMPLE_INSTRUMENT;EFP_IDX;USD;1;1570.24100000;258;EXCHANGE_LAST;;1;1;XEUR;7939464;45289;
19.05.2025;01:47:46.503;FMIN SI 20250620 CS;SIMPLE_INSTRUMENT;BLOCK;USD;5;1297.82000000;78;EXCHANGE_LAST;;1;1;XEUR;7938852;12404;
19.05.2025;09:47:40.810;FMIN SI 20250620 CS;SIMPLE_INSTRUMENT;BLOCK;USD;39;1298.94000000;182;EXCHANGE_LAST;;1;1;XEUR;7938852;12404;
19.05.2025;09:55:18.570;FMIN SI 20250620 CS;SIMPLE_INSTRUMENT;BLOCK;USD;40;1297.70000000;32;EXCHANGE_LAST;;1;1;XEUR;7938852;12404;
19.05.2025;03:17:38.313;FMJP SI 20250620 CS;SIMPLE_INSTRUMENT;BLOCK;USD;9;9192.62600000;760;EXCHANGE_LAST;;1;1;XEUR;7937445;661;
19.05.2025;01:06:19.527;FMOG SI 20250620 CS;SIMPLE_INSTRUMENT;EFP_IDX;USD;2;12253.79300000;4;EXCHANGE_LAST;;1;1;XEUR;7939783;51877;
19.05.2025;07:15:46.478;FMSC SI 20250620 CS;SIMPLE_INSTRUMENT;EFP_IDX;USD;21;730.99400000;5;EXCHANGE_LAST;;1;1;XEUR;7940363;221303;
19.05.2025;07:22:12.886;FMWH SI 20250620 CS;SIMPLE_INSTRUMENT;EFP_IDX;USD;23;508.26300000;3657;EXCHANGE_LAST;;1;1;XEUR;7940146;124314;
19.05.2025;06:51:49.192;FMWN SI 20250620 CS;SIMPLE_INSTRUMENT;BLOCK;EUR;17;566.22000000;250;EXCHANGE_LAST;;1;1;XEUR;7939177;30654;
19.05.2025;07:56:15.815;FMWN SI 20250620 CS;SIMPLE_INSTRUMENT;BLOCK;EUR;32;565.77000000;350;EXCHANGE_LAST;;1;1;XEUR;7939177;30654;
19.05.2025;07:58:21.040;FMWN SI 20250620 CS;SIMPLE_INSTRUMENT;EFP_IDX;EUR;33;564.50000000;16868;EXCHANGE_LAST;;1;1;XEUR;7939177;30654;
19.05.2025;07:59:02.908;FMWN SI 20250620 CS;SIMPLE_INSTRUMENT;EFP_IDX;EUR;35;564.60000000;2432;EXCHANGE_LAST;;1;1;XEUR;7939177;30654;
19.05.2025;06:28:12.093;FMWO SI 20250620 CS;SIMPLE_INSTRUMENT;BLOCK;USD;14;12351.53000000;110;EXCHANGE_LAST;;1;1;XEUR;7938711;7059;
19.05.2025;06:45:22.157;FMWO SI 20250620 CS;SIMPLE_INSTRUMENT;BLOCK;USD;15;12346.53000000;4100;EXCHANGE_LAST;;1;1;XEUR;7938711;7059;
19.05.2025;06:45:45.119;FMWO SI 20250620 CS;SIMPLE_INSTRUMENT;EFP_IDX;USD;16;12351.13000000;32;EXCHANGE_LAST;;1;1;XEUR;7938711;7059;
19.05.2025;07:37:56.952;FMWO SI 20250620 CS;SIMPLE_INSTRUMENT;BLOCK;USD;26;12351.03000000;2388;EXCHANGE_LAST;;3;1;XEUR;7938711;7059;
19.05.2025;07:33:33.873;FMWO SI 20250620 CS;SIMPLE_INSTRUMENT;EFP_IDX;USD;27;12350.90000000;645;EXCHANGE_LAST;;1;1;XEUR;7938711;7059;
19.05.2025;07:41:26.331;FMWO SI 20250620 CS;SIMPLE_INSTRUMENT;BLOCK;USD;29;12351.28000000;750;EXCHANGE_LAST;;1;1;XEUR;7938711;7059;
19.05.2025;07:41:36.674;FMWO SI 20250620 CS;SIMPLE_INSTRUMENT;BLOCK;USD;30;12351.28000000;1000;EXCHANGE_LAST;;1;1;XEUR;7938711;7059;
19.05.2025;07:46:08.759;FMWO SI 20250620 CS;SIMPLE_INSTRUMENT;BLOCK;USD;31;12351.28000000;820;EXCHANGE_LAST;;1;1;XEUR;7938711;7059;
19.05.2025;06:17:21.550;FMXG SI 20250620 CS;SIMPLE_INSTRUMENT;BLOCK;EUR;12;392.10000000;1003;EXCHANGE_LAST;;1;1;XEUR;7940141;124306;
19.05.2025;06:17:21.558;FMXG SI 20250620 CS;SIMPLE_INSTRUMENT;BLOCK;EUR;13;392.20000000;307;EXCHANGE_LAST;;1;1;XEUR;7940141;124306;
19.05.2025;14:30:57.971;FO4I SI 20250620 CS;SIMPLE_INSTRUMENT;BLOCK;EUR;31;55.41980000;7000;EXCHANGE_LAST;;1;1;XEUR;11196103;57111;
19.05.2025;07:05:16.389;FOAT SI 20250606 PS;SIMPLE_INSTRUMENT;EFP_FIN;EUR;1;124.64000000;1444;EXCHANGE_LAST;;1;1;XEUR;11820393;749;
19.05.2025;07:24:20.373;FOAT SI 20250606 PS;SIMPLE_INSTRUMENT;EFP_FIN;EUR;2;124.61000000;1970;EXCHANGE_LAST;;1;1;XEUR;11820393;749;
19.05.2025;07:25:29.217;FOAT SI 20250606 PS;SIMPLE_INSTRUMENT;EFP_FIN;EUR;3;124.62000000;220;EXCHANGE_LAST;;1;1;XEUR;11820393;749;
19.05.2025;07:37:31.037;FOAT SI 20250606 PS;SIMPLE_INSTRUMENT;EFP_FIN;EUR;4;124.53000000;472;EXCHANGE_LAST;;1;1;XEUR;11820393;749;
19.05.2025;07:40:09.405;FOAT SI 20250606 PS;SIMPLE_INSTRUMENT;EFP_FIN;EUR;5;124.55000000;1058;EXCHANGE_LAST;;1;1;XEUR;11820393;749;
19.05.2025;07:57:25.236;FOAT SI 20250606 PS;SIMPLE_INSTRUMENT;EFP_FIN;EUR;6;124.53000000;236;EXCHANGE_LAST;;1;1;XEUR;11820393;749;
19.05.2025;08:22:12.079;FOAT SI 20250606 PS;SIMPLE_INSTRUMENT;EFP_FIN;EUR;7;124.65000000;3302;EXCHANGE_LAST;;1;1;XEUR;11820393;749;
19.05.2025;08:10:16.446;FOAT SI 20250606 PS;SIMPLE_INSTRUMENT;EFP_FIN;EUR;8;124.52000000;118;EXCHANGE_LAST;;1;1;XEUR;11820393;749;
19.05.2025;08:13:51.872;FOAT SI 20250606 PS;SIMPLE_INSTRUMENT;EFP_FIN;EUR;9;124.38000000;1182;EXCHANGE_LAST;;1;1;XEUR;11820393;749;
19.05.2025;08:17:42.178;FOAT SI 20250606 PS;SIMPLE_INSTRUMENT;EFP_FIN;EUR;10;124.37000000;1182;EXCHANGE_LAST;;1;1;XEUR;11820393;749;
19.05.2025;08:26:01.825;FOAT SI 20250606 PS;SIMPLE_INSTRUMENT;EFP_FIN;EUR;11;124.38000000;1182;EXCHANGE_LAST;;1;1;XEUR;11820393;749;
19.05.2025;08:46:26.140;FOAT SI 20250606 PS;SIMPLE_INSTRUMENT;EFP_FIN;EUR;12;124.26000000;260;EXCHANGE_LAST;;1;1;XEUR;11820393;749;
19.05.2025;08:52:43.543;FOAT SI 20250606 PS;SIMPLE_INSTRUMENT;EFP_FIN;EUR;13;124.24000000;864;EXCHANGE_LAST;;1;1;XEUR;11820393;749;
19.05.2025;08:54:11.868;FOAT SI 20250606 PS;SIMPLE_INSTRUMENT;EFP_FIN;EUR;14;124.21000000;236;EXCHANGE_LAST;;1;1;XEUR;11820393;749;
19.05.2025;09:00:14.535;FOAT SI 20250606 PS;SIMPLE_INSTRUMENT;EFP_FIN;EUR;15;124.64000000;1986;EXCHANGE_LAST;;1;1;XEUR;11820393;749;
19.05.2025;09:07:33.545;FOAT SI 20250606 PS;SIMPLE_INSTRUMENT;EFS;EUR;16;124.25000000;662;EXCHANGE_LAST;;1;1;XEUR;11820393;749;
19.05.2025;09:14:25.620;FOAT SI 20250606 PS;SIMPLE_INSTRUMENT;EFS;EUR;17;124.26000000;670;EXCHANGE_LAST;;1;1;XEUR;11820393;749;
19.05.2025;09:14:21.603;FOAT SI 20250606 PS;SIMPLE_INSTRUMENT;EFP_FIN;EUR;18;124.50000000;197;EXCHANGE_LAST;;1;1;XEUR;11820393;749;
19.05.2025;09:15:45.698;FOAT SI 20250606 PS;SIMPLE_INSTRUMENT;EFP_FIN;EUR;19;124.32000000;1576;EXCHANGE_LAST;;1;1;XEUR;11820393;749;
19.05.2025;09:16:27.416;FOAT SI 20250606 PS;SIMPLE_INSTRUMENT;EFP_FIN;EUR;20;124.22000000;788;EXCHANGE_LAST;;1;1;XEUR;11820393;749;
19.05.2025;09:21:30.827;FOAT SI 20250606 PS;SIMPLE_INSTRUMENT;EFP_FIN;EUR;21;124.25000000;240;EXCHANGE_LAST;;1;1;XEUR;11820393;749;
19.05.2025;09:22:23.296;FOAT SI 20250606 PS;SIMPLE_INSTRUMENT;EFP_FIN;EUR;22;124.24000000;83;EXCHANGE_LAST;;1;1;XEUR;11820393;749;
19.05.2025;09:24:12.572;FOAT SI 20250606 PS;SIMPLE_INSTRUMENT;BLOCK;EUR;23;124.25000000;624;EXCHANGE_LAST;;1;1;XEUR;11820393;749;
19.05.2025;09:35:02.482;FOAT SI 20250606 PS;SIMPLE_INSTRUMENT;EFP_FIN;EUR;24;124.12000000;691;EXCHANGE_LAST;;1;1;XEUR;11820393;749;
19.05.2025;09:41:06.117;FOAT SI 20250606 PS;SIMPLE_INSTRUMENT;EFP_FIN;EUR;25;124.26000000;304;EXCHANGE_LAST;;1;1;XEUR;11820393;749;
19.05.2025;09:45:13.833;FOAT SI 20250606 PS;SIMPLE_INSTRUMENT;EFP_FIN;EUR;26;124.34000000;394;EXCHANGE_LAST;;1;1;XEUR;11820393;749;
19.05.2025;09:46:22.765;FOAT SI 20250606 PS;SIMPLE_INSTRUMENT;EFP_FIN;EUR;27;124.22000000;1238;EXCHANGE_LAST;;1;1;XEUR;11820393;749;
19.05.2025;09:52:43.683;FOAT SI 20250606 PS;SIMPLE_INSTRUMENT;EFP_FIN;EUR;28;124.16000000;1182;EXCHANGE_LAST;;1;1;XEUR;11820393;749;
19.05.2025;10:08:27.550;FOAT SI 20250606 PS;SIMPLE_INSTRUMENT;EFP_FIN;EUR;29;124.20000000;394;EXCHANGE_LAST;;1;1;XEUR;11820393;749;
19.05.2025;10:13:27.981;FOAT SI 20250606 PS;SIMPLE_INSTRUMENT;EFP_FIN;EUR;30;124.20000000;394;EXCHANGE_LAST;;1;1;XEUR;11820393;749;
19.05.2025;10:27:12.294;FOAT SI 20250606 PS;SIMPLE_INSTRUMENT;EFP_FIN;EUR;31;124.13000000;342;EXCHANGE_LAST;;1;1;XEUR;11820393;749;
19.05.2025;10:30:55.602;FOAT SI 20250606 PS;SIMPLE_INSTRUMENT;EFP_FIN;EUR;32;124.13000000;569;EXCHANGE_LAST;;1;1;XEUR;11820393;749;
19.05.2025;11:01:13.580;FOAT SI 20250606 PS;SIMPLE_INSTRUMENT;EFP_FIN;EUR;33;124.17000000;363;EXCHANGE_LAST;;1;1;XEUR;11820393;749;
19.05.2025;11:00:40.797;FOAT SI 20250606 PS;SIMPLE_INSTRUMENT;EFP_FIN;EUR;34;124.17000000;181;EXCHANGE_LAST;;1;1;XEUR;11820393;749;
19.05.2025;11:28:03.261;FOAT SI 20250606 PS;SIMPLE_INSTRUMENT;EFP_FIN;EUR;35;124.18000000;788;EXCHANGE_LAST;;1;1;XEUR;11820393;749;
19.05.2025;11:28:03.281;FOAT SI 20250606 PS;SIMPLE_INSTRUMENT;EFP_FIN;EUR;36;124.18000000;394;EXCHANGE_LAST;;1;1;XEUR;11820393;749;
19.05.2025;12:12:59.459;FOAT SI 20250606 PS;SIMPLE_INSTRUMENT;EFP_FIN;EUR;37;124.12000000;788;EXCHANGE_LAST;;1;1;XEUR;11820393;749;
19.05.2025;12:16:14.248;FOAT SI 20250606 PS;SIMPLE_INSTRUMENT;BLOCK;EUR;38;124.23000000;1005;EXCHANGE_LAST;;1;1;XEUR;11820393;749;
19.05.2025;13:03:45.565;FOAT SI 20250606 PS;SIMPLE_INSTRUMENT;EFP_FIN;EUR;39;124.39000000;79;EXCHANGE_LAST;;1;1;XEUR;11820393;749;
19.05.2025;13:12:41.957;FOAT SI 20250606 PS;SIMPLE_INSTRUMENT;EFP_FIN;EUR;40;124.38000000;136;EXCHANGE_LAST;;1;1;XEUR;11820393;749;
19.05.2025;13:20:53.309;FOAT SI 20250606 PS;SIMPLE_INSTRUMENT;EFP_FIN;EUR;41;124.38000000;72;EXCHANGE_LAST;;1;1;XEUR;11820393;749;
19.05.2025;13:58:55.227;FOAT SI 20250606 PS;SIMPLE_INSTRUMENT;BLOCK;EUR;42;124.66000000;430;EXCHANGE_LAST;;1;1;XEUR;11820393;749;
19.05.2025;14:23:05.923;FOAT SI 20250606 PS;SIMPLE_INSTRUMENT;BLOCK;EUR;43;124.64000000;435;EXCHANGE_LAST;;1;1;XEUR;11820393;749;
19.05.2025;14:42:18.766;FOAT SI 20250606 PS;SIMPLE_INSTRUMENT;EFP_FIN;EUR;44;124.19000000;1000;EXCHANGE_LAST;;1;1;XEUR;11820393;749;
19.05.2025;16:01:02.202;FOAT SI 20250606 PS;SIMPLE_INSTRUMENT;EFP_FIN;EUR;45;124.94000000;78;EXCHANGE_LAST;;1;1;XEUR;11820393;749;
19.05.2025;15:42:07.956;FSCP SI 20250620 CS;SIMPLE_INSTRUMENT;EFP_IDX;EUR;56;354.30000000;36;EXCHANGE_LAST;;1;1;XEUR;11881879;764;
19.05.2025;15:41:54.955;FSCP SI 20250620 CS;SIMPLE_INSTRUMENT;EFP_IDX;EUR;57;354.40000000;364;EXCHANGE_LAST;;1;1;XEUR;11881879;764;
19.05.2025;15:53:45.828;FSCP SI 20250620 CS;SIMPLE_INSTRUMENT;EFP_IDX;EUR;65;354.50000000;180;EXCHANGE_LAST;;1;1;XEUR;11881879;764;
19.05.2025;15:54:03.352;FSCP SI 20250620 CS;SIMPLE_INSTRUMENT;EFP_IDX;EUR;66;354.30000000;120;EXCHANGE_LAST;;1;1;XEUR;11881879;764;
19.05.2025;15:50:23.999;FSEG SI 20250620 CS;SIMPLE_INSTRUMENT;EFP_IDX;EUR;58;202.50000000;343;EXCHANGE_LAST;;1;1;XEUR;11913120;109977;
19.05.2025;15:50:33.582;FSEG SI 20250620 CS;SIMPLE_INSTRUMENT;EFP_IDX;EUR;59;202.60000000;186;EXCHANGE_LAST;;1;1;XEUR;11913120;109977;
19.05.2025;15:51:03.319;FSEG SI 20250620 CS;SIMPLE_INSTRUMENT;EFP_IDX;EUR;60;202.60000000;35;EXCHANGE_LAST;;1;1;XEUR;11913120;109977;
19.05.2025;15:51:12.755;FSEG SI 20250620 CS;SIMPLE_INSTRUMENT;EFP_IDX;EUR;61;202.50000000;63;EXCHANGE_LAST;;1;1;XEUR;11913120;109977;
19.05.2025;15:51:30.501;FSEG SI 20250620 CS;SIMPLE_INSTRUMENT;EFP_IDX;EUR;62;202.60000000;7;EXCHANGE_LAST;;1;1;XEUR;11913120;109977;
19.05.2025;15:51:39.250;FSEG SI 20250620 CS;SIMPLE_INSTRUMENT;EFP_IDX;EUR;63;202.50000000;12;EXCHANGE_LAST;;1;1;XEUR;11913120;109977;
19.05.2025;09:13:30.552;FSMI SI 20250620 CS;SIMPLE_INSTRUMENT;BLOCK;CHF;1;12290.00000000;500;EXCHANGE_LAST;;1;1;XEUR;7904351;757;
19.05.2025;10:57:03.709;FSMI SI 20250620 CS;SIMPLE_INSTRUMENT;BLOCK;CHF;2;12290.00000000;1000;EXCHANGE_LAST;;1;1;XEUR;7904351;757;
19.05.2025;11:10:45.461;FSMI SI 20250620 CS;SIMPLE_INSTRUMENT;BLOCK;CHF;3;12290.00000000;500;EXCHANGE_LAST;;1;1;XEUR;7904351;757;
19.05.2025;11:27:16.808;FSMI SI 20250620 CS;SIMPLE_INSTRUMENT;BLOCK;CHF;4;12290.00000000;1000;EXCHANGE_LAST;;1;1;XEUR;7904351;757;
19.05.2025;11:28:13.994;FSMI SI 20250620 CS;SIMPLE_INSTRUMENT;BLOCK;CHF;5;12290.00000000;500;EXCHANGE_LAST;;1;1;XEUR;7904351;757;
19.05.2025;15:37:02.756;FSMI SI 20250620 CS;SIMPLE_INSTRUMENT;EFP_IDX;CHF;6;12352.00000000;28;EXCHANGE_LAST;;1;1;XEUR;7904351;757;
19.05.2025;15:37:09.925;FSMI SI 20250620 CS;SIMPLE_INSTRUMENT;EFP_IDX;CHF;7;12353.00000000;30;EXCHANGE_LAST;;1;1;XEUR;7904351;757;
19.05.2025;15:52:20.187;FSMI SI 20250620 CS;SIMPLE_INSTRUMENT;EFP_IDX;CHF;8;12352.00000000;274;EXCHANGE_LAST;;1;1;XEUR;7904351;757;
19.05.2025;15:52:31.215;FSMI SI 20250620 CS;SIMPLE_INSTRUMENT;EFP_IDX;CHF;9;12353.00000000;6;EXCHANGE_LAST;;1;1;XEUR;7904351;757;
19.05.2025;13:44:26.072;FST3 SI 20250917 CS;SIMPLE_INSTRUMENT;BLOCK;EUR;19;98.26500000;10000;EXCHANGE_LAST;;1;1;XEUR;8924071;620947;
19.05.2025;15:02:44.116;FST3 SI 20250618 CS;SIMPLE_INSTRUMENT;BLOCK;EUR;25;98.09500000;10000;EXCHANGE_LAST;;1;1;XEUR;8924070;620947;
19.05.2025;15:06:35.147;FST3 SI 20260916 CS;SIMPLE_INSTRUMENT;BLOCK;EUR;26;98.28000000;3000;EXCHANGE_LAST;;1;1;XEUR;10486121;620947;
19.05.2025;15:46:58.371;FSTE SI 20250620 CS;SIMPLE_INSTRUMENT;EFP_IDX;EUR;1;345.00000000;11;EXCHANGE_LAST;;1;1;XEUR;11881330;719;
19.05.2025;15:50:42.901;FSTE SI 20250620 CS;SIMPLE_INSTRUMENT;EFP_IDX;EUR;2;345.00000000;74;EXCHANGE_LAST;;1;1;XEUR;11881330;719;
19.05.2025;15:47:25.224;FSTE SI 20250620 CS;SIMPLE_INSTRUMENT;EFP_IDX;EUR;3;345.20000000;18;EXCHANGE_LAST;;1;1;XEUR;11881330;719;
19.05.2025;15:51:21.924;FSTE SI 20250620 CS;SIMPLE_INSTRUMENT;EFP_IDX;EUR;4;345.10000000;171;EXCHANGE_LAST;;1;1;XEUR;11881330;719;
19.05.2025;16:09:58.066;FSTE SI 20250620 CS;SIMPLE_INSTRUMENT;EFP_IDX;EUR;5;345.10000000;27;EXCHANGE_LAST;;1;1;XEUR;11881330;719;
19.05.2025;16:10:11.819;FSTE SI 20250620 CS;SIMPLE_INSTRUMENT;EFP_IDX;EUR;6;345.00000000;7;EXCHANGE_LAST;;1;1;XEUR;11881330;719;
19.05.2025;10:29:35.080;FSTS SI 20250620 CS;SIMPLE_INSTRUMENT;VOLA;EUR;603979795;488.00000000;300;EXCHANGE_LAST;;1;1;XEUR;11881321;709;
19.05.2025;10:32:24.162;FSTS SI 20250620 CS;SIMPLE_INSTRUMENT;VOLA;EUR;603979796;488.00000000;300;EXCHANGE_LAST;;1;1;XEUR;11881321;709;
19.05.2025;10:36:20.546;FSTS SI 20250620 CS;SIMPLE_INSTRUMENT;VOLA;EUR;603979797;488.00000000;400;EXCHANGE_LAST;;1;1;XEUR;11881321;709;
19.05.2025;10:37:36.907;FSTS SI 20250620 CS;SIMPLE_INSTRUMENT;VOLA;EUR;603979798;488.00000000;95;EXCHANGE_LAST;;1;1;XEUR;11881321;709;
19.05.2025;10:54:56.663;FSTS SI 20250620 CS;SIMPLE_INSTRUMENT;VOLA;EUR;603979799;488.00000000;70;EXCHANGE_LAST;;1;1;XEUR;11881321;709;
19.05.2025;10:55:05.092;FSTS SI 20250620 CS;SIMPLE_INSTRUMENT;VOLA;EUR;603979800;488.00000000;53;EXCHANGE_LAST;;1;1;XEUR;11881321;709;
19.05.2025;10:55:15.220;FSTS SI 20250620 CS;SIMPLE_INSTRUMENT;VOLA;EUR;603979801;488.00000000;60;EXCHANGE_LAST;;1;1;XEUR;11881321;709;
19.05.2025;16:10:24.247;FSTT SI 20250620 CS;SIMPLE_INSTRUMENT;EFP_IDX;EUR;7;260.30000000;3;EXCHANGE_LAST;;1;1;XEUR;11881320;708;
19.05.2025;16:11:42.382;FSTT SI 20250620 CS;SIMPLE_INSTRUMENT;EFP_IDX;EUR;8;260.20000000;26;EXCHANGE_LAST;;1;1;XEUR;11881320;708;
19.05.2025;16:14:39.839;FSTU SI 20250620 CS;SIMPLE_INSTRUMENT;EFP_IDX;EUR;67;437.10000000;10;EXCHANGE_LAST;;1;1;XEUR;11881333;730;
19.05.2025;16:14:49.899;FSTU SI 20250620 CS;SIMPLE_INSTRUMENT;EFP_IDX;EUR;68;437.20000000;15;EXCHANGE_LAST;;1;1;XEUR;11881333;730;
19.05.2025;09:13:22.244;FUEM SI 20250620 CS;SIMPLE_INSTRUMENT;BLOCK;USD;7;117.13000000;700;EXCHANGE_LAST;;1;1;XEUR;11949864;772680;
19.05.2025;14:54:46.460;FUEM SI 20250620 CS;SIMPLE_INSTRUMENT;BLOCK;USD;45;117.52000000;260;EXCHANGE_LAST;;1;1;XEUR;11949864;772680;
19.05.2025;15:02:10.941;FUIG SI 20250620 CS;SIMPLE_INSTRUMENT;BLOCK;USD;49;3349.50000000;120;EXCHANGE_LAST;;1;1;XEUR;11950091;909659;
19.05.2025;15:33:48.188;FXXP SI 20250620 CS;SIMPLE_INSTRUMENT;BLOCK;EUR;46;548.90000000;387;EXCHANGE_LAST;;1;1;XEUR;7904812;816;
19.05.2025;15:39:42.505;FXXP SI 20250620 CS;SIMPLE_INSTRUMENT;BLOCK;EUR;47;549.70000000;2908;EXCHANGE_LAST;;1;1;XEUR;7904812;816;
19.05.2025;15:39:42.904;FXXP SI 20250620 CS;SIMPLE_INSTRUMENT;BLOCK;EUR;48;549.60000000;513;EXCHANGE_LAST;;1;1;XEUR;7904812;816;
19.05.2025;15:43:07.503;FXXP SI 20250620 CS;SIMPLE_INSTRUMENT;EFP_IDX;EUR;51;549.70000000;86;EXCHANGE_LAST;;1;1;XEUR;7904812;816;
19.05.2025;15:43:35.081;FXXP SI 20250620 CS;SIMPLE_INSTRUMENT;EFP_IDX;EUR;52;549.60000000;9;EXCHANGE_LAST;;1;1;XEUR;7904812;816;
19.05.2025;15:46:33.172;FXXP SI 20250620 CS;SIMPLE_INSTRUMENT;EFP_IDX;EUR;53;549.60000000;1121;EXCHANGE_LAST;;1;1;XEUR;7904812;816;
19.05.2025;15:46:54.600;FXXP SI 20250620 CS;SIMPLE_INSTRUMENT;EFP_IDX;EUR;54;549.70000000;2082;EXCHANGE_LAST;;1;1;XEUR;7904812;816;
19.05.2025;15:48:26.099;FXXP SI 20250620 CS;SIMPLE_INSTRUMENT;EFP_IDX;EUR;55;549.60000000;255;EXCHANGE_LAST;;1;1;XEUR;7904812;816;
19.05.2025;15:48:35.872;FXXP SI 20250620 CS;SIMPLE_INSTRUMENT;EFP_IDX;EUR;56;549.70000000;255;EXCHANGE_LAST;;1;1;XEUR;7904812;816;
19.05.2025;11:16:20.318;G3ZF SI 20261218 CS;SIMPLE_INSTRUMENT;BLOCK;EUR;8;1.51000000;500;EXCHANGE_LAST;;1;1;XEUR;6825108;144760;
19.05.2025;13:24:20.376;G3ZF SI 20251219 CS;SIMPLE_INSTRUMENT;BLOCK;EUR;21;1.51500000;750;EXCHANGE_LAST;;1;1;XEUR;5914677;144760;
19.05.2025;07:56:26.209;GAD SI 20250620 PS AM P 100.00 0;SIMPLE_INSTRUMENT;BLOCK;CHF;3;3.65000000;1000;EXCHANGE_LAST;;1;1;XEUR;11324216;834185;
19.05.2025;13:59:26.967;GBRI SI 20250620 CS;SIMPLE_INSTRUMENT;BLOCK;CHF;27;605.14000000;50;EXCHANGE_LAST;;1;1;XEUR;11176036;783;
19.05.2025;13:01:31.138;GIVG SI 20251121 CS;SIMPLE_INSTRUMENT;BLOCK;CHF;18;4092.92140000;60;EXCHANGE_LAST;;1;1;XEUR;12076401;895;
19.05.2025;07:44:26.179;GOB SI 20250530 PS AM C 106.00 0;SIMPLE_INSTRUMENT;BLOCK;EUR;1;0.68000000;1187;EXCHANGE_LAST;;1;1;XEUR;13314704;874;
19.05.2025;09:59:28.230;GOB.O.250519.STG.000103;STANDARD_OPTION_STRATEGY;BLOCK;EUR;8;12.06000000;300;EXCHANGE_LAST;;1;1;XEUR;72061347839358250;874;
19.05.2025;09:59:28.230;GOB SI 20251219 PS AM P 96.00 0;SIMPLE_INSTRUMENT;BLOCK;EUR;8;7.29000000;300;PRC_DECOMP_EXCHANGE;;;;XEUR;8933167;874;EXCHANGE
19.05.2025;09:59:28.230;GOB SI 20251219 PS AM C 110.00 0;SIMPLE_INSTRUMENT;BLOCK;EUR;8;4.77000000;300;PRC_DECOMP_EXCHANGE;;;;XEUR;12444758;874;EXCHANGE
19.05.2025;13:52:15.670;GZF.O.250519.BER.000101;STANDARD_OPTION_STRATEGY;BLOCK;EUR;25;0.37000000;3800;EXCHANGE_LAST;;1;1;XEUR;72061266234983159;855;
19.05.2025;13:52:15.670;GZF SI 20250919 PS AM P 18.00 0;SIMPLE_INSTRUMENT;BLOCK;EUR;25;0.54000000;3800;PRC_DECOMP_MEMBER;;;;XEUR;11883173;855;MEMBER
19.05.2025;13:52:15.670;GZF SI 20250919 PS AM P 16.00 0;SIMPLE_INSTRUMENT;BLOCK;EUR;25;0.17000000;3800;PRC_DECOMP_MEMBER;;;;XEUR;11883167;855;MEMBER
19.05.2025;13:58:23.453;GZF SI 20250815 PS AM P 17.20 0;SIMPLE_INSTRUMENT;BLOCK;EUR;27;0.21000000;5002;EXCHANGE_LAST;;1;1;XEUR;13412139;855;
19.05.2025;13:58:23.455;GZF SI 20250815 PS AM P 17.20 0;SIMPLE_INSTRUMENT;BLOCK;EUR;28;0.22000000;3477;EXCHANGE_LAST;;1;1;XEUR;13412139;855;
19.05.2025;07:47:02.186;HEI SI 20250620 PS AM C 210.00 0;SIMPLE_INSTRUMENT;BLOCK;EUR;1;1.44000000;656;EXCHANGE_LAST;;1;1;XEUR;13370652;839;
19.05.2025;13:03:06.636;HEI SI 20250620 PS AM P 180.00 0;SIMPLE_INSTRUMENT;BLOCK;EUR;7;4.30000000;300;EXCHANGE_LAST;;1;1;XEUR;10381454;839;
19.05.2025;09:48:45.785;HOLN SI 20260619 PS AM C 110.00 0;SIMPLE_INSTRUMENT;BLOCK;CHF;17;2.88000000;500;EXCHANGE_LAST;;1;1;XEUR;13370711;943;
19.05.2025;08:40:20.598;I3ES SI 20251219 CS;SIMPLE_INSTRUMENT;BLOCK;EUR;1;0.35300000;1500;EXCHANGE_LAST;;3;1;XEUR;5914756;913;
19.05.2025;13:29:34.956;IBE SI 20251219 PS AM C 16.00 0;SIMPLE_INSTRUMENT;BLOCK;EUR;16;0.62000000;2050;EXCHANGE_LAST;;1;1;XEUR;8041852;908;
19.05.2025;13:30:19.254;IBE SI 20251219 PS AM C 15.00 0;SIMPLE_INSTRUMENT;BLOCK;EUR;17;1.15000000;1810;EXCHANGE_LAST;;1;1;XEUR;5986423;908;
19.05.2025;07:15:54.658;IFX SI 20250530 PS AM C 36.00 0;SIMPLE_INSTRUMENT;BLOCK;EUR;1;0.23000000;2787;EXCHANGE_LAST;;1;1;XEUR;13370674;902;
19.05.2025;10:02:30.220;IFX SI 20250718 PS AM P 31.50 0;SIMPLE_INSTRUMENT;BLOCK;EUR;2;1.17000000;1800;EXCHANGE_LAST;;1;1;XEUR;13244984;902;
19.05.2025;10:01:59.587;IFX SI 20250718 PS AM P 34.00 0;SIMPLE_INSTRUMENT;BLOCK;EUR;3;2.31000000;1800;EXCHANGE_LAST;;1;1;XEUR;13310077;902;
19.05.2025;11:43:23.588;IFX SI 20250620 PS AM P 36.00 0;SIMPLE_INSTRUMENT;BLOCK;EUR;4;3.33000000;1500;EXCHANGE_LAST;;1;1;XEUR;7905936;902;
19.05.2025;11:56:21.029;IFX.O.250519.STG.000119;STANDARD_OPTION_STRATEGY;BLOCK;EUR;5;8.35000000;2750;EXCHANGE_LAST;;2;2;XEUR;72061468098471597;902;
19.05.2025;11:56:21.029;IFX SI 20260619 PS AM C 36.00 0;SIMPLE_INSTRUMENT;BLOCK;EUR;5;4.11000000;2750;PRC_DECOMP_EXCHANGE;;;;XEUR;9551380;902;EXCHANGE
19.05.2025;11:56:21.029;IFX SI 20260619 PS AM P 32.00 0;SIMPLE_INSTRUMENT;BLOCK;EUR;5;4.24000000;2750;PRC_DECOMP_EXCHANGE;;;;XEUR;9551381;902;EXCHANGE
19.05.2025;14:41:32.543;IFX.O.250519.BUL.000121;STANDARD_OPTION_STRATEGY;BLOCK;EUR;11;0.41000000;1800;EXCHANGE_LAST;;1;1;XEUR;72061468098471599;902;
19.05.2025;14:41:32.543;IFX SI 20250620 PS AM C 34.50 0;SIMPLE_INSTRUMENT;BLOCK;EUR;11;0.99000000;1800;PRC_DECOMP_EXCHANGE;;;;XEUR;13008080;902;EXCHANGE
19.05.2025;14:41:32.543;IFX SI 20250620 PS AM C 33.50 0;SIMPLE_INSTRUMENT;BLOCK;EUR;11;1.40000000;1800;PRC_DECOMP_EXCHANGE;;;;XEUR;13008067;902;EXCHANGE
19.05.2025;15:17:37.640;IGLN SI 20250620 PS AM C 66.00 0;SIMPLE_INSTRUMENT;BLOCK;USD;3;0.56000000;5030;EXCHANGE_LAST;;1;1;XEUR;12796990;75966;
19.05.2025;15:17:37.661;IGLN SI 20250620 PS AM C 70.00 0;SIMPLE_INSTRUMENT;BLOCK;USD;4;0.14000000;6168;EXCHANGE_LAST;;1;1;XEUR;12796998;75966;
19.05.2025;15:17:37.661;IGLN SI 20250620 PS AM C 70.00 0;SIMPLE_INSTRUMENT;BLOCK;USD;5;0.13000000;2643;EXCHANGE_LAST;;1;1;XEUR;12796998;75966;
19.05.2025;12:56:44.307;INN SI 20260619 PS AM P 17.00 0;SIMPLE_INSTRUMENT;BLOCK;EUR;13;1.27000000;9750;EXCHANGE_LAST;;1;1;XEUR;12745801;1014;
19.05.2025;12:56:48.969;INN SI 20260619 PS AM P 17.00 0;SIMPLE_INSTRUMENT;BLOCK;EUR;14;1.25000000;3250;EXCHANGE_LAST;;1;1;XEUR;12745801;1014;
19.05.2025;15:24:42.253;ITK SI 20250919 PS AM C 68.00 0;SIMPLE_INSTRUMENT;BLOCK;EUR;2;0.70000000;2000;EXCHANGE_LAST;;1;1;XEUR;11885727;999;
19.05.2025;12:24:21.671;KDB SI 20250815 PS AM C 93.00 0;SIMPLE_INSTRUMENT;BLOCK;EUR;1;1.59000000;287;EXCHANGE_LAST;;1;1;XEUR;13413378;965;
19.05.2025;12:51:00.144;KDBI SI 20250620 CS;SIMPLE_INSTRUMENT;BLOCK;EUR;13;85.85540000;5000;EXCHANGE_LAST;;1;1;XEUR;11420377;840012;
19.05.2025;13:48:03.773;KDBI SI 20250620 CS;SIMPLE_INSTRUMENT;BLOCK;EUR;23;85.85540000;10000;EXCHANGE_LAST;;1;1;XEUR;11420377;840012;
19.05.2025;13:24:59.240;LONN SI 20260619 PS AM P 460.00 0;SIMPLE_INSTRUMENT;ENLIGHT;CHF;44;21.00000000;400;EXCHANGE_LAST;;1;1;XEUR;12961564;1141;
19.05.2025;12:25:47.866;M2EG SI 20251219 CS;SIMPLE_INSTRUMENT;BLOCK;EUR;10;1.14000000;300;EXCHANGE_LAST;;1;1;XEUR;6858184;412282;
19.05.2025;09:48:50.719;MOH.O.250519.STG.000110;STANDARD_OPTION_STRATEGY;BLOCK;EUR;7;70.30000000;125;EXCHANGE_LAST;;1;1;XEUR;72062206832835010;1074;
19.05.2025;09:48:50.719;MOH SI 20251219 PS AM P 480.00 0;SIMPLE_INSTRUMENT;BLOCK;EUR;7;36.00000000;125;PRC_DECOMP_EXCHANGE;;;;XEUR;5937051;1074;EXCHANGE
19.05.2025;09:48:50.719;MOH SI 20251219 PS AM C 520.00 0;SIMPLE_INSTRUMENT;BLOCK;EUR;7;34.30000000;125;PRC_DECOMP_EXCHANGE;;;;XEUR;12447729;1074;EXCHANGE
19.05.2025;11:04:17.172;MOH.O.250519.BUL.000113;STANDARD_OPTION_STRATEGY;BLOCK;EUR;18;37.30000000;350;EXCHANGE_LAST;;2;1;XEUR;72062206832835013;1074;
19.05.2025;11:04:17.172;MOH SI 20260320 PS AM C 520.00 0;SIMPLE_INSTRUMENT;BLOCK;EUR;18;42.88000000;350;PRC_DECOMP_EXCHANGE;;;;XEUR;13010750;1074;EXCHANGE
19.05.2025;11:04:17.172;MOH SI 20260320 PS AM C 680.00 0;SIMPLE_INSTRUMENT;BLOCK;EUR;18;5.58000000;350;PRC_DECOMP_EXCHANGE;;;;XEUR;13010723;1074;EXCHANGE
19.05.2025;10:24:24.939;MUV2 SI 20260619 PS AM P 600.00 0;SIMPLE_INSTRUMENT;BLOCK;EUR;5;67.70000000;200;EXCHANGE_LAST;;1;1;XEUR;13092139;1234;
19.05.2025;10:28:07.078;MUV2 SI 20250718 PS AM C 600.00 0;SIMPLE_INSTRUMENT;BLOCK;EUR;6;8.55000000;250;EXCHANGE_LAST;;1;1;XEUR;13250209;1234;
19.05.2025;09:23:22.464;NESE SI 20250620 PS EU C 84.00 0;SIMPLE_INSTRUMENT;BLOCK;CHF;14;3.39000000;750;EXCHANGE_LAST;;1;1;XEUR;7911074;1257;
19.05.2025;13:26:45.872;NESE SI 20250919 PS EU C 86.00 0;SIMPLE_INSTRUMENT;BLOCK;CHF;45;3.40000000;750;EXCHANGE_LAST;;1;1;XEUR;11946436;1257;
19.05.2025;15:21:46.450;NESG SI 20250620 CS;SIMPLE_INSTRUMENT;BLOCK;CHF;73;86.93800000;6000;EXCHANGE_LAST;;1;1;XEUR;11182429;1256;
19.05.2025;11:33:04.123;NESN SI 20260320 PS AM P 80.00 0;SIMPLE_INSTRUMENT;BLOCK;CHF;32;2.42000000;1000;EXCHANGE_LAST;;1;1;XEUR;13015886;1263;
19.05.2025;13:15:40.827;NESN SI 20250620 PS AM P 80.00 0;SIMPLE_INSTRUMENT;BLOCK;CHF;40;0.24000000;750;EXCHANGE_LAST;;1;1;XEUR;11370065;1263;
19.05.2025;13:33:05.239;NESN.O.250519.BRT.000107;STANDARD_OPTION_STRATEGY;BLOCK;CHF;43;1.95000000;1500;EXCHANGE_LAST;;1;1;XEUR;72063018581707160;1263;
19.05.2025;13:33:05.239;NESN SI 20250919 PS AM P 76.00 0;SIMPLE_INSTRUMENT;BLOCK;CHF;43;0.62000000;1500;PRC_DECOMP_EXCHANGE;;;;XEUR;11891490;1263;EXCHANGE
19.05.2025;13:33:05.239;NESN SI 20260619 PS AM P 76.00 0;SIMPLE_INSTRUMENT;BLOCK;CHF;43;2.57000000;1500;PRC_DECOMP_EXCHANGE;;;;XEUR;9559438;1263;EXCHANGE
19.05.2025;14:56:54.084;NOVE SI 20250919 PS EU C 90.00 0;SIMPLE_INSTRUMENT;BLOCK;CHF;54;4.63000000;3500;EXCHANGE_LAST;;1;2;XEUR;11949754;724744;
19.05.2025;14:52:20.966;NOVH SI 20250620 CS;SIMPLE_INSTRUMENT;BLOCK;CHF;40;91.46400000;1500;EXCHANGE_LAST;;1;1;XEUR;11213038;724742;
19.05.2025;08:09:34.906;NOVN FI 20250611 CS EU C 94.5000 0;FLEXIBLE_INSTRUMENT;BLOCK;CHF;7;0.49000000;1770;EXCHANGE_LAST;;1;1;XEUR;1156034260679794538;724745;
19.05.2025;09:37:25.336;NOVN SI 20250620 PS AM C 95.00 0;SIMPLE_INSTRUMENT;BLOCK;CHF;15;0.72000000;3000;EXCHANGE_LAST;;2;1;XEUR;12310790;724745;
19.05.2025;10:32:25.412;NOVN SI 20250620 PS AM P 84.00 0;SIMPLE_INSTRUMENT;BLOCK;CHF;26;0.32000000;1500;EXCHANGE_LAST;;1;1;XEUR;10037715;724745;
19.05.2025;11:57:31.050;NOVN.O.250519.STG.000104;STANDARD_OPTION_STRATEGY;BLOCK;CHF;33;4.20000000;600;EXCHANGE_LAST;;1;1;XEUR;75170350110880811;724745;
19.05.2025;11:57:31.050;NOVN SI 20250919 PS AM C 96.00 0;SIMPLE_INSTRUMENT;BLOCK;CHF;33;2.09000000;600;PRC_DECOMP_EXCHANGE;;;;XEUR;11933254;724745;EXCHANGE
19.05.2025;11:57:31.050;NOVN SI 20250919 PS AM P 87.00 0;SIMPLE_INSTRUMENT;BLOCK;CHF;33;2.11000000;600;PRC_DECOMP_EXCHANGE;;;;XEUR;12310846;724745;EXCHANGE
19.05.2025;14:23:02.426;NOVN SI 20251219 PS AM P 90.00 0;SIMPLE_INSTRUMENT;BLOCK;CHF;51;4.55000000;2000;EXCHANGE_LAST;;2;1;XEUR;12310766;724745;
19.05.2025;14:57:53.275;NOVN SI 20250919 PS AM P 90.00 0;SIMPLE_INSTRUMENT;BLOCK;CHF;55;3.31000000;3500;EXCHANGE_LAST;;2;1;XEUR;12022084;724745;
19.05.2025;15:02:39.788;NOVN SI 20250620 PS AM P 90.00 0;SIMPLE_INSTRUMENT;BLOCK;CHF;56;1.47000000;1000;EXCHANGE_LAST;;1;1;XEUR;10239711;724745;
19.05.2025;15:19:14.874;NVDF SI 20251017 CS;SIMPLE_INSTRUMENT;BLOCK;USD;69;137.33480000;300;EXCHANGE_LAST;;1;1;XEUR;11929223;684893;
19.05.2025;08:49:15.754;OBTP.O.250519.BER.000103;STANDARD_OPTION_STRATEGY;BLOCK;EUR;12;0.15000000;200;EXCHANGE_LAST;;1;1;XEUR;72310189654566963;58812;
19.05.2025;08:49:15.754;OBTP SI 20250620 PS AM P 116.00 0;SIMPLE_INSTRUMENT;BLOCK;EUR;12;0.14000000;200;PRC_DECOMP_EXCHANGE;;;;XEUR;13035286;58812;EXCHANGE
19.05.2025;08:49:15.754;OBTP SI 20250620 PS AM P 117.00 0;SIMPLE_INSTRUMENT;BLOCK;EUR;12;0.29000000;200;PRC_DECOMP_EXCHANGE;;;;XEUR;13035290;58812;EXCHANGE
19.05.2025;08:49:35.097;OBTP.O.250519.BER.000103;STANDARD_OPTION_STRATEGY;BLOCK;EUR;13;0.14000000;200;EXCHANGE_LAST;;1;1;XEUR;72310189654566963;58812;
19.05.2025;08:49:35.097;OBTP SI 20250620 PS AM P 116.00 0;SIMPLE_INSTRUMENT;BLOCK;EUR;13;0.14000000;200;PRC_DECOMP_MEMBER;;;;XEUR;13035286;58812;MEMBER
19.05.2025;08:49:35.097;OBTP SI 20250620 PS AM P 117.00 0;SIMPLE_INSTRUMENT;BLOCK;EUR;13;0.28000000;200;PRC_DECOMP_MEMBER;;;;XEUR;13035290;58812;MEMBER
19.05.2025;13:26:52.441;OBTP.O.250519.STD.000105;STANDARD_OPTION_STRATEGY;BLOCK;EUR;72;0.70000000;100;EXCHANGE_LAST;;1;1;XEUR;72310189654566965;58812;
19.05.2025;13:26:52.441;OBTP SI 20250523 PS AM C 119.50 0;SIMPLE_INSTRUMENT;BLOCK;EUR;72;0.50000000;100;PRC_DECOMP_MEMBER;;;;XEUR;12317405;58812;MEMBER
19.05.2025;13:26:52.441;OBTP SI 20250523 PS AM P 119.50 0;SIMPLE_INSTRUMENT;BLOCK;EUR;72;0.20000000;100;PRC_DECOMP_MEMBER;;;;XEUR;12317406;58812;MEMBER
19.05.2025;13:27:49.167;OBTP.O.250519.STD.000106;STANDARD_OPTION_STRATEGY;BLOCK;EUR;73;1.75000000;100;EXCHANGE_LAST;;1;1;XEUR;72310189654566966;58812;
19.05.2025;13:27:49.167;OBTP SI 20250620 PS AM C 119.00 0;SIMPLE_INSTRUMENT;BLOCK;EUR;73;1.00000000;100;PRC_DECOMP_MEMBER;;;;XEUR;13035285;58812;MEMBER
19.05.2025;13:27:49.167;OBTP SI 20250620 PS AM P 119.00 0;SIMPLE_INSTRUMENT;BLOCK;EUR;73;0.75000000;100;PRC_DECOMP_MEMBER;;;;XEUR;13035282;58812;MEMBER
19.05.2025;14:03:50.803;OBTP.O.250519.BUL.000107;STANDARD_OPTION_STRATEGY;BLOCK;EUR;79;0.69000000;1150;EXCHANGE_LAST;;1;1;XEUR;72310189654566967;58812;
19.05.2025;14:03:50.803;OBTP SI 20250822 PS AM C 121.00 0;SIMPLE_INSTRUMENT;BLOCK;EUR;79;0.89000000;1150;PRC_DECOMP_EXCHANGE;;;;XEUR;12841558;58812;EXCHANGE
19.05.2025;14:03:50.803;OBTP SI 20250822 PS AM C 125.00 0;SIMPLE_INSTRUMENT;BLOCK;EUR;79;0.20000000;1150;PRC_DECOMP_EXCHANGE;;;;XEUR;12841542;58812;EXCHANGE
19.05.2025;14:35:49.384;OBTP SI 20250620 PS AM P 117.00 0;SIMPLE_INSTRUMENT;BLOCK;EUR;88;0.15000000;200;EXCHANGE_LAST;;1;1;XEUR;13035290;58812;
19.05.2025;14:36:06.393;OBTP SI 20250620 PS AM P 118.00 0;SIMPLE_INSTRUMENT;BLOCK;EUR;89;0.34000000;200;EXCHANGE_LAST;;1;1;XEUR;13035277;58812;
19.05.2025;11:40:06.088;ODAP SI 20250519 CS EU C 23850 0;SIMPLE_INSTRUMENT;BLOCK;EUR;5;15.00000000;533;EXCHANGE_LAST;;1;1;XEUR;13387535;737681;
19.05.2025;14:47:17.943;ODAP SI 20250519 CS EU C 23850 0;SIMPLE_INSTRUMENT;BLOCK;EUR;12;26.50000000;533;EXCHANGE_LAST;;1;1;XEUR;13387535;737681;
19.05.2025;07:50:09.238;ODAX.O.250519.BER.000240;STANDARD_OPTION_STRATEGY;BLOCK;EUR;1;660.00000000;350;EXCHANGE_LAST;;1;1;XEUR;72062644920438150;1176;
19.05.2025;07:50:09.238;ODAX SI 20250919 CS EU P 24400 0;SIMPLE_INSTRUMENT;BLOCK;EUR;1;1137.90000000;350;PRC_DECOMP_MEMBER;;;;XEUR;12362262;1176;MEMBER
19.05.2025;07:50:09.238;ODAX SI 20250919 CS EU P 22500 0;SIMPLE_INSTRUMENT;BLOCK;EUR;1;477.90000000;350;PRC_DECOMP_MEMBER;;;;XEUR;12716518;1176;MEMBER
19.05.2025;10:18:18.443;ODAX.O.250519.PDIA.000292;STANDARD_OPTION_STRATEGY;BLOCK;EUR;3;288.30000000;500;EXCHANGE_LAST;;1;1;XEUR;72062644920438202;1176;
19.05.2025;10:18:18.443;ODAX SI 20260320 CS EU P 21800 0;SIMPLE_INSTRUMENT;BLOCK;EUR;3;710.10000000;500;PRC_DECOMP_EXCHANGE;;;;XEUR;12365913;1176;EXCHANGE
19.05.2025;10:18:18.443;ODAX SI 20250919 CS EU P 22200 0;SIMPLE_INSTRUMENT;BLOCK;EUR;3;421.80000000;500;PRC_DECOMP_EXCHANGE;;;;XEUR;10760801;1176;EXCHANGE
19.05.2025;14:11:15.264;ODAX SI 20251219 CS EU C 26500 0;SIMPLE_INSTRUMENT;BLOCK;EUR;9;288.80000000;1000;EXCHANGE_LAST;;1;1;XEUR;12396834;1176;
19.05.2025;14:11:01.263;ODAX SI 20251219 CS EU C 23200 0;SIMPLE_INSTRUMENT;BLOCK;EUR;10;1784.80000000;1000;EXCHANGE_LAST;;1;1;XEUR;10977223;1176;
19.05.2025;14:55:52.137;ODAX SI 20250620 CS EU P 22850 0;SIMPLE_INSTRUMENT;BLOCK;EUR;13;153.60000000;379;EXCHANGE_LAST;;1;1;XEUR;13013153;1176;
19.05.2025;14:56:23.313;ODAX SI 20250718 CS EU P 22450 0;SIMPLE_INSTRUMENT;BLOCK;EUR;14;220.60000000;559;EXCHANGE_LAST;;1;1;XEUR;13249655;1176;
19.05.2025;10:47:34.710;ODAX.V.250519.PUT+U.000296;OPTION_VOLATILITY_STRATEGY;BLOCK;EUR;671088644;200.20000000;2;EXCHANGE_LAST;;1;1;XEUR;72062644920438206;1176;
19.05.2025;10:47:34.710;ODAX SI 20250815 CS EU P 21250 0;SIMPLE_INSTRUMENT;BLOCK;EUR;671088644;200.20000000;408;PRC_DECOMP_EXCHANGE;;;;XEUR;13416937;1176;EXCHANGE
19.05.2025;10:47:34.710;FDAX SI 20250620 CS;SIMPLE_INSTRUMENT;BLOCK;EUR;671088644;23794.00000000;10;PRC_DECOMP_EXCHANGE;;;;XEUR;7903800;1176;EXCHANGE
19.05.2025;13:30:23.496;ODAX.V.250519.COMBO+U.000345;OPTION_VOLATILITY_STRATEGY;BLOCK;EUR;671088646;93.00000000;1;EXCHANGE_LAST;;1;1;XEUR;72062644920438255;1176;
19.05.2025;13:30:23.496;ODAX SI 20250718 CS EU C 25000 0;SIMPLE_INSTRUMENT;BLOCK;EUR;671088646;165.00000000;350;PRC_DECOMP_MEMBER;;;;XEUR;13297463;1176;MEMBER
19.05.2025;13:30:23.496;ODAX SI 20250718 CS EU P 22600 0;SIMPLE_INSTRUMENT;BLOCK;EUR;671088646;258.00000000;350;PRC_DECOMP_MEMBER;;;;XEUR;13249643;1176;MEMBER
19.05.2025;13:30:23.496;FDAX SI 20250620 CS;SIMPLE_INSTRUMENT;BLOCK;EUR;671088646;23830.00000000;29;PRC_DECOMP_MEMBER;;;;XEUR;7903800;1176;MEMBER
19.05.2025;13:45:14.175;ODAX.V.250519.CALL-U.000349;OPTION_VOLATILITY_STRATEGY;BLOCK;EUR;671088647;538.70000000;1;EXCHANGE_LAST;;1;1;XEUR;72062644920438259;1176;
19.05.2025;13:45:14.175;ODAX SI 20250718 CS EU C 24000 0;SIMPLE_INSTRUMENT;BLOCK;EUR;671088647;538.70000000;750;PRC_DECOMP_EXCHANGE;;;;XEUR;13297565;1176;EXCHANGE
19.05.2025;13:45:14.175;FDAX SI 20250620 CS;SIMPLE_INSTRUMENT;BLOCK;EUR;671088647;23810.00000000;71;PRC_DECOMP_EXCHANGE;;;;XEUR;7903800;1176;EXCHANGE
19.05.2025;15:19:15.460;OED1.V.250519.PUT+U.000101;OPTION_VOLATILITY_STRATEGY;BLOCK;EUR;301989899;5.50000000;10;EXCHANGE_LAST;;1;1;XEUR;75376268022907947;772689;
19.05.2025;15:19:15.460;FEXD SI 20271217 CS;SIMPLE_INSTRUMENT;BLOCK;EUR;301989899;151.20000000;280;PRC_DECOMP_EXCHANGE;;;;XEUR;2848338;772689;EXCHANGE
19.05.2025;15:19:15.460;OED1 SI 20260320 PS EU P 140 0;SIMPLE_INSTRUMENT;BLOCK;EUR;301989899;5.50000000;1000;PRC_DECOMP_EXCHANGE;;;;XEUR;12501621;772689;EXCHANGE
19.05.2025;14:12:02.141;OEDV.V.250519.PUT+U.000101;OPTION_VOLATILITY_STRATEGY;BLOCK;EUR;603979818;43.50000000;20;EXCHANGE_LAST;;2;1;XEUR;72062696459083256;1188;
19.05.2025;14:12:02.141;FEDV SI 20250620 CS;SIMPLE_INSTRUMENT;BLOCK;EUR;603979818;1974.00000000;420;PRC_DECOMP_EXCHANGE;;;;XEUR;11880642;1188;EXCHANGE
19.05.2025;14:12:02.141;OEDV SI 20260619 CS EU P 1700 0;SIMPLE_INSTRUMENT;BLOCK;EUR;603979818;43.50000000;2000;PRC_DECOMP_EXCHANGE;;;;XEUR;9167903;1188;EXCHANGE
19.05.2025;14:08:41.010;OESB SI 20250718 CS EU P 160.0 0;SIMPLE_INSTRUMENT;BLOCK;EUR;40;0.65000000;6000;EXCHANGE_LAST;;1;1;XEUR;13249038;1195;
