#Date;TrdTime;Contract;ContractType;TrdTyp;Currency;TesId;Prc;Qty;TrdInd;Aggressor;Buy;Sell;Exch;InstrumentId;RelatedProdId;PrcDecomp
16.05.2025;10:05:30.630;A2SG SI 20250620 CS;SIMPLE_INSTRUMENT;BLOCK;EUR;51;1.43000000;140;EXCHANGE_LAST;;1;1;XEUR;10827627;14;
16.05.2025;10:46:03.011;A2SG SI 20250620 CS;SIMPLE_INSTRUMENT;BLOCK;EUR;62;1.43000000;1312;EXCHANGE_LAST;;1;1;XEUR;10827627;14;
16.05.2025;13:22:41.169;A2SG SI 20250620 CS;SIMPLE_INSTRUMENT;BLOCK;EUR;92;1.43000000;218;EXCHANGE_LAST;;1;1;XEUR;10827627;14;
16.05.2025;09:41:03.999;A2SM SI 20251219 CS;SIMPLE_INSTRUMENT;BLOCK;EUR;39;6.70000000;150;EXCHANGE_LAST;;1;1;XEUR;5914264;15;
16.05.2025;09:55:05.126;A2XA SI 20281215 CS;SIMPLE_INSTRUMENT;BLOCK;EUR;42;2.05500000;200;EXCHANGE_LAST;;1;1;XEUR;6796967;17;
16.05.2025;12:14:02.786;A2XA SI 20261218 CS;SIMPLE_INSTRUMENT;BLOCK;EUR;72;2.30500000;800;EXCHANGE_LAST;;2;1;XEUR;4632093;17;
16.05.2025;14:45:57.626;ABBN.O.250516.BLT.000006;STANDARD_OPTION_STRATEGY;BLOCK;CHF;46;2.23000000;1250;EXCHANGE_LAST;;1;1;XEUR;74525125763938093;574517;
16.05.2025;14:45:57.626;ABBN SI 20250620 PS AM C 48.00 0;SIMPLE_INSTRUMENT;BLOCK;CHF;46;1.05000000;1250;PRC_DECOMP_MEMBER;;;;XEUR;8902738;574517;MEMBER
16.05.2025;14:45:57.626;ABBN SI 20251219 PS AM C 48.00 0;SIMPLE_INSTRUMENT;BLOCK;CHF;46;3.28000000;1250;PRC_DECOMP_MEMBER;;;;XEUR;8902742;574517;MEMBER
16.05.2025;10:16:09.885;ADS SI 20250919 PS AM C 240.00 0;SIMPLE_INSTRUMENT;BLOCK;EUR;6;6.85000000;250;EXCHANGE_LAST;;1;1;XEUR;11870838;50;
16.05.2025;07:27:21.608;ALC SI 20250620 PS AM P 72.00 0;SIMPLE_INSTRUMENT;BLOCK;CHF;1;1.07000000;600;EXCHANGE_LAST;;1;1;XEUR;11394714;130134;
16.05.2025;07:27:21.649;ALC SI 20260320 PS AM P 60.00 0;SIMPLE_INSTRUMENT;BLOCK;CHF;2;1.45000000;600;EXCHANGE_LAST;;1;1;XEUR;13157313;130134;
16.05.2025;09:24:42.222;ALC SI 20250620 PS AM P 74.00 0;SIMPLE_INSTRUMENT;BLOCK;CHF;15;1.72000000;1000;EXCHANGE_LAST;;1;1;XEUR;13038272;130134;
16.05.2025;10:14:42.384;ALC SI 20250620 PS AM C 80.00 0;SIMPLE_INSTRUMENT;BLOCK;CHF;25;0.50000000;1500;EXCHANGE_LAST;;1;1;XEUR;11394713;130134;
16.05.2025;10:34:53.452;ALC SI 20250620 PS AM P 72.00 0;SIMPLE_INSTRUMENT;BLOCK;CHF;27;1.05000000;800;EXCHANGE_LAST;;1;1;XEUR;11394714;130134;
16.05.2025;10:35:08.319;ALC SI 20260320 PS AM P 60.00 0;SIMPLE_INSTRUMENT;BLOCK;CHF;28;1.50000000;800;EXCHANGE_LAST;;1;1;XEUR;13157313;130134;
16.05.2025;16:02:03.163;ALV.O.250516.STG.000025;STANDARD_OPTION_STRATEGY;BLOCK;EUR;3;49.50000000;150;EXCHANGE_LAST;;1;1;XEUR;72057911865570731;74;
16.05.2025;16:02:03.163;ALV SI 20271217 PS AM C 400.00 0;SIMPLE_INSTRUMENT;BLOCK;EUR;3;19.69000000;150;PRC_DECOMP_EXCHANGE;;;;XEUR;8939296;74;EXCHANGE
16.05.2025;16:02:03.163;ALV SI 20271217 PS AM P 320.00 0;SIMPLE_INSTRUMENT;BLOCK;EUR;3;29.81000000;150;PRC_DECOMP_EXCHANGE;;;;XEUR;8772886;74;EXCHANGE
16.05.2025;09:16:18.334;ANN SI 20250919 PS AM P 27.00 0;SIMPLE_INSTRUMENT;BLOCK;EUR;5;1.42000000;5000;EXCHANGE_LAST;;1;1;XEUR;12936987;45202;
16.05.2025;10:04:52.283;ANN.O.250516.RBER.000016;STANDARD_OPTION_STRATEGY;BLOCK;EUR;14;-1.87000000;2000;EXCHANGE_LAST;;1;1;XEUR;72251735149670521;45202;
16.05.2025;10:04:52.283;ANN SI 20261218 PS AM P 20.00 0;SIMPLE_INSTRUMENT;BLOCK;EUR;14;1.07000000;4000;PRC_DECOMP_EXCHANGE;;;;XEUR;7758061;45202;EXCHANGE
16.05.2025;10:04:52.283;ANN SI 20261218 PS AM P 28.00 0;SIMPLE_INSTRUMENT;BLOCK;EUR;14;4.01000000;2000;PRC_DECOMP_EXCHANGE;;;;XEUR;7644472;45202;EXCHANGE
16.05.2025;12:55:22.319;ANN SI 20251219 PS AM P 24.00 0;SIMPLE_INSTRUMENT;BLOCK;EUR;27;1.02000000;1000;EXCHANGE_LAST;;1;1;XEUR;7733120;45202;
16.05.2025;12:11:56.048;ARG SI 20250919 PS AM P 480.00 0;SIMPLE_INSTRUMENT;BLOCK;EUR;5;29.90000000;600;EXCHANGE_LAST;;1;1;XEUR;11921623;355435;
16.05.2025;12:11:58.229;ARG SI 20250919 PS AM C 560.00 0;SIMPLE_INSTRUMENT;BLOCK;EUR;6;14.70000000;600;EXCHANGE_LAST;;1;1;XEUR;11921635;355435;
16.05.2025;12:12:01.040;ARG SI 20250919 PS AM P 440.00 0;SIMPLE_INSTRUMENT;BLOCK;EUR;7;16.80000000;600;EXCHANGE_LAST;;1;1;XEUR;11921604;355435;
16.05.2025;10:05:14.403;ASGF SI 20250619 CS;SIMPLE_INSTRUMENT;BLOCK;EUR;50;33.74580000;1600;EXCHANGE_LAST;;1;1;XEUR;12186943;949862;
16.05.2025;10:45:58.773;ASGF SI 20250619 CS;SIMPLE_INSTRUMENT;BLOCK;EUR;61;33.74580000;15000;EXCHANGE_LAST;;1;1;XEUR;12186943;949862;
16.05.2025;12:33:10.372;ASGF SI 20250619 CS;SIMPLE_INSTRUMENT;BLOCK;EUR;80;33.72000000;4000;EXCHANGE_LAST;;1;1;XEUR;12186943;949862;
16.05.2025;13:22:32.808;ASGF SI 20250619 CS;SIMPLE_INSTRUMENT;BLOCK;EUR;91;33.83000000;2500;EXCHANGE_LAST;;1;1;XEUR;12186943;949862;
16.05.2025;12:48:43.028;ASM.O.250516.STD.000006;STANDARD_OPTION_STRATEGY;BLOCK;EUR;7;160.80000000;200;EXCHANGE_LAST;;1;1;XEUR;72058053599446900;107;
16.05.2025;12:48:43.028;ASM SI 20251219 PS AM P 600.00 0;SIMPLE_INSTRUMENT;BLOCK;EUR;7;41.61000000;200;PRC_DECOMP_EXCHANGE;;;;XEUR;12432509;107;EXCHANGE
16.05.2025;12:48:43.028;ASM SI 20251219 PS AM C 600.00 0;SIMPLE_INSTRUMENT;BLOCK;EUR;7;119.19000000;200;PRC_DECOMP_EXCHANGE;;;;XEUR;12432511;107;EXCHANGE
16.05.2025;15:11:17.166;ASM SI 20250919 PS AM C 720.00 0;SIMPLE_INSTRUMENT;BLOCK;EUR;11;36.10000000;150;EXCHANGE_LAST;;1;1;XEUR;11872157;107;
16.05.2025;10:21:00.925;ASMH SI 20250620 CS;SIMPLE_INSTRUMENT;BLOCK;EUR;55;676.78000000;1000;EXCHANGE_LAST;;1;1;XEUR;11191365;3979;
16.05.2025;12:25:30.045;AXA.O.250516.STG.000004;STANDARD_OPTION_STRATEGY;BLOCK;EUR;16;5.10000000;1250;EXCHANGE_LAST;;1;1;XEUR;72058139498795572;127;
16.05.2025;12:25:30.045;AXA SI 20260619 PS AM P 36.00 0;SIMPLE_INSTRUMENT;BLOCK;EUR;16;1.83000000;1250;PRC_DECOMP_EXCHANGE;;;;XEUR;9538760;127;EXCHANGE
16.05.2025;12:25:30.045;AXA SI 20260619 PS AM C 42.00 0;SIMPLE_INSTRUMENT;BLOCK;EUR;16;3.27000000;1250;PRC_DECOMP_EXCHANGE;;;;XEUR;12748947;127;EXCHANGE
16.05.2025;16:01:45.875;AXA.O.250516.STG.000008;STANDARD_OPTION_STRATEGY;BLOCK;EUR;25;7.15000000;1000;EXCHANGE_LAST;;1;1;XEUR;72058139498795576;127;
16.05.2025;16:01:45.875;AXA SI 20271217 PS AM P 36.00 0;SIMPLE_INSTRUMENT;BLOCK;EUR;25;3.67000000;1000;PRC_DECOMP_EXCHANGE;;;;XEUR;8773947;127;EXCHANGE
16.05.2025;16:01:45.875;AXA SI 20271217 PS AM C 44.00 0;SIMPLE_INSTRUMENT;BLOCK;EUR;25;3.48000000;1000;PRC_DECOMP_EXCHANGE;;;;XEUR;8773967;127;EXCHANGE
16.05.2025;11:58:17.594;B2MW SI 20261218 CS;SIMPLE_INSTRUMENT;BLOCK;EUR;68;3.50000000;250;EXCHANGE_LAST;;1;1;XEUR;4632168;128;
16.05.2025;14:03:15.198;B2MW SI 20261218 CS;SIMPLE_INSTRUMENT;BLOCK;EUR;105;3.50000000;200;EXCHANGE_LAST;;1;1;XEUR;4632168;128;
16.05.2025;12:59:15.386;B2NP SI 20250620 CS;SIMPLE_INSTRUMENT;BLOCK;EUR;87;4.79000000;346;EXCHANGE_LAST;;1;1;XEUR;10830225;131;
16.05.2025;07:36:06.119;BAS.O.250516.CDIA.000004;STANDARD_OPTION_STRATEGY;BLOCK;EUR;2;0.93000000;1130;EXCHANGE_LAST;;1;1;XEUR;72058238283093457;150;
16.05.2025;07:36:06.119;BAS SI 20250516 PS AM C 44.00 0;SIMPLE_INSTRUMENT;BLOCK;EUR;2;0.57000000;1130;PRC_DECOMP_EXCHANGE;;;;XEUR;12813705;150;EXCHANGE
16.05.2025;07:36:06.119;BAS SI 20250620 PS AM C 44.50 0;SIMPLE_INSTRUMENT;BLOCK;EUR;2;1.50000000;1130;PRC_DECOMP_EXCHANGE;;;;XEUR;12996888;150;EXCHANGE
16.05.2025;08:30:53.903;BAS.O.250516.STG.000011;STANDARD_OPTION_STRATEGY;BLOCK;EUR;3;5.84000000;1000;EXCHANGE_LAST;;1;1;XEUR;72058238283093464;150;
16.05.2025;08:30:53.903;BAS SI 20250620 PS AM P 50.00 0;SIMPLE_INSTRUMENT;BLOCK;EUR;3;5.76000000;1000;PRC_DECOMP_EXCHANGE;;;;XEUR;10779746;150;EXCHANGE
16.05.2025;08:30:53.903;BAS SI 20250620 PS AM C 54.00 0;SIMPLE_INSTRUMENT;BLOCK;EUR;3;0.08000000;1000;PRC_DECOMP_EXCHANGE;;;;XEUR;10779747;150;EXCHANGE
16.05.2025;13:43:12.915;BAS.O.250516.BU13.000025;STANDARD_OPTION_STRATEGY;BLOCK;EUR;6;-2.11000000;2000;EXCHANGE_LAST;;1;1;XEUR;72058238283093478;150;
16.05.2025;13:43:12.915;BAS SI 20260619 PS AM C 58.00 0;SIMPLE_INSTRUMENT;BLOCK;EUR;6;0.81000000;6000;PRC_DECOMP_EXCHANGE;;;;XEUR;12749101;150;EXCHANGE
16.05.2025;13:43:12.915;BAS SI 20260619 PS AM C 44.00 0;SIMPLE_INSTRUMENT;BLOCK;EUR;6;4.54000000;2000;PRC_DECOMP_EXCHANGE;;;;XEUR;9539324;150;EXCHANGE
16.05.2025;15:21:58.942;BAS SI 20250919 PS AM P 38.00 0;SIMPLE_INSTRUMENT;BLOCK;EUR;9;0.86000000;750;EXCHANGE_LAST;;1;1;XEUR;11872851;150;
16.05.2025;15:25:54.542;BAS SI 20250919 PS AM P 38.00 0;SIMPLE_INSTRUMENT;BLOCK;EUR;10;0.86000000;450;EXCHANGE_LAST;;1;1;XEUR;11872851;150;
16.05.2025;15:44:46.090;BAS SI 20250530 PS AM C 46.00 0;SIMPLE_INSTRUMENT;BLOCK;EUR;11;0.21000000;3896;EXCHANGE_LAST;;1;1;XEUR;13235903;150;
16.05.2025;15:45:32.526;BAS SI 20250620 PS AM C 48.00 0;SIMPLE_INSTRUMENT;BLOCK;EUR;12;0.25000000;3733;EXCHANGE_LAST;;1;1;XEUR;7898967;150;
16.05.2025;11:41:38.900;BAY.O.250516.BER.000029;STANDARD_OPTION_STRATEGY;BLOCK;EUR;4;0.27000000;2000;EXCHANGE_LAST;;1;1;XEUR;72058315592510525;168;
16.05.2025;11:41:38.900;BAY SI 20251219 PS AM P 14.00 0;SIMPLE_INSTRUMENT;BLOCK;EUR;4;0.44000000;2000;PRC_DECOMP_EXCHANGE;;;;XEUR;8456316;168;EXCHANGE
16.05.2025;11:41:38.900;BAY SI 20251219 PS AM P 10.00 0;SIMPLE_INSTRUMENT;BLOCK;EUR;4;0.17000000;2000;PRC_DECOMP_EXCHANGE;;;;XEUR;10110951;168;EXCHANGE
16.05.2025;12:01:56.803;BAY SI 20260619 PS AM P 22.00 0;SIMPLE_INSTRUMENT;BLOCK;EUR;5;2.92000000;2500;EXCHANGE_LAST;;1;1;XEUR;12334042;168;
16.05.2025;13:52:11.917;BAY.O.250516.BLT.000043;STANDARD_OPTION_STRATEGY;BLOCK;EUR;8;0.97000000;3000;EXCHANGE_LAST;;2;1;XEUR;72058315592510539;168;
16.05.2025;13:52:11.917;BAY SI 20250919 PS AM C 26.00 0;SIMPLE_INSTRUMENT;BLOCK;EUR;8;1.18000000;3000;PRC_DECOMP_EXCHANGE;;;;XEUR;11873101;168;EXCHANGE
16.05.2025;13:52:11.917;BAY SI 20250620 PS AM C 26.00 0;SIMPLE_INSTRUMENT;BLOCK;EUR;8;0.21000000;3000;PRC_DECOMP_EXCHANGE;;;;XEUR;10324700;168;EXCHANGE
16.05.2025;16:19:52.697;BAYG SI 20250620 CS;SIMPLE_INSTRUMENT;BLOCK;EUR;140;22.99100000;5500;EXCHANGE_LAST;;1;1;XEUR;11197544;76034;
16.05.2025;11:15:08.460;BBVD.O.250516.CDIA.000002;STANDARD_OPTION_STRATEGY;BLOCK;EUR;5;-1.36000000;1250;EXCHANGE_LAST;;1;1;XEUR;72058332772305755;172;
16.05.2025;11:15:08.460;BBVD SI 20250919 PS AM C 14.00 0;SIMPLE_INSTRUMENT;BLOCK;EUR;5;0.65000000;1250;PRC_DECOMP_EXCHANGE;;;;XEUR;10026279;172;EXCHANGE
16.05.2025;11:15:08.460;BBVD SI 20250620 PS AM C 11.50 0;SIMPLE_INSTRUMENT;BLOCK;EUR;5;2.01000000;1250;PRC_DECOMP_EXCHANGE;;;;XEUR;11351426;172;EXCHANGE
16.05.2025;11:15:48.832;BBVD SI 20250919 PS AM P 12.50 0;SIMPLE_INSTRUMENT;BLOCK;EUR;6;0.50000000;1250;EXCHANGE_LAST;;1;1;XEUR;11873378;172;
16.05.2025;07:29:09.073;BMW.O.250516.STG.000003;STANDARD_OPTION_STRATEGY;BLOCK;EUR;1;0.43000000;400;EXCHANGE_LAST;;1;1;XEUR;72058495981110399;210;
16.05.2025;07:29:09.073;BMW SI 20250620 PS AM C 92.00 0;SIMPLE_INSTRUMENT;BLOCK;EUR;1;0.20000000;400;PRC_DECOMP_MEMBER;;;;XEUR;7899914;210;MEMBER
16.05.2025;07:29:09.073;BMW SI 20250620 PS AM P 60.00 0;SIMPLE_INSTRUMENT;BLOCK;EUR;1;0.23000000;400;PRC_DECOMP_MEMBER;;;;XEUR;7899890;210;MEMBER
16.05.2025;07:58:03.795;BMW SI 20260619 PS AM P 64.00 0;SIMPLE_INSTRUMENT;BLOCK;EUR;2;4.19000000;400;EXCHANGE_LAST;;1;1;XEUR;12616536;210;
16.05.2025;08:49:03.931;BMW SI 20250718 PS AM C 84.00 0;SIMPLE_INSTRUMENT;BLOCK;EUR;5;1.88000000;500;EXCHANGE_LAST;;1;1;XEUR;13305259;210;
16.05.2025;08:37:03.391;BNP.O.250516.BER.000005;STANDARD_OPTION_STRATEGY;BLOCK;EUR;2;9.04000000;1500;EXCHANGE_LAST;;1;1;XEUR;72058611945200455;237;
16.05.2025;08:37:03.391;BNP SI 20251219 PS AM P 60.00 0;SIMPLE_INSTRUMENT;BLOCK;EUR;2;1.53000000;1500;PRC_DECOMP_EXCHANGE;;;;XEUR;5995681;237;EXCHANGE
16.05.2025;08:37:03.391;BNP SI 20251219 PS AM P 82.00 0;SIMPLE_INSTRUMENT;BLOCK;EUR;2;10.57000000;1500;PRC_DECOMP_EXCHANGE;;;;XEUR;12761982;237;EXCHANGE
16.05.2025;08:42:36.600;BNP.O.250516.STD.000006;STANDARD_OPTION_STRATEGY;BLOCK;EUR;3;13.70000000;1200;EXCHANGE_LAST;;2;1;XEUR;72058611945200456;237;
16.05.2025;08:42:36.600;BNP SI 20260320 PS AM P 76.00 0;SIMPLE_INSTRUMENT;BLOCK;EUR;3;7.62000000;1200;PRC_DECOMP_EXCHANGE;;;;XEUR;12999075;237;EXCHANGE
16.05.2025;08:42:36.600;BNP SI 20260320 PS AM C 76.00 0;SIMPLE_INSTRUMENT;BLOCK;EUR;3;6.08000000;1200;PRC_DECOMP_EXCHANGE;;;;XEUR;12999079;237;EXCHANGE
16.05.2025;09:42:53.514;BNP.O.250516.STD.000006;STANDARD_OPTION_STRATEGY;BLOCK;EUR;7;13.70000000;600;EXCHANGE_LAST;;1;1;XEUR;72058611945200456;237;
16.05.2025;09:42:53.514;BNP SI 20260320 PS AM C 76.00 0;SIMPLE_INSTRUMENT;BLOCK;EUR;7;6.08000000;600;PRC_DECOMP_MEMBER;;;;XEUR;12999079;237;MEMBER
16.05.2025;09:42:53.514;BNP SI 20260320 PS AM P 76.00 0;SIMPLE_INSTRUMENT;BLOCK;EUR;7;7.62000000;600;PRC_DECOMP_MEMBER;;;;XEUR;12999075;237;MEMBER
16.05.2025;10:35:39.305;BNP SI 20250620 PS AM C 70.00 0;SIMPLE_INSTRUMENT;BLOCK;EUR;11;9.44000000;2000;EXCHANGE_LAST;;1;1;XEUR;12372385;237;
16.05.2025;14:31:43.013;BNP.O.250516.BR23.000024;STANDARD_OPTION_STRATEGY;BLOCK;EUR;24;-17.40000000;750;EXCHANGE_LAST;;1;1;XEUR;72058611945200474;237;
16.05.2025;14:31:43.013;BNP SI 20281215 PS AM P 72.00 0;SIMPLE_INSTRUMENT;BLOCK;EUR;24;15.75000000;1500;PRC_DECOMP_MEMBER;;;;XEUR;10398985;237;MEMBER
16.05.2025;14:31:43.013;BNP SI 20281215 PS AM P 44.00 0;SIMPLE_INSTRUMENT;BLOCK;EUR;24;4.70000000;2250;PRC_DECOMP_MEMBER;;;;XEUR;10398934;237;MEMBER
16.05.2025;08:49:54.639;BNPH SI 20250516 CS;SIMPLE_INSTRUMENT;BLOCK;EUR;19;79.34000000;5000;EXCHANGE_LAST;;1;1;XEUR;11032339;236;
16.05.2025;12:59:21.394;BNPH SI 20250620 CS;SIMPLE_INSTRUMENT;BLOCK;EUR;85;75.39500000;4000;EXCHANGE_LAST;;1;1;XEUR;11170600;236;
16.05.2025;08:52:29.921;BOSF SI 20250516 CS;SIMPLE_INSTRUMENT;BLOCK;EUR;20;40.82000000;7000;EXCHANGE_LAST;;2;1;XEUR;11032237;231;
16.05.2025;08:07:19.981;BSI SI 20250620 PS AM P 92.00 0;SIMPLE_INSTRUMENT;BLOCK;EUR;1;0.86000000;250;EXCHANGE_LAST;;1;1;XEUR;11392854;76317;
16.05.2025;08:07:20.063;BSI SI 20261218 PS AM P 80.00 0;SIMPLE_INSTRUMENT;BLOCK;EUR;2;9.77000000;250;EXCHANGE_LAST;;1;1;XEUR;12475946;76317;
16.05.2025;15:24:25.160;C2SF SI 20250620 CS;SIMPLE_INSTRUMENT;BLOCK;EUR;135;2.85000000;170;EXCHANGE_LAST;;1;1;XEUR;10878577;300499;
16.05.2025;14:56:14.662;CAN SI 20250919 PS AM C 220 0;SIMPLE_INSTRUMENT;BLOCK;GBX;21;9.75000000;161;EXCHANGE_LAST;;1;1;XEUR;12905458;1052248;
16.05.2025;08:41:55.673;CAR SI 20250620 PS AM P 12.00 0;SIMPLE_INSTRUMENT;BLOCK;EUR;4;0.05000000;1250;EXCHANGE_LAST;;1;1;XEUR;7900485;265;
16.05.2025;08:41:56.677;CAR SI 20270618 PS AM P 12.00 0;SIMPLE_INSTRUMENT;BLOCK;EUR;5;1.42000000;1250;EXCHANGE_LAST;;1;1;XEUR;11353680;265;
16.05.2025;08:42:45.943;CARG SI 20250516 CS;SIMPLE_INSTRUMENT;BLOCK;EUR;18;14.25000000;7750;EXCHANGE_LAST;;1;1;XEUR;11032979;271;
16.05.2025;10:12:44.850;CBK SI 20261218 PS AM P 20.00 0;SIMPLE_INSTRUMENT;BLOCK;EUR;5;2.65000000;1500;EXCHANGE_LAST;;1;1;XEUR;9040227;268;
16.05.2025;14:35:49.611;CBK SI 20260619 PS AM P 20.00 0;SIMPLE_INSTRUMENT;BLOCK;EUR;14;1.96000000;2000;EXCHANGE_LAST;;1;1;XEUR;9666940;268;
16.05.2025;13:37:31.297;CBKH SI 20250620 CS;SIMPLE_INSTRUMENT;BLOCK;EUR;96;25.40240000;5200;EXCHANGE_LAST;;1;1;XEUR;11192082;10390;
16.05.2025;08:00:35.268;CFR SI 20251219 PS AM C 150.00 0;SIMPLE_INSTRUMENT;BLOCK;CHF;4;21.24000000;1480;EXCHANGE_LAST;;1;1;XEUR;12437074;313;
16.05.2025;09:26:05.191;CFR SI 20250620 PS AM C 180.00 0;SIMPLE_INSTRUMENT;BLOCK;CHF;16;0.88000000;500;EXCHANGE_LAST;;1;1;XEUR;9996502;313;
16.05.2025;09:33:14.461;CFR SI 20250620 PS AM C 180.00 0;SIMPLE_INSTRUMENT;BLOCK;CHF;18;0.97000000;600;EXCHANGE_LAST;;1;2;XEUR;9996502;313;
16.05.2025;09:34:52.642;CFR.O.250516.BUL.000006;STANDARD_OPTION_STRATEGY;BLOCK;CHF;19;20.25000000;330;EXCHANGE_LAST;;1;1;XEUR;72058938362728997;313;
16.05.2025;09:34:52.642;CFR SI 20250919 PS AM C 172.00 0;SIMPLE_INSTRUMENT;BLOCK;CHF;19;7.41000000;330;PRC_DECOMP_EXCHANGE;;;;XEUR;13230988;313;EXCHANGE
16.05.2025;09:34:52.642;CFR SI 20250919 PS AM C 140.00 0;SIMPLE_INSTRUMENT;BLOCK;CHF;19;27.66000000;330;PRC_DECOMP_EXCHANGE;;;;XEUR;11876498;313;EXCHANGE
16.05.2025;09:37:00.881;CFR SI 20250919 PS AM P 160.00 0;SIMPLE_INSTRUMENT;BLOCK;CHF;20;9.29000000;330;EXCHANGE_LAST;;1;1;XEUR;11876557;313;
16.05.2025;09:37:02.147;CFR SI 20250919 PS AM P 130.00 0;SIMPLE_INSTRUMENT;BLOCK;CHF;21;1.74000000;330;EXCHANGE_LAST;;1;1;XEUR;11876502;313;
16.05.2025;10:50:14.585;CFR SI 20260320 PS AM P 150.00 0;SIMPLE_INSTRUMENT;BLOCK;CHF;30;11.28000000;750;EXCHANGE_LAST;;1;1;XEUR;13000363;313;
16.05.2025;10:50:52.587;CFR SI 20260320 PS AM C 170.00 0;SIMPLE_INSTRUMENT;BLOCK;CHF;31;14.47000000;750;EXCHANGE_LAST;;1;1;XEUR;13000361;313;
16.05.2025;12:57:19.939;CFR SI 20250919 PS AM C 164.00 0;SIMPLE_INSTRUMENT;BLOCK;CHF;40;10.40000000;1000;EXCHANGE_LAST;;1;1;XEUR;13228551;313;
16.05.2025;12:57:31.940;CFR SI 20250919 PS AM C 190.00 0;SIMPLE_INSTRUMENT;BLOCK;CHF;41;2.56000000;500;EXCHANGE_LAST;;1;1;XEUR;11876571;313;
16.05.2025;12:57:43.941;CFR SI 20250919 PS AM C 170.00 0;SIMPLE_INSTRUMENT;BLOCK;CHF;42;8.17000000;1000;EXCHANGE_LAST;;1;1;XEUR;11876552;313;
16.05.2025;13:03:07.170;COF FI 20251216 PS AM C 55.0000 0;FLEXIBLE_INSTRUMENT;BLOCK;EUR;10;23.20000000;930;EXCHANGE_LAST;;1;1;XEUR;1152922947715860451;336;
16.05.2025;13:03:38.568;COF FI 20251216 PS AM C 70.0000 0;FLEXIBLE_INSTRUMENT;BLOCK;EUR;11;8.20000000;930;EXCHANGE_LAST;;1;1;XEUR;1152922947715860452;336;
16.05.2025;13:04:56.740;COF FI 20251219 PS AM C 55.0000 0;FLEXIBLE_INSTRUMENT;BLOCK;EUR;12;23.20000000;930;EXCHANGE_LAST;;1;1;XEUR;1152922947715860453;336;
16.05.2025;13:05:22.756;COF FI 20251219 PS AM C 70.0000 0;FLEXIBLE_INSTRUMENT;BLOCK;EUR;13;8.20000000;930;EXCHANGE_LAST;;1;1;XEUR;1152922947715860454;336;
16.05.2025;13:06:40.682;COF FI 20251223 PS AM C 70.0000 0;FLEXIBLE_INSTRUMENT;BLOCK;EUR;14;8.20000000;930;EXCHANGE_LAST;;1;1;XEUR;1152922947715860455;336;
16.05.2025;13:07:07.645;COF FI 20251223 PS AM C 55.0000 0;FLEXIBLE_INSTRUMENT;BLOCK;EUR;15;23.20000000;930;EXCHANGE_LAST;;1;1;XEUR;1152922947715860456;336;
16.05.2025;13:08:18.499;COF FI 20251230 PS AM C 55.0000 0;FLEXIBLE_INSTRUMENT;BLOCK;EUR;16;23.20000000;930;EXCHANGE_LAST;;1;1;XEUR;1152922947715860457;336;
16.05.2025;13:08:39.777;COF FI 20251230 PS AM C 70.0000 0;FLEXIBLE_INSTRUMENT;BLOCK;EUR;17;8.20000000;930;EXCHANGE_LAST;;1;1;XEUR;1152922947715860458;336;
16.05.2025;13:09:17.991;COF FI 20251211 PS AM C 70.0000 0;FLEXIBLE_INSTRUMENT;BLOCK;EUR;18;8.20000000;930;EXCHANGE_LAST;;1;1;XEUR;1152922947715860459;336;
16.05.2025;13:09:42.371;COF FI 20251211 PS AM C 55.0000 0;FLEXIBLE_INSTRUMENT;BLOCK;EUR;19;23.20000000;930;EXCHANGE_LAST;;1;1;XEUR;1152922947715860460;336;
16.05.2025;10:54:02.412;CRI5 SI 20271216 PS AM P 44.00 0;SIMPLE_INSTRUMENT;BLOCK;EUR;4;6.35000000;1750;EXCHANGE_LAST;;1;1;XEUR;10556019;320;
16.05.2025;15:24:06.512;CSFF SI 20250620 CS;SIMPLE_INSTRUMENT;BLOCK;EUR;134;248.40080000;2000;EXCHANGE_LAST;;1;1;XEUR;11171927;332;
16.05.2025;08:03:01.819;D3AI SI 20261218 CS;SIMPLE_INSTRUMENT;BLOCK;EUR;7;2.57000000;350;EXCHANGE_LAST;;3;1;XEUR;7144051;443197;
16.05.2025;08:11:31.205;D3AI SI 20261218 CS;SIMPLE_INSTRUMENT;BLOCK;EUR;12;2.57000000;50;EXCHANGE_LAST;;1;1;XEUR;7144051;443197;
16.05.2025;08:49:11.931;DAI SI 20250718 PS AM C 58.00 0;SIMPLE_INSTRUMENT;BLOCK;EUR;6;0.77000000;1000;EXCHANGE_LAST;;1;1;XEUR;13276252;443196;
16.05.2025;09:28:39.965;DBK SI 20271217 PS AM P 22.50 0;SIMPLE_INSTRUMENT;BLOCK;EUR;4;4.24000000;3000;EXCHANGE_LAST;;2;1;XEUR;11094235;362;
16.05.2025;11:10:33.715;DBKI SI 20250516 CS;SIMPLE_INSTRUMENT;BLOCK;EUR;64;25.03000000;4600;EXCHANGE_LAST;;1;1;XEUR;11057547;51566;
16.05.2025;11:50:39.210;DHE SI 20251219 PS AM P 14.00 0;SIMPLE_INSTRUMENT;BLOCK;EUR;20;0.74000000;1000;EXCHANGE_LAST;;1;1;XEUR;7427768;57135;
16.05.2025;09:27:31.315;DPW SI 20261218 PS AM C 44.00 0;SIMPLE_INSTRUMENT;BLOCK;EUR;6;3.02000000;1000;EXCHANGE_LAST;;1;1;XEUR;7156801;445;
16.05.2025;09:16:41.631;DTE SI 20251219 PS AM C 34.00 0;SIMPLE_INSTRUMENT;BLOCK;EUR;3;1.83000000;17500;EXCHANGE_LAST;;1;2;XEUR;12409336;424;
16.05.2025;09:18:21.749;DTE SI 20251219 PS AM C 34.00 0;SIMPLE_INSTRUMENT;BLOCK;EUR;4;1.83000000;2500;EXCHANGE_LAST;;1;1;XEUR;12409336;424;
16.05.2025;10:03:39.130;DTE SI 20251219 PS AM C 34.00 0;SIMPLE_INSTRUMENT;BLOCK;EUR;12;1.83000000;3000;EXCHANGE_LAST;;2;1;XEUR;12409336;424;
16.05.2025;14:35:14.511;DTE.O.250516.BER.000020;STANDARD_OPTION_STRATEGY;BLOCK;EUR;30;2.19000000;2000;EXCHANGE_LAST;;1;1;XEUR;72059415104108610;424;
16.05.2025;14:35:14.511;DTE SI 20251219 PS AM P 34.00 0;SIMPLE_INSTRUMENT;BLOCK;EUR;30;2.72000000;2000;PRC_DECOMP_EXCHANGE;;;;XEUR;12409335;424;EXCHANGE
16.05.2025;14:35:14.511;DTE SI 20251219 PS AM P 28.00 0;SIMPLE_INSTRUMENT;BLOCK;EUR;30;0.53000000;2000;PRC_DECOMP_EXCHANGE;;;;XEUR;6268407;424;EXCHANGE
16.05.2025;13:13:05.481;DYS1.O.250516.STD.000002;STANDARD_OPTION_STRATEGY;BLOCK;EUR;17;4.25000000;1000;EXCHANGE_LAST;;1;1;XEUR;72059634147398225;475;
16.05.2025;13:13:05.481;DYS1 SI 20250919 PS AM C 34.00 0;SIMPLE_INSTRUMENT;BLOCK;EUR;17;2.04000000;1000;PRC_DECOMP_EXCHANGE;;;;XEUR;11879454;475;EXCHANGE
16.05.2025;13:13:05.481;DYS1 SI 20250919 PS AM P 34.00 0;SIMPLE_INSTRUMENT;BLOCK;EUR;17;2.21000000;1000;PRC_DECOMP_EXCHANGE;;;;XEUR;11879452;475;EXCHANGE
16.05.2025;14:33:28.836;E2NL SI 20281215 CS;SIMPLE_INSTRUMENT;BLOCK;EUR;117;0.42000000;1000;EXCHANGE_LAST;;1;1;XEUR;6802276;471;
16.05.2025;14:50:43.490;E2NL SI 20261218 CS;SIMPLE_INSTRUMENT;BLOCK;EUR;124;0.46000000;1000;EXCHANGE_LAST;;2;1;XEUR;4632356;471;
16.05.2025;08:56:36.496;E2NT SI 20281215 CS;SIMPLE_INSTRUMENT;BLOCK;EUR;27;0.78500000;1600;EXCHANGE_LAST;;2;2;XEUR;6802271;470;
16.05.2025;09:37:50.951;E2NT SI 20261218 CS;SIMPLE_INSTRUMENT;BLOCK;EUR;37;0.98500000;500;EXCHANGE_LAST;;1;1;XEUR;4632357;470;
16.05.2025;09:54:34.648;E2NT SI 20261218 CS;SIMPLE_INSTRUMENT;BLOCK;EUR;43;0.98500000;300;EXCHANGE_LAST;;1;1;XEUR;4632357;470;
16.05.2025;09:59:19.376;E2NT SI 20281215 CS;SIMPLE_INSTRUMENT;BLOCK;EUR;45;0.78500000;750;EXCHANGE_LAST;;2;1;XEUR;6802271;470;
16.05.2025;11:59:43.624;E2NT SI 20271217 CS;SIMPLE_INSTRUMENT;BLOCK;EUR;69;0.87000000;250;EXCHANGE_LAST;;1;1;XEUR;5914575;470;
16.05.2025;13:48:15.581;E2NT SI 20261218 CS;SIMPLE_INSTRUMENT;BLOCK;EUR;98;0.99000000;750;EXCHANGE_LAST;;1;1;XEUR;4632357;470;
16.05.2025;13:47:11.937;E2NT SI 20261218 CS;SIMPLE_INSTRUMENT;BLOCK;EUR;100;0.98500000;1500;EXCHANGE_LAST;;2;1;XEUR;4632357;470;
16.05.2025;13:48:23.581;E2NT SI 20261218 CS;SIMPLE_INSTRUMENT;BLOCK;EUR;101;0.99000000;250;EXCHANGE_LAST;;1;1;XEUR;4632357;470;
16.05.2025;14:47:10.536;E2NT SI 20271217 CS;SIMPLE_INSTRUMENT;BLOCK;EUR;122;0.87700000;500;EXCHANGE_LAST;;1;2;XEUR;5914575;470;
16.05.2025;14:47:30.053;E2NT SI 20271217 CS;SIMPLE_INSTRUMENT;BLOCK;EUR;123;0.87800000;500;EXCHANGE_LAST;;1;2;XEUR;5914575;470;
16.05.2025;10:21:24.840;EAD SI 20250620 PS AM C 158.81 1;SIMPLE_INSTRUMENT;BLOCK;EUR;9;6.67000000;450;EXCHANGE_LAST;;1;1;XEUR;11013882;465;
16.05.2025;10:21:35.949;EAD SI 20250620 PS AM C 173.70 1;SIMPLE_INSTRUMENT;BLOCK;EUR;10;1.17000000;450;EXCHANGE_LAST;;1;1;XEUR;12602520;465;
16.05.2025;11:24:52.040;EAD.O.250516.BLT.000011;STANDARD_OPTION_STRATEGY;BLOCK;EUR;12;14.25000000;1000;EXCHANGE_LAST;;1;1;XEUR;72059591197748100;465;
16.05.2025;11:24:52.040;EAD SI 20250718 PS AM C 180.00 0;SIMPLE_INSTRUMENT;BLOCK;EUR;12;1.17000000;1000;PRC_DECOMP_EXCHANGE;;;;XEUR;13242308;465;EXCHANGE
16.05.2025;11:24:52.040;EAD SI 20261218 PS AM C 180.00 0;SIMPLE_INSTRUMENT;BLOCK;EUR;12;15.42000000;1000;PRC_DECOMP_EXCHANGE;;;;XEUR;13241329;465;EXCHANGE
16.05.2025;08:42:15.653;ENR SI 20250620 PS AM C 80.00 0;SIMPLE_INSTRUMENT;BLOCK;EUR;1;2.68000000;223;EXCHANGE_LAST;;1;1;XEUR;12327350;298530;
16.05.2025;08:42:20.690;ENR SI 20250620 PS AM C 84.00 0;SIMPLE_INSTRUMENT;BLOCK;EUR;2;1.54000000;212;EXCHANGE_LAST;;1;1;XEUR;12344740;298530;
16.05.2025;09:33:51.671;ENR SI 20260619 PS AM C 120.00 0;SIMPLE_INSTRUMENT;BLOCK;EUR;7;4.85000000;800;EXCHANGE_LAST;;1;1;XEUR;12690366;298530;
16.05.2025;10:04:00.479;ENR SI 20250620 PS AM C 82.00 0;SIMPLE_INSTRUMENT;BLOCK;EUR;13;2.15000000;2100;EXCHANGE_LAST;;1;4;XEUR;13307683;298530;
16.05.2025;11:40:46.913;ENR SI 20250516 PS AM C 76.00 0;SIMPLE_INSTRUMENT;BLOCK;EUR;16;0.02000000;10781;EXCHANGE_LAST;;1;1;XEUR;12873733;298530;
16.05.2025;11:42:27.912;ENR SI 20250530 PS AM C 82.00 0;SIMPLE_INSTRUMENT;BLOCK;EUR;17;0.12000000;10781;EXCHANGE_LAST;;1;1;XEUR;13375285;298530;
16.05.2025;11:42:43.112;ENR SI 20250516 PS AM C 76.00 0;SIMPLE_INSTRUMENT;BLOCK;EUR;18;0.02000000;11544;EXCHANGE_LAST;;1;1;XEUR;12873733;298530;
16.05.2025;11:42:43.360;ENR SI 20250530 PS AM C 80.00 0;SIMPLE_INSTRUMENT;BLOCK;EUR;19;0.42000000;11544;EXCHANGE_LAST;;1;1;XEUR;13350997;298530;
16.05.2025;12:21:13.472;ENTH SI 20250619 CS;SIMPLE_INSTRUMENT;BLOCK;EUR;76;13.21800000;3400;EXCHANGE_LAST;;1;1;XEUR;11165310;524973;
16.05.2025;11:39:17.376;ESL SI 20250620 PS AM P 220.00 0;SIMPLE_INSTRUMENT;BLOCK;EUR;14;0.46000000;250;EXCHANGE_LAST;;1;1;XEUR;11358171;481;
16.05.2025;11:39:18.433;ESL SI 20251219 PS AM P 240.00 0;SIMPLE_INSTRUMENT;BLOCK;EUR;15;8.96000000;250;EXCHANGE_LAST;;1;1;XEUR;6545652;481;
16.05.2025;11:35:35.967;F3IA SI 20261218 CS;SIMPLE_INSTRUMENT;BLOCK;EUR;65;0.40500000;200;EXCHANGE_LAST;;1;1;XEUR;6830373;390387;
16.05.2025;09:19:59.774;FBTP SI 20250606 PS;SIMPLE_INSTRUMENT;EFP_FIN;EUR;1;120.19000000;221;EXCHANGE_LAST;;1;1;XEUR;11820365;636;
16.05.2025;09:22:35.444;FBTP SI 20250606 PS;SIMPLE_INSTRUMENT;BLOCK;EUR;2;120.13000000;884;EXCHANGE_LAST;;1;1;XEUR;11820365;636;
16.05.2025;09:32:04.689;FBTP SI 20250606 PS;SIMPLE_INSTRUMENT;EFP_FIN;EUR;3;120.12000000;265;EXCHANGE_LAST;;1;1;XEUR;11820365;636;
16.05.2025;10:37:57.785;FBTP SI 20250606 PS;SIMPLE_INSTRUMENT;EFP_FIN;EUR;4;120.19000000;663;EXCHANGE_LAST;;1;1;XEUR;11820365;636;
16.05.2025;10:59:04.712;FBTP SI 20250606 PS;SIMPLE_INSTRUMENT;EFP_FIN;EUR;5;120.27000000;270;EXCHANGE_LAST;;1;1;XEUR;11820365;636;
16.05.2025;11:04:24.813;FBTP SI 20250606 PS;SIMPLE_INSTRUMENT;EFP_FIN;EUR;6;120.28000000;265;EXCHANGE_LAST;;1;1;XEUR;11820365;636;
16.05.2025;11:13:09.274;FBTP SI 20250606 PS;SIMPLE_INSTRUMENT;EFP_FIN;EUR;7;120.28000000;134;EXCHANGE_LAST;;1;1;XEUR;11820365;636;
16.05.2025;11:41:20.263;FBTP SI 20250606 PS;SIMPLE_INSTRUMENT;EFP_FIN;EUR;8;120.33000000;90;EXCHANGE_LAST;;1;1;XEUR;11820365;636;
16.05.2025;12:26:24.894;FBTP SI 20250606 PS;SIMPLE_INSTRUMENT;EFP_FIN;EUR;9;120.24000000;265;EXCHANGE_LAST;;1;1;XEUR;11820365;636;
16.05.2025;12:43:39.972;FBTP SI 20250606 PS;SIMPLE_INSTRUMENT;BLOCK;EUR;10;120.23000000;2211;EXCHANGE_LAST;;1;1;XEUR;11820365;636;
16.05.2025;12:53:38.873;FBTP SI 20250606 PS;SIMPLE_INSTRUMENT;EFP_FIN;EUR;11;120.24000000;716;EXCHANGE_LAST;;1;1;XEUR;11820365;636;
16.05.2025;13:15:52.072;FBTP SI 20250606 PS;SIMPLE_INSTRUMENT;EFP_FIN;EUR;12;120.27000000;2210;EXCHANGE_LAST;;1;1;XEUR;11820365;636;
16.05.2025;13:15:21.677;FBTP SI 20250606 PS;SIMPLE_INSTRUMENT;EFP_FIN;EUR;13;120.21000000;884;EXCHANGE_LAST;;1;1;XEUR;11820365;636;
16.05.2025;13:15:44.510;FBTP SI 20250606 PS;SIMPLE_INSTRUMENT;EFP_FIN;EUR;14;120.20000000;663;EXCHANGE_LAST;;1;1;XEUR;11820365;636;
16.05.2025;13:22:17.397;FBTP SI 20250606 PS;SIMPLE_INSTRUMENT;EFP_FIN;EUR;15;120.21000000;250;EXCHANGE_LAST;;1;1;XEUR;11820365;636;
16.05.2025;13:41:30.294;FBTP SI 20250606 PS;SIMPLE_INSTRUMENT;EFP_FIN;EUR;16;120.22000000;151;EXCHANGE_LAST;;1;1;XEUR;11820365;636;
16.05.2025;14:38:24.003;FBTP SI 20250606 PS;SIMPLE_INSTRUMENT;EFP_FIN;EUR;17;120.18000000;127;EXCHANGE_LAST;;1;1;XEUR;11820365;636;
16.05.2025;15:04:26.501;FBTP SI 20250606 PS;SIMPLE_INSTRUMENT;EFP_FIN;EUR;18;120.10000000;354;EXCHANGE_LAST;;1;1;XEUR;11820365;636;
16.05.2025;15:11:39.507;FBTP SI 20250606 PS;SIMPLE_INSTRUMENT;EFP_FIN;EUR;19;120.15000000;124;EXCHANGE_LAST;;1;1;XEUR;11820365;636;
16.05.2025;15:12:24.382;FBTP SI 20250606 PS;SIMPLE_INSTRUMENT;EFP_FIN;EUR;20;120.12000000;90;EXCHANGE_LAST;;1;1;XEUR;11820365;636;
16.05.2025;15:13:54.492;FBTP SI 20250606 PS;SIMPLE_INSTRUMENT;EFP_FIN;EUR;21;120.12000000;97;EXCHANGE_LAST;;1;1;XEUR;11820365;636;
16.05.2025;15:14:41.119;FBTP SI 20250606 PS;SIMPLE_INSTRUMENT;EFP_FIN;EUR;22;120.15000000;82;EXCHANGE_LAST;;1;1;XEUR;11820365;636;
16.05.2025;15:15:04.022;FBTP SI 20250606 PS;SIMPLE_INSTRUMENT;EFP_FIN;EUR;23;120.12000000;162;EXCHANGE_LAST;;1;1;XEUR;11820365;636;
16.05.2025;15:16:17.190;FBTP SI 20250606 PS;SIMPLE_INSTRUMENT;EFP_FIN;EUR;24;120.15000000;110;EXCHANGE_LAST;;1;1;XEUR;11820365;636;
16.05.2025;15:18:31.243;FBTP SI 20250606 PS;SIMPLE_INSTRUMENT;EFP_FIN;EUR;25;120.15000000;176;EXCHANGE_LAST;;1;1;XEUR;11820365;636;
16.05.2025;15:19:13.548;FBTP SI 20250606 PS;SIMPLE_INSTRUMENT;EFP_FIN;EUR;26;120.10000000;88;EXCHANGE_LAST;;1;1;XEUR;11820365;636;
16.05.2025;15:20:08.245;FBTP SI 20250606 PS;SIMPLE_INSTRUMENT;EFP_FIN;EUR;27;120.15000000;182;EXCHANGE_LAST;;1;1;XEUR;11820365;636;
16.05.2025;15:32:42.039;FBTP SI 20250606 PS;SIMPLE_INSTRUMENT;EFP_FIN;EUR;28;120.15000000;89;EXCHANGE_LAST;;1;1;XEUR;11820365;636;
16.05.2025;08:11:48.834;FBTS SI 20250606 PS;SIMPLE_INSTRUMENT;BLOCK;EUR;7;107.93000000;1321;EXCHANGE_LAST;;1;1;XEUR;11820367;639;
16.05.2025;09:55:09.356;FBTS SI 20250606 PS;SIMPLE_INSTRUMENT;EFP_FIN;EUR;12;107.95000000;2104;EXCHANGE_LAST;;1;1;XEUR;11820367;639;
16.05.2025;10:33:24.347;FBTS SI 20250606 PS;SIMPLE_INSTRUMENT;EFP_FIN;EUR;15;107.96000000;1108;EXCHANGE_LAST;;1;1;XEUR;11820367;639;
16.05.2025;10:59:49.052;FBTS SI 20250606 PS;SIMPLE_INSTRUMENT;EFP_FIN;EUR;17;107.96000000;1060;EXCHANGE_LAST;;1;1;XEUR;11820367;639;
16.05.2025;13:26:55.020;FBTS SI 20250606 PS;SIMPLE_INSTRUMENT;EFP_FIN;EUR;20;107.96000000;476;EXCHANGE_LAST;;1;1;XEUR;11820367;639;
16.05.2025;13:27:25.382;FBTS SI 20250606 PS;SIMPLE_INSTRUMENT;EFP_FIN;EUR;21;107.96000000;476;EXCHANGE_LAST;;1;1;XEUR;11820367;639;
16.05.2025;13:30:11.885;FBTS SI 20250606 PS;SIMPLE_INSTRUMENT;EFP_FIN;EUR;22;107.96000000;952;EXCHANGE_LAST;;1;1;XEUR;11820367;639;
16.05.2025;13:47:16.932;FBTS SI 20250606 PS;SIMPLE_INSTRUMENT;EFP_FIN;EUR;24;107.97000000;714;EXCHANGE_LAST;;1;1;XEUR;11820367;639;
16.05.2025;13:52:02.579;FBTS SI 20250606 PS;SIMPLE_INSTRUMENT;EFP_FIN;EUR;25;107.96000000;2382;EXCHANGE_LAST;;1;1;XEUR;11820367;639;
16.05.2025;15:04:16.377;FBTS SI 20250606 PS;SIMPLE_INSTRUMENT;EFP_FIN;EUR;27;107.95000000;952;EXCHANGE_LAST;;1;1;XEUR;11820367;639;
16.05.2025;12:25:05.471;FCBU SI 20250603 CS;SIMPLE_INSTRUMENT;BLOCK;USD;2;0.17490000;300;EXCHANGE_LAST;;1;1;XEUR;11280122;570870;
16.05.2025;11:01:18.426;FCPU SI 20250616 PS;SIMPLE_INSTRUMENT;BLOCK;USD;1;1.32960000;857;EXCHANGE_LAST;;1;1;XEUR;7879040;369379;
16.05.2025;08:48:05.927;FD3D SI 20261218 CS;SIMPLE_INSTRUMENT;BLOCK;EUR;1;111.50000000;600;EXCHANGE_LAST;;3;1;XEUR;7158183;588;
16.05.2025;13:04:20.873;FD3D SI 20261218 CS;SIMPLE_INSTRUMENT;BLOCK;EUR;12;111.50000000;250;EXCHANGE_LAST;;1;1;XEUR;7158183;588;
16.05.2025;15:01:33.220;FDAX SI 20250620 CS;SIMPLE_INSTRUMENT;BLOCK;EUR;1;23750.00000000;300;EXCHANGE_LAST;;1;1;XEUR;7903800;589;
16.05.2025;15:39:07.021;FDAX SI 20250620 CS;SIMPLE_INSTRUMENT;EFP_IDX;EUR;2;23831.00000000;17;EXCHANGE_LAST;;1;1;XEUR;7903800;589;
16.05.2025;15:39:20.923;FDAX SI 20250620 CS;SIMPLE_INSTRUMENT;EFP_IDX;EUR;3;23832.00000000;13;EXCHANGE_LAST;;1;1;XEUR;7903800;589;
16.05.2025;15:42:05.532;FDAX SI 20250620 CS;SIMPLE_INSTRUMENT;EFP_IDX;EUR;4;23830.00000000;14;EXCHANGE_LAST;;1;1;XEUR;7903800;589;
16.05.2025;15:42:12.842;FDAX SI 20250620 CS;SIMPLE_INSTRUMENT;EFP_IDX;EUR;5;23831.00000000;11;EXCHANGE_LAST;;1;1;XEUR;7903800;589;
16.05.2025;15:45:10.470;FDAX SI 20250620 CS;SIMPLE_INSTRUMENT;EFP_IDX;EUR;6;23830.00000000;23;EXCHANGE_LAST;;1;1;XEUR;7903800;589;
16.05.2025;15:45:00.860;FDAX SI 20250620 CS;SIMPLE_INSTRUMENT;EFP_IDX;EUR;7;23831.00000000;17;EXCHANGE_LAST;;1;1;XEUR;7903800;589;
16.05.2025;15:50:59.253;FDAX SI 20250620 CS;SIMPLE_INSTRUMENT;EFP_IDX;EUR;8;23829.00000000;14;EXCHANGE_LAST;;1;1;XEUR;7903800;589;
16.05.2025;15:51:08.286;FDAX SI 20250620 CS;SIMPLE_INSTRUMENT;EFP_IDX;EUR;9;23830.00000000;11;EXCHANGE_LAST;;1;1;XEUR;7903800;589;
16.05.2025;08:03:29.781;FDAX SI 20250620 CS;SIMPLE_INSTRUMENT;VOLA;EUR;671088643;23917.00000000;26;EXCHANGE_LAST;;1;1;XEUR;7903800;589;
16.05.2025;08:27:21.165;FDAX SI 20250620 CS;SIMPLE_INSTRUMENT;VOLA;EUR;671088646;23950.00000000;26;EXCHANGE_LAST;;1;1;XEUR;7903800;589;
16.05.2025;08:27:17.848;FDAX SI 20250620 CS;SIMPLE_INSTRUMENT;VOLA;EUR;671088647;23950.00000000;31;EXCHANGE_LAST;;1;1;XEUR;7903800;589;
16.05.2025;09:41:30.520;FDAX SI 20250620 CS;SIMPLE_INSTRUMENT;VOLA;EUR;671088654;23915.00000000;17;EXCHANGE_LAST;;1;1;XEUR;7903800;589;
16.05.2025;10:42:59.916;FDAX SI 20250620 CS;SIMPLE_INSTRUMENT;VOLA;EUR;671088663;23905.00000000;31;EXCHANGE_LAST;;1;1;XEUR;7903800;589;
16.05.2025;15:07:58.083;FDAX SI 20250620 CS;SIMPLE_INSTRUMENT;VOLA;EUR;671088676;23761.00000000;5;EXCHANGE_LAST;;1;1;XEUR;7903800;589;
16.05.2025;15:33:56.682;FDAX SI 20250620 CS;SIMPLE_INSTRUMENT;VOLA;EUR;671088679;23800.00000000;81;EXCHANGE_LAST;;1;1;XEUR;7903800;589;
16.05.2025;15:33:58.842;FDAX SI 20250620 CS;SIMPLE_INSTRUMENT;VOLA;EUR;671088680;23800.00000000;42;EXCHANGE_LAST;;1;1;XEUR;7903800;589;
16.05.2025;09:55:10.071;FEBD SI 20261218 CS;SIMPLE_INSTRUMENT;BLOCK;EUR;3;10.56000000;100;EXCHANGE_LAST;;1;1;XEUR;7158212;597;
16.05.2025;14:44:04.267;FEBD SI 20261218 CS;SIMPLE_INSTRUMENT;BLOCK;EUR;24;10.56000000;400;EXCHANGE_LAST;;2;1;XEUR;7158212;597;
16.05.2025;09:52:12.074;FEDV SI 20250620 CS;SIMPLE_INSTRUMENT;BLOCK;EUR;2;1972.00000000;900;EXCHANGE_LAST;;1;1;XEUR;11880642;596;
16.05.2025;10:02:36.340;FEDV SI 20250620 CS;SIMPLE_INSTRUMENT;BLOCK;EUR;4;1972.00000000;450;EXCHANGE_LAST;;1;1;XEUR;11880642;596;
16.05.2025;15:40:17.646;FEDV SI 20250620 CS;SIMPLE_INSTRUMENT;BLOCK;EUR;34;1968.00000000;1000;EXCHANGE_LAST;;1;1;XEUR;11880642;596;
16.05.2025;15:50:54.355;FEDV SI 20250620 CS;SIMPLE_INSTRUMENT;BLOCK;EUR;45;1972.00000000;452;EXCHANGE_LAST;;1;1;XEUR;11880642;596;
16.05.2025;15:51:14.314;FEDV SI 20250620 CS;SIMPLE_INSTRUMENT;BLOCK;EUR;46;1971.50000000;384;EXCHANGE_LAST;;1;1;XEUR;11880642;596;
16.05.2025;10:03:36.123;FEHY SI 20250620 CS;SIMPLE_INSTRUMENT;BLOCK;EUR;5;300.38000000;250;EXCHANGE_LAST;;1;1;XEUR;11949378;574047;
16.05.2025;15:09:13.964;FES1 SI 20250620 PS;SIMPLE_INSTRUMENT;BLOCK;EUR;30;-8.00000000;1000;EXCHANGE_LAST;;1;1;XEUR;11910814;58959;
16.05.2025;09:34:36.773;FESB SI 20250620 CS;SIMPLE_INSTRUMENT;BLOCK;EUR;46;198.75000000;3527;EXCHANGE_LAST;;1;1;XEUR;11880665;605;
16.05.2025;15:53:08.304;FESB SI 20250620 CS;SIMPLE_INSTRUMENT;EFP_IDX;EUR;56;199.35000000;3500;EXCHANGE_LAST;;1;1;XEUR;11880665;605;
16.05.2025;15:53:16.420;FESB SI 20250620 CS;SIMPLE_INSTRUMENT;EFP_IDX;EUR;57;199.40000000;1500;EXCHANGE_LAST;;1;1;XEUR;11880665;605;
16.05.2025;15:51:23.223;FESB SI 20250620 CS;SIMPLE_INSTRUMENT;EFP_IDX;EUR;60;199.35000000;3500;EXCHANGE_LAST;;1;1;XEUR;11880665;605;
16.05.2025;15:50:58.540;FESB SI 20250620 CS;SIMPLE_INSTRUMENT;EFP_IDX;EUR;61;199.40000000;1500;EXCHANGE_LAST;;1;1;XEUR;11880665;605;
16.05.2025;10:07:53.323;FESB SI 20250620 CS;SIMPLE_INSTRUMENT;VOLA;EUR;603979798;199.30000000;400;EXCHANGE_LAST;;1;1;XEUR;11880665;605;
16.05.2025;12:52:54.622;FESB SI 20250620 CS;SIMPLE_INSTRUMENT;VOLA;EUR;603979804;198.00000000;747;EXCHANGE_LAST;;1;1;XEUR;11880665;605;
16.05.2025;12:53:06.103;FESB SI 20250620 CS;SIMPLE_INSTRUMENT;VOLA;EUR;603979805;199.00000000;507;EXCHANGE_LAST;;1;1;XEUR;11880665;605;
16.05.2025;15:46:39.403;FESB SI 20250620 CS;SIMPLE_INSTRUMENT;VOLA;EUR;603979820;199.10000000;300;EXCHANGE_LAST;;1;1;XEUR;11880665;605;
16.05.2025;15:46:20.473;FESL SI 20250620 CS;SIMPLE_INSTRUMENT;BLOCK;EUR;1;149.20000000;300;EXCHANGE_LAST;;1;1;XEUR;11881191;680;
16.05.2025;15:46:46.249;FESL SI 20250620 CS;SIMPLE_INSTRUMENT;BLOCK;EUR;2;149.30000000;1200;EXCHANGE_LAST;;1;1;XEUR;11881191;680;
16.05.2025;09:16:15.325;FESX SI 20250620 CS;SIMPLE_INSTRUMENT;BLOCK;EUR;1;5433.00000000;2070;EXCHANGE_LAST;;1;1;XEUR;7904020;675;
16.05.2025;12:04:33.106;FESX SI 20250620 CS;SIMPLE_INSTRUMENT;BLOCK;EUR;5;5430.00000000;6500;EXCHANGE_LAST;;1;1;XEUR;7904020;675;
16.05.2025;14:24:59.256;FESX SI 20250620 CS;SIMPLE_INSTRUMENT;BLOCK;EUR;8;5400.00000000;2371;EXCHANGE_LAST;;1;1;XEUR;7904020;675;
16.05.2025;14:58:21.949;FESX SI 20250620 CS;SIMPLE_INSTRUMENT;BLOCK;EUR;9;5410.00000000;3000;EXCHANGE_LAST;;1;1;XEUR;7904020;675;
16.05.2025;15:42:00.094;FESX SI 20250620 CS;SIMPLE_INSTRUMENT;EFP_IDX;EUR;10;5419.00000000;446;EXCHANGE_LAST;;1;1;XEUR;7904020;675;
16.05.2025;15:41:51.169;FESX SI 20250620 CS;SIMPLE_INSTRUMENT;EFP_IDX;EUR;11;5420.00000000;304;EXCHANGE_LAST;;1;1;XEUR;7904020;675;
16.05.2025;15:45:35.967;FESX SI 20250620 CS;SIMPLE_INSTRUMENT;EFP_IDX;EUR;12;5419.00000000;470;EXCHANGE_LAST;;1;1;XEUR;7904020;675;
16.05.2025;15:45:42.090;FESX SI 20250620 CS;SIMPLE_INSTRUMENT;EFP_IDX;EUR;13;5420.00000000;530;EXCHANGE_LAST;;1;1;XEUR;7904020;675;
16.05.2025;15:43:51.370;FESX SI 20250620 CS;SIMPLE_INSTRUMENT;EFP_IDX;EUR;14;5415.00000000;102;EXCHANGE_LAST;;1;1;XEUR;7904020;675;
16.05.2025;15:43:51.370;FESX SI 20250620 CS;SIMPLE_INSTRUMENT;EFP_IDX;EUR;15;5423.00000000;125;EXCHANGE_LAST;;1;1;XEUR;7904020;675;
16.05.2025;15:57:00.213;FESX SI 20250620 CS;SIMPLE_INSTRUMENT;EFP_IDX;EUR;16;5419.00000000;235;EXCHANGE_LAST;;1;1;XEUR;7904020;675;
16.05.2025;15:56:49.864;FESX SI 20250620 CS;SIMPLE_INSTRUMENT;EFP_IDX;EUR;17;5420.00000000;265;EXCHANGE_LAST;;1;1;XEUR;7904020;675;
16.05.2025;16:05:36.919;FESX SI 20250620 CS;SIMPLE_INSTRUMENT;EFP_IDX;EUR;18;5420.00000000;80;EXCHANGE_LAST;;1;1;XEUR;7904020;675;
16.05.2025;16:05:56.267;FESX SI 20250620 CS;SIMPLE_INSTRUMENT;EFP_IDX;EUR;19;5419.00000000;121;EXCHANGE_LAST;;1;1;XEUR;7904020;675;
16.05.2025;07:53:37.555;FESX SI 20250620 CS;SIMPLE_INSTRUMENT;VOLA;EUR;637534227;5405.00000000;10;EXCHANGE_LAST;;1;1;XEUR;7904020;675;
16.05.2025;08:28:55.839;FESX SI 20250620 CS;SIMPLE_INSTRUMENT;VOLA;EUR;637534248;5427.00000000;829;EXCHANGE_LAST;;1;1;XEUR;7904020;675;
16.05.2025;08:30:28.307;FESX SI 20250620 CS;SIMPLE_INSTRUMENT;VOLA;EUR;637534251;5432.00000000;50;EXCHANGE_LAST;;1;1;XEUR;7904020;675;
16.05.2025;08:38:54.156;FESX SI 20250620 CS;SIMPLE_INSTRUMENT;VOLA;EUR;637534257;5430.00000000;1535;EXCHANGE_LAST;;1;1;XEUR;7904020;675;
16.05.2025;09:46:16.357;FESX SI 20250620 CS;SIMPLE_INSTRUMENT;VOLA;EUR;637534292;5433.00000000;63;EXCHANGE_LAST;;1;1;XEUR;7904020;675;
16.05.2025;10:04:13.459;FESX SI 20250620 CS;SIMPLE_INSTRUMENT;VOLA;EUR;637534304;5435.00000000;100;EXCHANGE_LAST;;1;1;XEUR;7904020;675;
16.05.2025;12:15:25.237;FESX SI 20250620 CS;SIMPLE_INSTRUMENT;VOLA;EUR;637534338;5427.00000000;405;EXCHANGE_LAST;;1;1;XEUR;7904020;675;
16.05.2025;12:27:09.569;FESX SI 20250620 CS;SIMPLE_INSTRUMENT;VOLA;EUR;637534340;5426.00000000;110;EXCHANGE_LAST;;1;1;XEUR;7904020;675;
16.05.2025;12:53:11.331;FESX SI 20250620 CS;SIMPLE_INSTRUMENT;VOLA;EUR;637534349;5425.00000000;440;EXCHANGE_LAST;;1;1;XEUR;7904020;675;
16.05.2025;13:55:28.840;FESX SI 20250620 CS;SIMPLE_INSTRUMENT;VOLA;EUR;637534371;5404.00000000;42;EXCHANGE_LAST;;1;1;XEUR;7904020;675;
16.05.2025;15:45:10.643;FESX SI 20250620 CS;SIMPLE_INSTRUMENT;VOLA;EUR;637534412;5410.00000000;429;EXCHANGE_LAST;;1;1;XEUR;7904020;675;
16.05.2025;12:59:47.093;FEU3 SI 20250915 CS;SIMPLE_INSTRUMENT;BLOCK;EUR;27;98.14000000;4000;EXCHANGE_LAST;;1;1;XEUR;4396833;702;
16.05.2025;13:13:54.371;FEU3 SI 20251215 CS;SIMPLE_INSTRUMENT;BLOCK;EUR;30;98.23000000;3000;EXCHANGE_LAST;;1;1;XEUR;4624157;702;
16.05.2025;14:11:01.234;FEU3 SI 20260316 CS;SIMPLE_INSTRUMENT;BLOCK;EUR;37;98.24000000;5000;EXCHANGE_LAST;;1;1;XEUR;4993987;702;
16.05.2025;10:18:15.681;FEXD SI 20271217 CS;SIMPLE_INSTRUMENT;BLOCK;EUR;6;152.00000000;500;EXCHANGE_LAST;;1;1;XEUR;2848338;693;
16.05.2025;10:18:15.942;FEXD SI 20271217 CS;SIMPLE_INSTRUMENT;BLOCK;EUR;7;151.90000000;500;EXCHANGE_LAST;;1;1;XEUR;2848338;693;
16.05.2025;13:08:24.180;FEXD SI 20281215 CS;SIMPLE_INSTRUMENT;BLOCK;EUR;13;147.30000000;350;EXCHANGE_LAST;;1;1;XEUR;3680985;693;
16.05.2025;13:33:56.022;FEXD SI 20271217 CS;SIMPLE_INSTRUMENT;BLOCK;EUR;16;151.40000000;115;EXCHANGE_LAST;;1;1;XEUR;2848338;693;
16.05.2025;13:33:58.055;FEXD SI 20271217 CS;SIMPLE_INSTRUMENT;BLOCK;EUR;17;151.30000000;115;EXCHANGE_LAST;;1;1;XEUR;2848338;693;
16.05.2025;14:24:16.705;FEXD SI 20271217 CS;SIMPLE_INSTRUMENT;BLOCK;EUR;19;151.40000000;150;EXCHANGE_LAST;;1;1;XEUR;2848338;693;
16.05.2025;14:43:42.286;FEXD SI 20271217 CS;SIMPLE_INSTRUMENT;BLOCK;EUR;21;151.40000000;150;EXCHANGE_LAST;;1;1;XEUR;2848338;693;
16.05.2025;14:42:42.705;FEXD SI 20271217 CS;SIMPLE_INSTRUMENT;BLOCK;EUR;25;151.20000000;250;EXCHANGE_LAST;;1;1;XEUR;2848338;693;
16.05.2025;15:21:42.334;FEXD.S.DEC26.DEC27.SPD;FUTURES_SPREAD;BLOCK;EUR;31;4.40000000;250;EXCHANGE_LAST;;1;1;XEUR;72060570450264153;693;
16.05.2025;15:21:42.334;FEXD SI 20271217 CS;SIMPLE_INSTRUMENT;BLOCK;EUR;31;151.50000000;250;PRC_DECOMP_EXCHANGE;;;;XEUR;2848338;693;EXCHANGE
16.05.2025;15:21:42.334;FEXD SI 20261218 CS;SIMPLE_INSTRUMENT;BLOCK;EUR;31;155.90000000;250;PRC_DECOMP_EXCHANGE;;;;XEUR;2163053;693;EXCHANGE
16.05.2025;15:23:27.384;FEXD SI 20281215 CS;SIMPLE_INSTRUMENT;BLOCK;EUR;32;147.30000000;250;EXCHANGE_LAST;;1;1;XEUR;3680985;693;
16.05.2025;15:23:08.665;FEXD SI 20271217 CS;SIMPLE_INSTRUMENT;BLOCK;EUR;33;151.30000000;250;EXCHANGE_LAST;;1;1;XEUR;2848338;693;
16.05.2025;15:49:51.814;FEXD SI 20261218 CS;SIMPLE_INSTRUMENT;BLOCK;EUR;47;156.00000000;500;EXCHANGE_LAST;;1;1;XEUR;2163053;693;
16.05.2025;15:55:01.105;FEXD SI 20271217 CS;SIMPLE_INSTRUMENT;BLOCK;EUR;54;151.50000000;100;EXCHANGE_LAST;;1;1;XEUR;2848338;693;
16.05.2025;16:17:44.342;FEXD SI 20271217 CS;SIMPLE_INSTRUMENT;BLOCK;EUR;59;151.30000000;100;EXCHANGE_LAST;;1;1;XEUR;2848338;693;
16.05.2025;16:18:26.814;FEXD SI 20281215 CS;SIMPLE_INSTRUMENT;BLOCK;EUR;60;147.30000000;100;EXCHANGE_LAST;;1;1;XEUR;3680985;693;
16.05.2025;06:54:30.489;FGBL SI 20250606 PS;SIMPLE_INSTRUMENT;EFP_FIN;EUR;1;130.41000000;3000;EXCHANGE_LAST;;1;1;XEUR;11820389;688;
16.05.2025;07:13:42.755;FGBL SI 20250606 PS;SIMPLE_INSTRUMENT;EFP_FIN;EUR;2;130.41000000;1500;EXCHANGE_LAST;;1;1;XEUR;11820389;688;
16.05.2025;07:15:27.481;FGBL SI 20250606 PS;SIMPLE_INSTRUMENT;EFS;EUR;3;129.87000000;435;EXCHANGE_LAST;;1;1;XEUR;11820389;688;
16.05.2025;07:20:57.149;FGBL SI 20250606 PS;SIMPLE_INSTRUMENT;EFS;EUR;4;130.44000000;531;EXCHANGE_LAST;;1;1;XEUR;11820389;688;
16.05.2025;07:43:18.384;FGBL SI 20250606 PS;SIMPLE_INSTRUMENT;EFP_FIN;EUR;5;130.40000000;207;EXCHANGE_LAST;;1;1;XEUR;11820389;688;
16.05.2025;07:33:17.400;FGBL SI 20250606 PS;SIMPLE_INSTRUMENT;EFS;EUR;6;130.38000000;434;EXCHANGE_LAST;;1;1;XEUR;11820389;688;
16.05.2025;07:43:28.533;FGBL SI 20250606 PS;SIMPLE_INSTRUMENT;EFP_FIN;EUR;7;130.35000000;748;EXCHANGE_LAST;;1;1;XEUR;11820389;688;
16.05.2025;07:54:44.944;FGBL SI 20250606 PS;SIMPLE_INSTRUMENT;EFS;EUR;8;130.38000000;490;EXCHANGE_LAST;;1;1;XEUR;11820389;688;
16.05.2025;07:55:39.038;FGBL SI 20250606 PS;SIMPLE_INSTRUMENT;EFP_FIN;EUR;9;130.36000000;374;EXCHANGE_LAST;;1;1;XEUR;11820389;688;
16.05.2025;08:00:19.074;FGBL SI 20250606 PS;SIMPLE_INSTRUMENT;EFS;EUR;10;130.37000000;195;EXCHANGE_LAST;;1;1;XEUR;11820389;688;
16.05.2025;08:03:10.200;FGBL SI 20250606 PS;SIMPLE_INSTRUMENT;EFS;EUR;11;130.31000000;985;EXCHANGE_LAST;;1;1;XEUR;11820389;688;
16.05.2025;08:05:56.015;FGBL SI 20250606 PS;SIMPLE_INSTRUMENT;EFS;EUR;12;130.31000000;435;EXCHANGE_LAST;;1;1;XEUR;11820389;688;
16.05.2025;08:06:46.154;FGBL SI 20250606 PS;SIMPLE_INSTRUMENT;EFP_FIN;EUR;13;130.40000000;1497;EXCHANGE_LAST;;1;1;XEUR;11820389;688;
16.05.2025;08:10:51.225;FGBL SI 20250606 PS;SIMPLE_INSTRUMENT;EFS;EUR;14;130.30000000;435;EXCHANGE_LAST;;1;1;XEUR;11820389;688;
16.05.2025;08:14:41.373;FGBL SI 20250606 PS;SIMPLE_INSTRUMENT;EFS;EUR;15;130.34000000;217;EXCHANGE_LAST;;1;1;XEUR;11820389;688;
16.05.2025;08:15:21.403;FGBL SI 20250606 PS;SIMPLE_INSTRUMENT;EFS;EUR;16;130.30000000;435;EXCHANGE_LAST;;1;1;XEUR;11820389;688;
16.05.2025;08:16:06.439;FGBL SI 20250606 PS;SIMPLE_INSTRUMENT;EFS;EUR;17;130.37000000;217;EXCHANGE_LAST;;1;1;XEUR;11820389;688;
16.05.2025;08:22:06.742;FGBL SI 20250606 PS;SIMPLE_INSTRUMENT;EFS;EUR;18;130.33000000;496;EXCHANGE_LAST;;1;1;XEUR;11820389;688;
16.05.2025;08:33:12.141;FGBL SI 20250606 PS;SIMPLE_INSTRUMENT;EFS;EUR;19;130.39000000;435;EXCHANGE_LAST;;1;1;XEUR;11820389;688;
16.05.2025;08:42:54.725;FGBL SI 20250606 PS;SIMPLE_INSTRUMENT;EFP_FIN;EUR;20;130.30000000;84;EXCHANGE_LAST;;1;1;XEUR;11820389;688;
16.05.2025;08:42:17.197;FGBL SI 20250606 PS;SIMPLE_INSTRUMENT;EFS;EUR;21;130.31000000;267;EXCHANGE_LAST;;1;1;XEUR;11820389;688;
16.05.2025;08:42:39.518;FGBL SI 20250606 PS;SIMPLE_INSTRUMENT;EFS;EUR;22;130.40000000;435;EXCHANGE_LAST;;1;1;XEUR;11820389;688;
16.05.2025;08:42:49.526;FGBL SI 20250606 PS;SIMPLE_INSTRUMENT;EFS;EUR;23;130.40000000;435;EXCHANGE_LAST;;1;1;XEUR;11820389;688;
16.05.2025;08:42:59.536;FGBL SI 20250606 PS;SIMPLE_INSTRUMENT;EFS;EUR;24;130.40000000;869;EXCHANGE_LAST;;1;1;XEUR;11820389;688;
16.05.2025;08:43:43.165;FGBL SI 20250606 PS;SIMPLE_INSTRUMENT;EFS;EUR;25;130.39000000;211;EXCHANGE_LAST;;1;1;XEUR;11820389;688;
16.05.2025;08:50:47.590;FGBL SI 20250606 PS;SIMPLE_INSTRUMENT;EFS;EUR;26;130.39000000;434;EXCHANGE_LAST;;1;1;XEUR;11820389;688;
16.05.2025;08:50:56.869;FGBL SI 20250606 PS;SIMPLE_INSTRUMENT;EFS;EUR;27;130.40000000;197;EXCHANGE_LAST;;1;1;XEUR;11820389;688;
16.05.2025;08:53:24.528;FGBL SI 20250606 PS;SIMPLE_INSTRUMENT;EFS;EUR;28;130.34000000;246;EXCHANGE_LAST;;1;1;XEUR;11820389;688;
16.05.2025;08:55:01.112;FGBL SI 20250606 PS;SIMPLE_INSTRUMENT;EFS;EUR;29;130.39000000;886;EXCHANGE_LAST;;1;1;XEUR;11820389;688;
16.05.2025;09:02:19.833;FGBL SI 20250606 PS;SIMPLE_INSTRUMENT;EFS;EUR;30;130.43000000;217;EXCHANGE_LAST;;1;1;XEUR;11820389;688;
16.05.2025;09:02:42.347;FGBL SI 20250606 PS;SIMPLE_INSTRUMENT;EFS;EUR;31;130.43000000;217;EXCHANGE_LAST;;1;1;XEUR;11820389;688;
16.05.2025;09:07:50.983;FGBL SI 20250606 PS;SIMPLE_INSTRUMENT;EFS;EUR;32;130.48000000;490;EXCHANGE_LAST;;1;1;XEUR;11820389;688;
16.05.2025;09:12:12.265;FGBL SI 20250606 PS;SIMPLE_INSTRUMENT;EFS;EUR;33;130.47000000;300;EXCHANGE_LAST;;1;1;XEUR;11820389;688;
16.05.2025;09:13:02.331;FGBL SI 20250606 PS;SIMPLE_INSTRUMENT;EFS;EUR;34;130.46000000;434;EXCHANGE_LAST;;1;1;XEUR;11820389;688;
16.05.2025;09:27:46.426;FGBL SI 20250606 PS;SIMPLE_INSTRUMENT;EFP_FIN;EUR;35;130.47000000;120;EXCHANGE_LAST;;1;1;XEUR;11820389;688;
16.05.2025;09:30:27.435;FGBL SI 20250606 PS;SIMPLE_INSTRUMENT;EFS;EUR;36;130.58000000;87;EXCHANGE_LAST;;1;1;XEUR;11820389;688;
16.05.2025;09:30:42.448;FGBL SI 20250606 PS;SIMPLE_INSTRUMENT;EFS;EUR;37;130.58000000;347;EXCHANGE_LAST;;1;1;XEUR;11820389;688;
16.05.2025;09:36:39.062;FGBL SI 20250606 PS;SIMPLE_INSTRUMENT;EFP_FIN;EUR;38;130.45000000;433;EXCHANGE_LAST;;1;1;XEUR;11820389;688;
16.05.2025;09:38:10.049;FGBL SI 20250606 PS;SIMPLE_INSTRUMENT;EFS;EUR;39;130.48000000;434;EXCHANGE_LAST;;1;1;XEUR;11820389;688;
16.05.2025;09:45:35.541;FGBL SI 20250606 PS;SIMPLE_INSTRUMENT;EFP_FIN;EUR;40;130.56000000;168;EXCHANGE_LAST;;1;1;XEUR;11820389;688;
16.05.2025;10:01:56.322;FGBL SI 20250606 PS;SIMPLE_INSTRUMENT;EFP_FIN;EUR;41;130.34000000;890;EXCHANGE_LAST;;1;1;XEUR;11820389;688;
16.05.2025;10:05:09.843;FGBL SI 20250606 PS;SIMPLE_INSTRUMENT;EFS;EUR;42;130.58000000;217;EXCHANGE_LAST;;1;1;XEUR;11820389;688;
16.05.2025;10:08:21.230;FGBL SI 20250606 PS;SIMPLE_INSTRUMENT;EFS;EUR;43;130.58000000;434;EXCHANGE_LAST;;1;1;XEUR;11820389;688;
16.05.2025;10:19:46.233;FGBL SI 20250606 PS;SIMPLE_INSTRUMENT;EFP_FIN;EUR;44;130.54000000;145;EXCHANGE_LAST;;1;1;XEUR;11820389;688;
16.05.2025;10:21:35.378;FGBL SI 20250606 PS;SIMPLE_INSTRUMENT;EFS;EUR;45;130.60000000;217;EXCHANGE_LAST;;1;1;XEUR;11820389;688;
16.05.2025;10:22:03.294;FGBL SI 20250606 PS;SIMPLE_INSTRUMENT;EFS;EUR;46;130.60000000;217;EXCHANGE_LAST;;1;1;XEUR;11820389;688;
16.05.2025;10:24:14.684;FGBL SI 20250606 PS;SIMPLE_INSTRUMENT;EFS;EUR;47;130.64000000;300;EXCHANGE_LAST;;1;1;XEUR;11820389;688;
16.05.2025;10:29:39.520;FGBL SI 20250606 PS;SIMPLE_INSTRUMENT;EFS;EUR;48;130.63000000;460;EXCHANGE_LAST;;1;1;XEUR;11820389;688;
16.05.2025;10:30:30.894;FGBL SI 20250606 PS;SIMPLE_INSTRUMENT;EFS;EUR;49;130.58000000;176;EXCHANGE_LAST;;1;1;XEUR;11820389;688;
16.05.2025;10:36:25.629;FGBL SI 20250606 PS;SIMPLE_INSTRUMENT;EFS;EUR;50;130.59000000;737;EXCHANGE_LAST;;1;1;XEUR;11820389;688;
16.05.2025;10:37:48.974;FGBL SI 20250606 PS;SIMPLE_INSTRUMENT;EFP_FIN;EUR;51;130.61000000;210;EXCHANGE_LAST;;1;1;XEUR;11820389;688;
16.05.2025;10:44:08.581;FGBL SI 20250606 PS;SIMPLE_INSTRUMENT;EFS;EUR;52;130.58000000;657;EXCHANGE_LAST;;1;1;XEUR;11820389;688;
16.05.2025;10:45:02.995;FGBL SI 20250606 PS;SIMPLE_INSTRUMENT;EFP_FIN;EUR;53;130.62000000;207;EXCHANGE_LAST;;1;1;XEUR;11820389;688;
16.05.2025;10:45:59.323;FGBL SI 20250606 PS;SIMPLE_INSTRUMENT;EFP_FIN;EUR;54;130.62000000;83;EXCHANGE_LAST;;1;1;XEUR;11820389;688;
16.05.2025;10:46:33.625;FGBL SI 20250606 PS;SIMPLE_INSTRUMENT;EFS;EUR;55;130.59000000;343;EXCHANGE_LAST;;1;1;XEUR;11820389;688;
16.05.2025;10:49:05.761;FGBL SI 20250606 PS;SIMPLE_INSTRUMENT;EFS;EUR;56;130.59000000;217;EXCHANGE_LAST;;1;1;XEUR;11820389;688;
16.05.2025;10:49:47.133;FGBL SI 20250606 PS;SIMPLE_INSTRUMENT;EFS;EUR;57;130.58000000;246;EXCHANGE_LAST;;1;1;XEUR;11820389;688;
16.05.2025;11:19:03.655;FGBL SI 20250606 PS;SIMPLE_INSTRUMENT;EFS;EUR;58;130.59000000;245;EXCHANGE_LAST;;1;1;XEUR;11820389;688;
16.05.2025;11:21:52.341;FGBL SI 20250606 PS;SIMPLE_INSTRUMENT;EFS;EUR;59;130.57000000;434;EXCHANGE_LAST;;1;1;XEUR;11820389;688;
16.05.2025;11:25:19.228;FGBL SI 20250606 PS;SIMPLE_INSTRUMENT;EFS;EUR;60;130.59000000;245;EXCHANGE_LAST;;1;1;XEUR;11820389;688;
16.05.2025;11:42:50.002;FGBL SI 20250606 PS;SIMPLE_INSTRUMENT;EFS;EUR;61;130.56000000;217;EXCHANGE_LAST;;1;1;XEUR;11820389;688;
16.05.2025;11:44:51.094;FGBL SI 20250606 PS;SIMPLE_INSTRUMENT;EFS;EUR;62;130.57000000;217;EXCHANGE_LAST;;1;1;XEUR;11820389;688;
16.05.2025;11:50:31.319;FGBL SI 20250606 PS;SIMPLE_INSTRUMENT;EFS;EUR;63;130.58000000;217;EXCHANGE_LAST;;1;1;XEUR;11820389;688;
16.05.2025;11:50:51.336;FGBL SI 20250606 PS;SIMPLE_INSTRUMENT;EFS;EUR;64;130.56000000;217;EXCHANGE_LAST;;1;1;XEUR;11820389;688;
16.05.2025;11:51:23.680;FGBL SI 20250606 PS;SIMPLE_INSTRUMENT;EFS;EUR;65;130.59000000;210;EXCHANGE_LAST;;1;1;XEUR;11820389;688;
16.05.2025;11:52:36.404;FGBL SI 20250606 PS;SIMPLE_INSTRUMENT;EFS;EUR;66;130.58000000;434;EXCHANGE_LAST;;1;1;XEUR;11820389;688;
16.05.2025;11:54:51.827;FGBL SI 20250606 PS;SIMPLE_INSTRUMENT;EFS;EUR;67;130.57000000;491;EXCHANGE_LAST;;1;1;XEUR;11820389;688;
16.05.2025;12:02:15.250;FGBL SI 20250606 PS;SIMPLE_INSTRUMENT;EFP_FIN;EUR;68;130.58000000;207;EXCHANGE_LAST;;1;1;XEUR;11820389;688;
16.05.2025;12:01:30.326;FGBL SI 20250606 PS;SIMPLE_INSTRUMENT;EFS;EUR;70;130.57000000;491;EXCHANGE_LAST;;1;1;XEUR;11820389;688;
16.05.2025;12:01:41.756;FGBL SI 20250606 PS;SIMPLE_INSTRUMENT;EFS;EUR;71;130.51000000;434;EXCHANGE_LAST;;1;1;XEUR;11820389;688;
16.05.2025;12:02:01.775;FGBL SI 20250606 PS;SIMPLE_INSTRUMENT;EFS;EUR;72;130.51000000;434;EXCHANGE_LAST;;1;1;XEUR;11820389;688;
16.05.2025;12:09:14.368;FGBL SI 20250606 PS;SIMPLE_INSTRUMENT;EFS;EUR;73;130.51000000;434;EXCHANGE_LAST;;1;1;XEUR;11820389;688;
16.05.2025;12:12:08.109;FGBL SI 20250606 PS;SIMPLE_INSTRUMENT;EFS;EUR;74;130.51000000;434;EXCHANGE_LAST;;1;1;XEUR;11820389;688;
16.05.2025;12:15:21.688;FGBL SI 20250606 PS;SIMPLE_INSTRUMENT;EFS;EUR;75;130.51000000;440;EXCHANGE_LAST;;1;1;XEUR;11820389;688;
16.05.2025;12:26:27.418;FGBL SI 20250606 PS;SIMPLE_INSTRUMENT;EFS;EUR;76;130.50000000;439;EXCHANGE_LAST;;1;1;XEUR;11820389;688;
16.05.2025;12:29:56.845;FGBL SI 20250606 PS;SIMPLE_INSTRUMENT;EFS;EUR;77;130.53000000;434;EXCHANGE_LAST;;1;1;XEUR;11820389;688;
16.05.2025;12:30:31.440;FGBL SI 20250606 PS;SIMPLE_INSTRUMENT;EFS;EUR;78;130.53000000;434;EXCHANGE_LAST;;1;1;XEUR;11820389;688;
16.05.2025;12:54:56.166;FGBL SI 20250606 PS;SIMPLE_INSTRUMENT;EFS;EUR;79;130.57000000;217;EXCHANGE_LAST;;1;1;XEUR;11820389;688;
16.05.2025;12:56:17.559;FGBL SI 20250606 PS;SIMPLE_INSTRUMENT;EFS;EUR;80;130.54000000;175;EXCHANGE_LAST;;1;1;XEUR;11820389;688;
16.05.2025;12:57:49.152;FGBL SI 20250606 PS;SIMPLE_INSTRUMENT;EFS;EUR;81;130.52000000;434;EXCHANGE_LAST;;1;1;XEUR;11820389;688;
16.05.2025;12:58:43.747;FGBL SI 20250606 PS;SIMPLE_INSTRUMENT;EFS;EUR;82;130.53000000;100;EXCHANGE_LAST;;1;1;XEUR;11820389;688;
16.05.2025;13:09:56.300;FGBL SI 20250606 PS;SIMPLE_INSTRUMENT;EFS;EUR;83;130.51000000;440;EXCHANGE_LAST;;1;1;XEUR;11820389;688;
16.05.2025;13:14:58.332;FGBL SI 20250606 PS;SIMPLE_INSTRUMENT;EFS;EUR;84;130.54000000;210;EXCHANGE_LAST;;1;1;XEUR;11820389;688;
16.05.2025;13:26:30.173;FGBL SI 20250606 PS;SIMPLE_INSTRUMENT;EFS;EUR;85;130.56000000;434;EXCHANGE_LAST;;1;1;XEUR;11820389;688;
16.05.2025;13:28:20.255;FGBL SI 20250606 PS;SIMPLE_INSTRUMENT;EFS;EUR;86;130.56000000;868;EXCHANGE_LAST;;1;1;XEUR;11820389;688;
16.05.2025;13:30:00.029;FGBL SI 20250606 PS;SIMPLE_INSTRUMENT;EFS;EUR;87;130.55000000;495;EXCHANGE_LAST;;1;1;XEUR;11820389;688;
16.05.2025;13:29:20.295;FGBL SI 20250606 PS;SIMPLE_INSTRUMENT;EFS;EUR;88;130.54000000;434;EXCHANGE_LAST;;1;1;XEUR;11820389;688;
16.05.2025;13:30:21.801;FGBL SI 20250606 PS;SIMPLE_INSTRUMENT;EFS;EUR;89;130.56000000;434;EXCHANGE_LAST;;1;1;XEUR;11820389;688;
16.05.2025;13:31:01.774;FGBL SI 20250606 PS;SIMPLE_INSTRUMENT;EFS;EUR;90;130.53000000;982;EXCHANGE_LAST;;1;1;XEUR;11820389;688;
16.05.2025;13:33:42.998;FGBL SI 20250606 PS;SIMPLE_INSTRUMENT;EFS;EUR;91;130.53000000;219;EXCHANGE_LAST;;1;1;XEUR;11820389;688;
16.05.2025;13:39:06.417;FGBL SI 20250606 PS;SIMPLE_INSTRUMENT;EFS;EUR;92;130.53000000;217;EXCHANGE_LAST;;1;1;XEUR;11820389;688;
16.05.2025;13:52:01.721;FGBL SI 20250606 PS;SIMPLE_INSTRUMENT;EFS;EUR;93;130.49000000;246;EXCHANGE_LAST;;1;1;XEUR;11820389;688;
16.05.2025;14:07:33.819;FGBL SI 20250606 PS;SIMPLE_INSTRUMENT;EFS;EUR;94;130.48000000;434;EXCHANGE_LAST;;1;1;XEUR;11820389;688;
16.05.2025;14:08:59.305;FGBL SI 20250606 PS;SIMPLE_INSTRUMENT;EFS;EUR;95;130.48000000;983;EXCHANGE_LAST;;1;1;XEUR;11820389;688;
16.05.2025;14:11:40.293;FGBL SI 20250606 PS;SIMPLE_INSTRUMENT;EFS;EUR;96;130.47000000;434;EXCHANGE_LAST;;1;1;XEUR;11820389;688;
16.05.2025;14:11:49.991;FGBL SI 20250606 PS;SIMPLE_INSTRUMENT;EFS;EUR;97;130.48000000;434;EXCHANGE_LAST;;1;1;XEUR;11820389;688;
16.05.2025;14:17:00.193;FGBL SI 20250606 PS;SIMPLE_INSTRUMENT;EFS;EUR;98;130.42000000;434;EXCHANGE_LAST;;1;1;XEUR;11820389;688;
16.05.2025;14:23:44.997;FGBL SI 20250606 PS;SIMPLE_INSTRUMENT;EFS;EUR;99;130.48000000;219;EXCHANGE_LAST;;1;1;XEUR;11820389;688;
16.05.2025;14:28:41.123;FGBL SI 20250606 PS;SIMPLE_INSTRUMENT;EFP_FIN;EUR;100;130.45000000;524;EXCHANGE_LAST;;1;1;XEUR;11820389;688;
16.05.2025;14:35:26.988;FGBL SI 20250606 PS;SIMPLE_INSTRUMENT;EFS;EUR;101;130.43000000;434;EXCHANGE_LAST;;1;1;XEUR;11820389;688;
16.05.2025;14:43:49.346;FGBL SI 20250606 PS;SIMPLE_INSTRUMENT;EFS;EUR;102;130.44000000;221;EXCHANGE_LAST;;1;1;XEUR;11820389;688;
16.05.2025;14:51:15.228;FGBL SI 20250606 PS;SIMPLE_INSTRUMENT;EFS;EUR;103;130.42000000;246;EXCHANGE_LAST;;1;1;XEUR;11820389;688;
16.05.2025;14:59:48.475;FGBL SI 20250606 PS;SIMPLE_INSTRUMENT;EFP_FIN;EUR;104;130.42000000;387;EXCHANGE_LAST;;1;1;XEUR;11820389;688;
16.05.2025;15:03:44.457;FGBL SI 20250606 PS;SIMPLE_INSTRUMENT;EFS;EUR;105;130.52000000;600;EXCHANGE_LAST;;1;1;XEUR;11820389;688;
16.05.2025;15:14:08.217;FGBL SI 20250606 PS;SIMPLE_INSTRUMENT;EFP_FIN;EUR;106;130.38000000;255;EXCHANGE_LAST;;1;1;XEUR;11820389;688;
16.05.2025;15:14:55.129;FGBL SI 20250606 PS;SIMPLE_INSTRUMENT;EFP_FIN;EUR;107;130.39000000;128;EXCHANGE_LAST;;1;1;XEUR;11820389;688;
16.05.2025;15:18:19.624;FGBL SI 20250606 PS;SIMPLE_INSTRUMENT;EFS;EUR;108;130.36000000;492;EXCHANGE_LAST;;1;1;XEUR;11820389;688;
16.05.2025;15:19:55.292;FGBL SI 20250606 PS;SIMPLE_INSTRUMENT;EFS;EUR;109;130.40000000;492;EXCHANGE_LAST;;1;1;XEUR;11820389;688;
16.05.2025;15:23:14.793;FGBL SI 20250606 PS;SIMPLE_INSTRUMENT;EFS;EUR;110;130.36000000;246;EXCHANGE_LAST;;1;1;XEUR;11820389;688;
16.05.2025;15:28:27.735;FGBL SI 20250606 PS;SIMPLE_INSTRUMENT;EFP_FIN;EUR;111;130.39000000;748;EXCHANGE_LAST;;1;1;XEUR;11820389;688;
16.05.2025;15:51:21.571;FGBL SI 20250606 PS;SIMPLE_INSTRUMENT;EFS;EUR;112;130.37000000;294;EXCHANGE_LAST;;1;1;XEUR;11820389;688;
16.05.2025;16:04:28.527;FGBL SI 20250606 PS;SIMPLE_INSTRUMENT;EFS;EUR;113;130.37000000;434;EXCHANGE_LAST;;1;1;XEUR;11820389;688;
16.05.2025;16:17:35.078;FGBL SI 20250606 PS;SIMPLE_INSTRUMENT;EFS;EUR;114;130.42000000;434;EXCHANGE_LAST;;1;1;XEUR;11820389;688;
16.05.2025;06:43:55.202;FGBL SI 20250908 PS;SIMPLE_INSTRUMENT;VOLA;EUR;268435461;130.16000000;50;EXCHANGE_LAST;;1;1;XEUR;12372482;688;
16.05.2025;07:52:02.617;FGBL SI 20250606 PS;SIMPLE_INSTRUMENT;VOLA;EUR;268435476;130.38000000;80;EXCHANGE_LAST;;1;1;XEUR;11820389;688;
16.05.2025;08:24:04.761;FGBL SI 20250606 PS;SIMPLE_INSTRUMENT;VOLA;EUR;268435484;130.37000000;680;EXCHANGE_LAST;;1;1;XEUR;11820389;688;
16.05.2025;08:25:19.735;FGBL SI 20250606 PS;SIMPLE_INSTRUMENT;VOLA;EUR;268435485;130.37000000;680;EXCHANGE_LAST;;1;1;XEUR;11820389;688;
16.05.2025;08:37:13.657;FGBL SI 20250606 PS;SIMPLE_INSTRUMENT;VOLA;EUR;268435487;130.40000000;60;EXCHANGE_LAST;;1;1;XEUR;11820389;688;
16.05.2025;09:20:48.190;FGBL SI 20250606 PS;SIMPLE_INSTRUMENT;VOLA;EUR;268435497;130.46000000;78;EXCHANGE_LAST;;1;1;XEUR;11820389;688;
16.05.2025;09:45:56.453;FGBL SI 20250606 PS;SIMPLE_INSTRUMENT;VOLA;EUR;268435504;130.56000000;800;EXCHANGE_LAST;;1;1;XEUR;11820389;688;
16.05.2025;09:46:06.254;FGBL SI 20250908 PS;SIMPLE_INSTRUMENT;VOLA;EUR;268435505;130.40000000;105;EXCHANGE_LAST;;1;1;XEUR;12372482;688;
16.05.2025;10:05:13.464;FGBL SI 20250606 PS;SIMPLE_INSTRUMENT;VOLA;EUR;268435517;130.60000000;25;EXCHANGE_LAST;;1;1;XEUR;11820389;688;
16.05.2025;11:52:18.674;FGBL SI 20250606 PS;SIMPLE_INSTRUMENT;VOLA;EUR;268435533;130.60000000;5;EXCHANGE_LAST;;1;1;XEUR;11820389;688;
16.05.2025;11:52:56.371;FGBL SI 20250606 PS;SIMPLE_INSTRUMENT;VOLA;EUR;268435534;130.60000000;5;EXCHANGE_LAST;;1;1;XEUR;11820389;688;
16.05.2025;12:25:13.633;FGBL SI 20250606 PS;SIMPLE_INSTRUMENT;VOLA;EUR;268435544;130.55000000;30;EXCHANGE_LAST;;1;1;XEUR;11820389;688;
16.05.2025;15:43:03.775;FGBL SI 20250606 PS;SIMPLE_INSTRUMENT;VOLA;EUR;268435585;130.36000000;20;EXCHANGE_LAST;;1;1;XEUR;11820389;688;
16.05.2025;07:06:57.151;FGBM SI 20250606 PS;SIMPLE_INSTRUMENT;EFS;EUR;1;118.68000000;159;EXCHANGE_LAST;;1;1;XEUR;11820390;689;
16.05.2025;07:32:24.182;FGBM SI 20250606 PS;SIMPLE_INSTRUMENT;EFP_FIN;EUR;2;118.66000000;210;EXCHANGE_LAST;;1;1;XEUR;11820390;689;
16.05.2025;07:33:49.509;FGBM SI 20250606 PS;SIMPLE_INSTRUMENT;EFP_FIN;EUR;3;118.66000000;210;EXCHANGE_LAST;;1;1;XEUR;11820390;689;
16.05.2025;07:41:20.644;FGBM SI 20250606 PS;SIMPLE_INSTRUMENT;EFS;EUR;4;118.65000000;147;EXCHANGE_LAST;;1;1;XEUR;11820390;689;
16.05.2025;08:29:10.458;FGBM SI 20250606 PS;SIMPLE_INSTRUMENT;EFP_FIN;EUR;5;118.62000000;91;EXCHANGE_LAST;;1;1;XEUR;11820390;689;
16.05.2025;07:59:58.783;FGBM SI 20250606 PS;SIMPLE_INSTRUMENT;EFP_FIN;EUR;6;118.62000000;455;EXCHANGE_LAST;;1;1;XEUR;11820390;689;
16.05.2025;08:07:45.299;FGBM SI 20250606 PS;SIMPLE_INSTRUMENT;EFS;EUR;7;118.63000000;323;EXCHANGE_LAST;;1;1;XEUR;11820390;689;
16.05.2025;08:17:18.155;FGBM SI 20250606 PS;SIMPLE_INSTRUMENT;EFS;EUR;8;118.62000000;629;EXCHANGE_LAST;;1;1;XEUR;11820390;689;
16.05.2025;08:19:18.694;FGBM SI 20250606 PS;SIMPLE_INSTRUMENT;EFS;EUR;9;118.66000000;481;EXCHANGE_LAST;;1;1;XEUR;11820390;689;
16.05.2025;08:21:58.988;FGBM SI 20250606 PS;SIMPLE_INSTRUMENT;EFP_FIN;EUR;10;118.63000000;286;EXCHANGE_LAST;;1;1;XEUR;11820390;689;
16.05.2025;08:25:17.594;FGBM SI 20250606 PS;SIMPLE_INSTRUMENT;EFS;EUR;11;118.66000000;432;EXCHANGE_LAST;;1;1;XEUR;11820390;689;
16.05.2025;08:26:56.878;FGBM SI 20250606 PS;SIMPLE_INSTRUMENT;EFS;EUR;12;118.67000000;865;EXCHANGE_LAST;;1;1;XEUR;11820390;689;
16.05.2025;08:36:02.413;FGBM SI 20250606 PS;SIMPLE_INSTRUMENT;EFS;EUR;13;118.68000000;864;EXCHANGE_LAST;;1;1;XEUR;11820390;689;
16.05.2025;08:37:07.119;FGBM SI 20250606 PS;SIMPLE_INSTRUMENT;EFP_FIN;EUR;14;118.62000000;61;EXCHANGE_LAST;;1;1;XEUR;11820390;689;
16.05.2025;08:37:33.499;FGBM SI 20250606 PS;SIMPLE_INSTRUMENT;EFP_FIN;EUR;15;118.62000000;96;EXCHANGE_LAST;;1;1;XEUR;11820390;689;
16.05.2025;08:37:46.241;FGBM SI 20250606 PS;SIMPLE_INSTRUMENT;EFS;EUR;16;118.66000000;278;EXCHANGE_LAST;;1;1;XEUR;11820390;689;
16.05.2025;08:45:17.711;FGBM SI 20250606 PS;SIMPLE_INSTRUMENT;EFS;EUR;17;118.66000000;404;EXCHANGE_LAST;;1;1;XEUR;11820390;689;
16.05.2025;08:48:20.065;FGBM SI 20250606 PS;SIMPLE_INSTRUMENT;EFS;EUR;18;118.67000000;813;EXCHANGE_LAST;;1;1;XEUR;11820390;689;
16.05.2025;09:14:20.293;FGBM SI 20250606 PS;SIMPLE_INSTRUMENT;EFS;EUR;19;118.51000000;830;EXCHANGE_LAST;;1;1;XEUR;11820390;689;
16.05.2025;09:37:06.558;FGBM SI 20250606 PS;SIMPLE_INSTRUMENT;EFS;EUR;20;118.72000000;812;EXCHANGE_LAST;;1;1;XEUR;11820390;689;
16.05.2025;09:40:55.053;FGBM SI 20250606 PS;SIMPLE_INSTRUMENT;EFS;EUR;21;118.71000000;372;EXCHANGE_LAST;;1;1;XEUR;11820390;689;
16.05.2025;09:51:53.087;FGBM SI 20250606 PS;SIMPLE_INSTRUMENT;EFS;EUR;22;118.77000000;1295;EXCHANGE_LAST;;1;1;XEUR;11820390;689;
16.05.2025;09:59:45.733;FGBM SI 20250606 PS;SIMPLE_INSTRUMENT;EFS;EUR;23;118.75000000;432;EXCHANGE_LAST;;1;1;XEUR;11820390;689;
16.05.2025;10:05:51.006;FGBM SI 20250606 PS;SIMPLE_INSTRUMENT;EFS;EUR;24;118.78000000;864;EXCHANGE_LAST;;1;1;XEUR;11820390;689;
16.05.2025;10:13:47.321;FGBM SI 20250606 PS;SIMPLE_INSTRUMENT;EFS;EUR;25;118.77000000;864;EXCHANGE_LAST;;1;1;XEUR;11820390;689;
16.05.2025;10:14:09.867;FGBM SI 20250606 PS;SIMPLE_INSTRUMENT;EFS;EUR;26;118.79000000;863;EXCHANGE_LAST;;1;1;XEUR;11820390;689;
16.05.2025;10:14:12.342;FGBM SI 20250606 PS;SIMPLE_INSTRUMENT;EFS;EUR;27;118.77000000;864;EXCHANGE_LAST;;1;1;XEUR;11820390;689;
16.05.2025;10:17:57.496;FGBM SI 20250606 PS;SIMPLE_INSTRUMENT;EFS;EUR;28;118.79000000;864;EXCHANGE_LAST;;1;1;XEUR;11820390;689;
16.05.2025;10:20:36.589;FGBM SI 20250606 PS;SIMPLE_INSTRUMENT;EFS;EUR;29;118.79000000;925;EXCHANGE_LAST;;1;1;XEUR;11820390;689;
16.05.2025;10:23:47.749;FGBM SI 20250606 PS;SIMPLE_INSTRUMENT;EFS;EUR;30;118.76000000;864;EXCHANGE_LAST;;1;1;XEUR;11820390;689;
16.05.2025;10:25:30.468;FGBM SI 20250606 PS;SIMPLE_INSTRUMENT;EFS;EUR;31;118.78000000;863;EXCHANGE_LAST;;1;1;XEUR;11820390;689;
16.05.2025;10:31:51.904;FGBM SI 20250606 PS;SIMPLE_INSTRUMENT;EFP_FIN;EUR;32;118.76000000;213;EXCHANGE_LAST;;1;1;XEUR;11820390;689;
16.05.2025;10:31:08.052;FGBM SI 20250606 PS;SIMPLE_INSTRUMENT;EFS;EUR;33;118.76000000;432;EXCHANGE_LAST;;1;1;XEUR;11820390;689;
16.05.2025;10:37:16.270;FGBM SI 20250606 PS;SIMPLE_INSTRUMENT;EFP_FIN;EUR;34;118.79000000;206;EXCHANGE_LAST;;1;1;XEUR;11820390;689;
16.05.2025;10:57:18.374;FGBM SI 20250606 PS;SIMPLE_INSTRUMENT;EFS;EUR;35;118.76000000;1160;EXCHANGE_LAST;;1;1;XEUR;11820390;689;
16.05.2025;11:22:37.955;FGBM SI 20250606 PS;SIMPLE_INSTRUMENT;EFS;EUR;36;118.75000000;812;EXCHANGE_LAST;;1;1;XEUR;11820390;689;
16.05.2025;11:25:38.231;FGBM SI 20250606 PS;SIMPLE_INSTRUMENT;EFS;EUR;37;118.78000000;864;EXCHANGE_LAST;;1;1;XEUR;11820390;689;
16.05.2025;11:35:57.733;FGBM SI 20250606 PS;SIMPLE_INSTRUMENT;EFP_FIN;EUR;38;118.76000000;1933;EXCHANGE_LAST;;1;1;XEUR;11820390;689;
16.05.2025;11:53:33.926;FGBM SI 20250606 PS;SIMPLE_INSTRUMENT;EFS;EUR;39;118.77000000;826;EXCHANGE_LAST;;1;1;XEUR;11820390;689;
16.05.2025;11:56:06.722;FGBM SI 20250606 PS;SIMPLE_INSTRUMENT;EFS;EUR;40;118.46000000;865;EXCHANGE_LAST;;1;1;XEUR;11820390;689;
16.05.2025;11:57:27.015;FGBM SI 20250606 PS;SIMPLE_INSTRUMENT;EFP_FIN;EUR;41;118.77000000;852;EXCHANGE_LAST;;1;1;XEUR;11820390;689;
16.05.2025;12:48:01.946;FGBM SI 20250606 PS;SIMPLE_INSTRUMENT;EFP_FIN;EUR;42;118.77000000;852;EXCHANGE_LAST;;1;1;XEUR;11820390;689;
16.05.2025;12:43:57.880;FGBM SI 20250606 PS;SIMPLE_INSTRUMENT;EFS;EUR;43;118.77000000;1110;EXCHANGE_LAST;;1;1;XEUR;11820390;689;
16.05.2025;12:59:08.771;FGBM SI 20250606 PS;SIMPLE_INSTRUMENT;EFS;EUR;44;118.77000000;813;EXCHANGE_LAST;;1;1;XEUR;11820390;689;
16.05.2025;13:23:48.765;FGBM SI 20250606 PS;SIMPLE_INSTRUMENT;EFP_FIN;EUR;45;118.79000000;170;EXCHANGE_LAST;;1;1;XEUR;11820390;689;
16.05.2025;13:24:22.276;FGBM SI 20250606 PS;SIMPLE_INSTRUMENT;EFP_FIN;EUR;46;118.79000000;59;EXCHANGE_LAST;;1;1;XEUR;11820390;689;
16.05.2025;13:39:28.144;FGBM SI 20250606 PS;SIMPLE_INSTRUMENT;EFS;EUR;47;118.78000000;1580;EXCHANGE_LAST;;1;1;XEUR;11820390;689;
16.05.2025;13:47:07.556;FGBM SI 20250606 PS;SIMPLE_INSTRUMENT;EFP_FIN;EUR;48;118.77000000;192;EXCHANGE_LAST;;1;1;XEUR;11820390;689;
16.05.2025;14:02:08.780;FGBM SI 20250606 PS;SIMPLE_INSTRUMENT;EFP_FIN;EUR;49;118.75000000;233;EXCHANGE_LAST;;1;1;XEUR;11820390;689;
16.05.2025;14:13:10.559;FGBM SI 20250606 PS;SIMPLE_INSTRUMENT;EFP_FIN;EUR;50;118.75000000;311;EXCHANGE_LAST;;1;1;XEUR;11820390;689;
16.05.2025;14:16:59.811;FGBM SI 20250606 PS;SIMPLE_INSTRUMENT;EFP_FIN;EUR;51;118.75000000;311;EXCHANGE_LAST;;1;1;XEUR;11820390;689;
16.05.2025;14:49:53.798;FGBM SI 20250606 PS;SIMPLE_INSTRUMENT;EFS;EUR;52;118.74000000;925;EXCHANGE_LAST;;1;1;XEUR;11820390;689;
16.05.2025;15:02:42.322;FGBM SI 20250606 PS;SIMPLE_INSTRUMENT;EFS;EUR;53;118.78000000;1500;EXCHANGE_LAST;;1;1;XEUR;11820390;689;
16.05.2025;15:11:07.612;FGBM SI 20250606 PS;SIMPLE_INSTRUMENT;EFS;EUR;54;118.72000000;500;EXCHANGE_LAST;;1;1;XEUR;11820390;689;
16.05.2025;15:13:13.734;FGBM SI 20250606 PS;SIMPLE_INSTRUMENT;EFS;EUR;55;118.71000000;432;EXCHANGE_LAST;;1;1;XEUR;11820390;689;
16.05.2025;15:19:12.176;FGBM SI 20250606 PS;SIMPLE_INSTRUMENT;EFS;EUR;56;118.71000000;432;EXCHANGE_LAST;;1;1;XEUR;11820390;689;
16.05.2025;15:45:30.948;FGBM SI 20250606 PS;SIMPLE_INSTRUMENT;EFS;EUR;57;118.76000000;4000;EXCHANGE_LAST;;1;1;XEUR;11820390;689;
16.05.2025;07:17:10.348;FGBS SI 20250606 PS;SIMPLE_INSTRUMENT;EFS;EUR;1;107.24500000;4865;EXCHANGE_LAST;;1;1;XEUR;11820391;690;
16.05.2025;07:49:28.281;FGBS SI 20250606 PS;SIMPLE_INSTRUMENT;EFS;EUR;2;107.24500000;1045;EXCHANGE_LAST;;1;1;XEUR;11820391;690;
16.05.2025;07:51:29.608;FGBS SI 20250606 PS;SIMPLE_INSTRUMENT;EFP_FIN;EUR;3;107.23500000;354;EXCHANGE_LAST;;1;1;XEUR;11820391;690;
16.05.2025;08:10:47.636;FGBS SI 20250606 PS;SIMPLE_INSTRUMENT;EFP_FIN;EUR;4;107.23000000;781;EXCHANGE_LAST;;1;1;XEUR;11820391;690;
16.05.2025;08:14:10.037;FGBS SI 20250606 PS;SIMPLE_INSTRUMENT;EFP_FIN;EUR;5;107.23500000;604;EXCHANGE_LAST;;1;1;XEUR;11820391;690;
16.05.2025;08:14:39.148;FGBS SI 20250606 PS;SIMPLE_INSTRUMENT;EFP_FIN;EUR;6;107.23500000;137;EXCHANGE_LAST;;1;1;XEUR;11820391;690;
16.05.2025;08:15:15.983;FGBS SI 20250606 PS;SIMPLE_INSTRUMENT;EFP_FIN;EUR;7;107.23500000;148;EXCHANGE_LAST;;1;1;XEUR;11820391;690;
16.05.2025;08:17:42.156;FGBS SI 20250606 PS;SIMPLE_INSTRUMENT;EFS;EUR;8;107.23000000;1849;EXCHANGE_LAST;;1;1;XEUR;11820391;690;
16.05.2025;08:41:03.670;FGBS SI 20250606 PS;SIMPLE_INSTRUMENT;EFS;EUR;9;107.24000000;4870;EXCHANGE_LAST;;1;1;XEUR;11820391;690;
16.05.2025;09:26:40.301;FGBS SI 20250606 PS;SIMPLE_INSTRUMENT;EFP_FIN;EUR;10;107.25500000;241;EXCHANGE_LAST;;1;1;XEUR;11820391;690;
16.05.2025;09:58:24.529;FGBS SI 20250606 PS;SIMPLE_INSTRUMENT;EFS;EUR;11;107.26500000;1090;EXCHANGE_LAST;;1;1;XEUR;11820391;690;
16.05.2025;10:01:08.255;FGBS SI 20250606 PS;SIMPLE_INSTRUMENT;EFP_FIN;EUR;12;107.26500000;2346;EXCHANGE_LAST;;1;1;XEUR;11820391;690;
16.05.2025;10:04:55.165;FGBS SI 20250606 PS;SIMPLE_INSTRUMENT;EFS;EUR;13;107.26500000;2437;EXCHANGE_LAST;;1;1;XEUR;11820391;690;
16.05.2025;10:12:13.464;FGBS SI 20250606 PS;SIMPLE_INSTRUMENT;EFS;EUR;14;107.26000000;5442;EXCHANGE_LAST;;1;1;XEUR;11820391;690;
16.05.2025;10:13:31.468;FGBS SI 20250606 PS;SIMPLE_INSTRUMENT;EFS;EUR;15;107.26000000;1636;EXCHANGE_LAST;;1;1;XEUR;11820391;690;
16.05.2025;10:22:58.210;FGBS SI 20250606 PS;SIMPLE_INSTRUMENT;EFS;EUR;16;107.27000000;2726;EXCHANGE_LAST;;1;1;XEUR;11820391;690;
16.05.2025;10:33:49.661;FGBS SI 20250606 PS;SIMPLE_INSTRUMENT;EFS;EUR;17;107.26000000;8188;EXCHANGE_LAST;;1;1;XEUR;11820391;690;
16.05.2025;10:59:54.764;FGBS SI 20250606 PS;SIMPLE_INSTRUMENT;EFP_FIN;EUR;18;107.26000000;743;EXCHANGE_LAST;;1;1;XEUR;11820391;690;
16.05.2025;11:21:54.374;FGBS SI 20250606 PS;SIMPLE_INSTRUMENT;EFP_FIN;EUR;19;107.26000000;528;EXCHANGE_LAST;;1;1;XEUR;11820391;690;
16.05.2025;11:48:38.924;FGBS SI 20250606 PS;SIMPLE_INSTRUMENT;EFP_FIN;EUR;20;107.27000000;743;EXCHANGE_LAST;;1;1;XEUR;11820391;690;
16.05.2025;11:53:36.108;FGBS SI 20250606 PS;SIMPLE_INSTRUMENT;EFS;EUR;21;107.27000000;2726;EXCHANGE_LAST;;1;1;XEUR;11820391;690;
16.05.2025;12:09:27.491;FGBS SI 20250606 PS;SIMPLE_INSTRUMENT;EFP_FIN;EUR;22;107.26000000;1178;EXCHANGE_LAST;;1;1;XEUR;11820391;690;
16.05.2025;12:16:02.821;FGBS SI 20250606 PS;SIMPLE_INSTRUMENT;EFS;EUR;23;107.26000000;1363;EXCHANGE_LAST;;1;1;XEUR;11820391;690;
16.05.2025;12:17:52.323;FGBS SI 20250606 PS;SIMPLE_INSTRUMENT;EFS;EUR;24;107.26000000;2375;EXCHANGE_LAST;;1;1;XEUR;11820391;690;
16.05.2025;12:18:19.368;FGBS SI 20250606 PS;SIMPLE_INSTRUMENT;EFP_FIN;EUR;25;107.27000000;200;EXCHANGE_LAST;;1;1;XEUR;11820391;690;
16.05.2025;12:40:40.299;FGBS SI 20250606 PS;SIMPLE_INSTRUMENT;EFP_FIN;EUR;26;107.26000000;469;EXCHANGE_LAST;;1;1;XEUR;11820391;690;
16.05.2025;13:01:26.017;FGBS SI 20250606 PS;SIMPLE_INSTRUMENT;EFP_FIN;EUR;28;107.27000000;938;EXCHANGE_LAST;;1;1;XEUR;11820391;690;
16.05.2025;13:08:48.983;FGBS SI 20250606 PS;SIMPLE_INSTRUMENT;EFS;EUR;29;107.26000000;2375;EXCHANGE_LAST;;1;1;XEUR;11820391;690;
16.05.2025;13:23:17.928;FGBS SI 20250606 PS;SIMPLE_INSTRUMENT;EFP_FIN;EUR;31;107.26000000;938;EXCHANGE_LAST;;1;1;XEUR;11820391;690;
16.05.2025;13:28:43.800;FGBS SI 20250606 PS;SIMPLE_INSTRUMENT;EFP_FIN;EUR;32;107.27500000;741;EXCHANGE_LAST;;1;1;XEUR;11820391;690;
16.05.2025;13:29:01.844;FGBS SI 20250606 PS;SIMPLE_INSTRUMENT;EFP_FIN;EUR;33;107.27500000;741;EXCHANGE_LAST;;1;1;XEUR;11820391;690;
16.05.2025;13:46:59.857;FGBS SI 20250606 PS;SIMPLE_INSTRUMENT;EFP_FIN;EUR;35;107.27000000;938;EXCHANGE_LAST;;1;1;XEUR;11820391;690;
16.05.2025;13:50:57.477;FGBS SI 20250606 PS;SIMPLE_INSTRUMENT;EFS;EUR;36;107.26500000;1363;EXCHANGE_LAST;;1;1;XEUR;11820391;690;
16.05.2025;14:43:46.845;FGBS SI 20250606 PS;SIMPLE_INSTRUMENT;EFS;EUR;38;107.26000000;1226;EXCHANGE_LAST;;1;1;XEUR;11820391;690;
16.05.2025;14:49:31.283;FGBS SI 20250606 PS;SIMPLE_INSTRUMENT;EFS;EUR;39;107.25500000;1364;EXCHANGE_LAST;;1;1;XEUR;11820391;690;
16.05.2025;07:24:16.875;FGBX SI 20250606 PS;SIMPLE_INSTRUMENT;EFP_FIN;EUR;1;120.58000000;62;EXCHANGE_LAST;;1;1;XEUR;11820392;691;
16.05.2025;07:37:29.898;FGBX SI 20250606 PS;SIMPLE_INSTRUMENT;EFS;EUR;2;120.64000000;146;EXCHANGE_LAST;;1;1;XEUR;11820392;691;
16.05.2025;07:46:06.270;FGBX SI 20250606 PS;SIMPLE_INSTRUMENT;EFP_FIN;EUR;3;120.62000000;246;EXCHANGE_LAST;;1;1;XEUR;11820392;691;
16.05.2025;07:46:16.977;FGBX SI 20250606 PS;SIMPLE_INSTRUMENT;EFP_FIN;EUR;4;120.58000000;154;EXCHANGE_LAST;;1;1;XEUR;11820392;691;
16.05.2025;07:59:00.321;FGBX SI 20250606 PS;SIMPLE_INSTRUMENT;EFP_FIN;EUR;5;120.48000000;123;EXCHANGE_LAST;;1;1;XEUR;11820392;691;
16.05.2025;08:10:36.919;FGBX SI 20250606 PS;SIMPLE_INSTRUMENT;EFP_FIN;EUR;6;120.60000000;186;EXCHANGE_LAST;;1;1;XEUR;11820392;691;
16.05.2025;08:31:38.366;FGBX SI 20250606 PS;SIMPLE_INSTRUMENT;EFP_FIN;EUR;8;120.76000000;193;EXCHANGE_LAST;;1;1;XEUR;11820392;691;
16.05.2025;08:38:30.230;FGBX SI 20250606 PS;SIMPLE_INSTRUMENT;EFP_FIN;EUR;9;120.46000000;92;EXCHANGE_LAST;;1;1;XEUR;11820392;691;
16.05.2025;08:50:56.869;FGBX SI 20250606 PS;SIMPLE_INSTRUMENT;EFS;EUR;10;120.76000000;83;EXCHANGE_LAST;;1;1;XEUR;11820392;691;
16.05.2025;09:30:43.019;FGBX SI 20250606 PS;SIMPLE_INSTRUMENT;EFP_FIN;EUR;11;120.96000000;154;EXCHANGE_LAST;;1;1;XEUR;11820392;691;
16.05.2025;10:03:28.430;FGBX SI 20250606 PS;SIMPLE_INSTRUMENT;BLOCK;EUR;13;121.36000000;184;EXCHANGE_LAST;;1;1;XEUR;11820392;691;
16.05.2025;10:07:09.873;FGBX SI 20250606 PS;SIMPLE_INSTRUMENT;EFP_FIN;EUR;14;121.34000000;52;EXCHANGE_LAST;;1;1;XEUR;11820392;691;
16.05.2025;10:57:54.164;FGBX SI 20250606 PS;SIMPLE_INSTRUMENT;EFP_FIN;EUR;16;121.18000000;334;EXCHANGE_LAST;;1;1;XEUR;11820392;691;
16.05.2025;11:11:02.437;FGBX SI 20250606 PS;SIMPLE_INSTRUMENT;EFP_FIN;EUR;18;121.18000000;177;EXCHANGE_LAST;;1;1;XEUR;11820392;691;
16.05.2025;11:55:35.096;FGBX SI 20250606 PS;SIMPLE_INSTRUMENT;EFP_FIN;EUR;19;121.10000000;58;EXCHANGE_LAST;;1;1;XEUR;11820392;691;
16.05.2025;13:56:47.109;FGBX SI 20250606 PS;SIMPLE_INSTRUMENT;EFS;EUR;26;120.94000000;220;EXCHANGE_LAST;;1;1;XEUR;11820392;691;
16.05.2025;15:07:40.551;FGBX SI 20250606 PS;SIMPLE_INSTRUMENT;EFP_FIN;EUR;28;121.30000000;94;EXCHANGE_LAST;;1;1;XEUR;11820392;691;
16.05.2025;15:17:55.334;FGBX SI 20250606 PS;SIMPLE_INSTRUMENT;EFP_FIN;EUR;29;120.62000000;186;EXCHANGE_LAST;;1;1;XEUR;11820392;691;
16.05.2025;15:20:26.730;FGBX SI 20250606 PS;SIMPLE_INSTRUMENT;EFS;EUR;30;120.52000000;208;EXCHANGE_LAST;;1;1;XEUR;11820392;691;
16.05.2025;15:25:49.032;FGBX SI 20250606 PS;SIMPLE_INSTRUMENT;EFS;EUR;31;120.52000000;104;EXCHANGE_LAST;;1;1;XEUR;11820392;691;
16.05.2025;15:42:18.018;FGBX SI 20250606 PS;SIMPLE_INSTRUMENT;EFP_FIN;EUR;32;120.62000000;372;EXCHANGE_LAST;;1;1;XEUR;11820392;691;
16.05.2025;15:42:22.153;FGBX SI 20250606 PS;SIMPLE_INSTRUMENT;EFS;EUR;33;120.46000000;56;EXCHANGE_LAST;;1;1;XEUR;11820392;691;
16.05.2025;08:51:28.674;FGBX SI 20250606 PS;SIMPLE_INSTRUMENT;VOLA;EUR;268435491;120.72000000;92;EXCHANGE_LAST;;1;1;XEUR;11820392;691;
16.05.2025;14:39:46.838;FGBX SI 20250606 PS;SIMPLE_INSTRUMENT;VOLA;EUR;268435564;120.70000000;35;EXCHANGE_LAST;;1;1;XEUR;11820392;691;
16.05.2025;15:26:20.570;FGBX SI 20250606 PS;SIMPLE_INSTRUMENT;VOLA;EUR;268435581;120.60000000;10;EXCHANGE_LAST;;1;1;XEUR;11820392;691;
16.05.2025;15:26:04.569;FGBX SI 20250606 PS;SIMPLE_INSTRUMENT;VOLA;EUR;268435582;120.68000000;8;EXCHANGE_LAST;;1;1;XEUR;11820392;691;
16.05.2025;13:42:03.575;FIA5 SI 20250619 PS AM P 11.00 0;SIMPLE_INSTRUMENT;BLOCK;EUR;8;1.51000000;1000;EXCHANGE_LAST;;1;1;XEUR;11340123;48227;
16.05.2025;06:40:25.369;FMAE SI 20250620 CS;SIMPLE_INSTRUMENT;BLOCK;EUR;22;401.97000000;703;EXCHANGE_LAST;;1;1;XEUR;7939684;48921;
16.05.2025;00:29:36.907;FMAU SI 20250620 CS;SIMPLE_INSTRUMENT;BLOCK;USD;1;5891.62200000;69;EXCHANGE_LAST;;1;1;XEUR;7939462;45287;
16.05.2025;01:03:04.371;FMAU SI 20250620 CS;SIMPLE_INSTRUMENT;BLOCK;USD;5;5891.91500000;26;EXCHANGE_LAST;;1;1;XEUR;7939462;45287;
16.05.2025;00:55:11.873;FMCH SI 20250620 CS;SIMPLE_INSTRUMENT;BLOCK;USD;3;592.96700000;375;EXCHANGE_LAST;;1;1;XEUR;7940815;402909;
16.05.2025;01:49:03.530;FMCH SI 20250620 CS;SIMPLE_INSTRUMENT;BLOCK;USD;8;588.40000000;66;EXCHANGE_LAST;;1;1;XEUR;7940815;402909;
16.05.2025;06:59:40.889;FMCH SI 20250620 CS;SIMPLE_INSTRUMENT;BLOCK;USD;27;588.90000000;91;EXCHANGE_LAST;;1;1;XEUR;7940815;402909;
16.05.2025;07:09:13.045;FMCH SI 20250620 CS;SIMPLE_INSTRUMENT;EFP_IDX;USD;32;592.43600000;650;EXCHANGE_LAST;;1;1;XEUR;7940815;402909;
16.05.2025;07:46:51.032;FMCH SI 20250620 CS;SIMPLE_INSTRUMENT;BLOCK;USD;36;590.30000000;700;EXCHANGE_LAST;;1;1;XEUR;7940815;402909;
16.05.2025;15:51:48.322;FMCP SI 20250620 CS;SIMPLE_INSTRUMENT;EFP_IDX;EUR;50;585.30000000;184;EXCHANGE_LAST;;1;1;XEUR;11880750;662;
16.05.2025;15:52:28.623;FMCP SI 20250620 CS;SIMPLE_INSTRUMENT;BLOCK;EUR;51;585.20000000;220;EXCHANGE_LAST;;1;1;XEUR;11880750;662;
16.05.2025;08:58:12.592;FMEA SI 20250620 CS;SIMPLE_INSTRUMENT;BLOCK;USD;44;744.45300000;134;EXCHANGE_LAST;;1;1;XEUR;7938804;12395;
16.05.2025;06:38:51.284;FMED SI 20250620 CS;SIMPLE_INSTRUMENT;BLOCK;USD;18;10810.69900000;420;EXCHANGE_LAST;;1;1;XEUR;7939645;48144;
16.05.2025;06:38:19.498;FMED SI 20250620 CS;SIMPLE_INSTRUMENT;BLOCK;USD;19;10811.23700000;1160;EXCHANGE_LAST;;1;1;XEUR;7939645;48144;
16.05.2025;06:36:46.804;FMED SI 20250620 CS;SIMPLE_INSTRUMENT;BLOCK;USD;20;10811.23700000;695;EXCHANGE_LAST;;1;1;XEUR;7939645;48144;
16.05.2025;07:55:42.284;FMEE SI 20250620 CS;SIMPLE_INSTRUMENT;BLOCK;USD;40;348.87300000;95;EXCHANGE_LAST;;1;1;XEUR;7938810;12396;
16.05.2025;09:00:44.531;FMEE SI 20250620 CS;SIMPLE_INSTRUMENT;BLOCK;USD;45;348.87300000;75;EXCHANGE_LAST;;1;1;XEUR;7938810;12396;
16.05.2025;09:54:12.965;FMEG SI 20250620 CS;SIMPLE_INSTRUMENT;BLOCK;EUR;47;346.76700000;200;EXCHANGE_LAST;;1;1;XEUR;7939092;18604;
16.05.2025;06:40:05.035;FMEL SI 20250620 CS;SIMPLE_INSTRUMENT;BLOCK;USD;21;592.18300000;36;EXCHANGE_LAST;;1;1;XEUR;7938814;12397;
16.05.2025;06:57:02.896;FMEM SI 20250620 CS;SIMPLE_INSTRUMENT;BLOCK;USD;26;633.86300000;190;EXCHANGE_LAST;;1;1;XEUR;7938803;12394;
16.05.2025;06:59:54.214;FMEM SI 20250620 CS;SIMPLE_INSTRUMENT;BLOCK;USD;28;633.92700000;1585;EXCHANGE_LAST;;1;1;XEUR;7938803;12394;
16.05.2025;07:22:44.562;FMEM SI 20250620 CS;SIMPLE_INSTRUMENT;BLOCK;USD;34;633.78000000;140;EXCHANGE_LAST;;1;1;XEUR;7938803;12394;
16.05.2025;07:05:17.196;FMEN SI 20250620 CS;SIMPLE_INSTRUMENT;EFP_IDX;EUR;30;531.07800000;17;EXCHANGE_LAST;;1;1;XEUR;7939172;30652;
16.05.2025;06:17:40.269;FMEU SI 20250620 CS;SIMPLE_INSTRUMENT;EFP_IDX;EUR;12;367.97500000;1203;EXCHANGE_LAST;;1;1;XEUR;7938710;7058;
16.05.2025;06:34:13.880;FMEU SI 20250620 CS;SIMPLE_INSTRUMENT;EFP_IDX;EUR;16;367.93000000;120;EXCHANGE_LAST;;1;1;XEUR;7938710;7058;
16.05.2025;15:41:55.754;FMEU SI 20250620 CS;SIMPLE_INSTRUMENT;BLOCK;EUR;54;368.58200000;17292;EXCHANGE_LAST;;1;1;XEUR;7938710;7058;
16.05.2025;06:29:32.191;FMGC SI 20250620 CS;SIMPLE_INSTRUMENT;BLOCK;USD;14;13773.42000000;30;EXCHANGE_LAST;;1;1;XEUR;7939680;48916;
16.05.2025;06:52:23.964;FMGC SI 20250620 CS;SIMPLE_INSTRUMENT;BLOCK;USD;24;13773.42000000;100;EXCHANGE_LAST;;1;1;XEUR;7939680;48916;
16.05.2025;07:25:13.098;FMGO SI 20250620 CS;SIMPLE_INSTRUMENT;EFP_IDX;USD;35;5543.84000000;4;EXCHANGE_LAST;;1;1;XEUR;8609371;583623;
16.05.2025;13:35:20.286;FMGO SI 20250620 CS;SIMPLE_INSTRUMENT;BLOCK;USD;52;5535.00000000;74;EXCHANGE_LAST;;1;1;XEUR;8609371;583623;
16.05.2025;11:27:05.305;FMGS SI 20250620 CS;SIMPLE_INSTRUMENT;BLOCK;USD;50;27273.90600000;925;EXCHANGE_LAST;;1;1;XEUR;7939679;48912;
16.05.2025;11:30:34.846;FMGS SI 20250620 CS;SIMPLE_INSTRUMENT;BLOCK;USD;51;27273.22800000;575;EXCHANGE_LAST;;1;1;XEUR;7939679;48912;
16.05.2025;00:40:40.761;FMHK SI 20250620 CS;SIMPLE_INSTRUMENT;BLOCK;USD;2;63973.93200000;53;EXCHANGE_LAST;;1;1;XEUR;7939458;45282;
16.05.2025;01:43:09.513;FMHK SI 20250620 CS;SIMPLE_INSTRUMENT;BLOCK;USD;7;63600.00000000;19;EXCHANGE_LAST;;1;1;XEUR;7939458;45282;
16.05.2025;07:55:15.970;FMHK SI 20250620 CS;SIMPLE_INSTRUMENT;BLOCK;USD;37;63892.00000000;40;EXCHANGE_LAST;;1;1;XEUR;7939458;45282;
16.05.2025;07:57:13.242;FMHK SI 20250620 CS;SIMPLE_INSTRUMENT;BLOCK;USD;41;63999.00000000;27;EXCHANGE_LAST;;1;1;XEUR;7939458;45282;
16.05.2025;07:15:07.037;FMID SI 20250620 CS;SIMPLE_INSTRUMENT;EFP_IDX;USD;4;1545.68000000;65;EXCHANGE_LAST;;1;1;XEUR;7939464;45289;
16.05.2025;01:02:31.721;FMIN SI 20250620 CS;SIMPLE_INSTRUMENT;BLOCK;USD;4;1294.30100000;155;EXCHANGE_LAST;;2;1;XEUR;7938852;12404;
16.05.2025;02:45:08.429;FMIN SI 20250620 CS;SIMPLE_INSTRUMENT;BLOCK;USD;9;1294.17200000;34;EXCHANGE_LAST;;1;1;XEUR;7938852;12404;
16.05.2025;05:51:52.006;FMIN SI 20250620 CS;SIMPLE_INSTRUMENT;BLOCK;USD;10;1294.30100000;257;EXCHANGE_LAST;;1;2;XEUR;7938852;12404;
16.05.2025;06:34:34.265;FMIN SI 20250620 CS;SIMPLE_INSTRUMENT;EFP_IDX;USD;17;1295.69600000;120;EXCHANGE_LAST;;1;1;XEUR;7938852;12404;
16.05.2025;10:18:24.137;FMIN SI 20250620 CS;SIMPLE_INSTRUMENT;BLOCK;USD;48;1297.60500000;415;EXCHANGE_LAST;;1;1;XEUR;7938852;12404;
16.05.2025;07:55:00.510;FMPA SI 20250620 CS;SIMPLE_INSTRUMENT;BLOCK;USD;38;9056.42300000;522;EXCHANGE_LAST;;1;1;XEUR;7939647;48143;
16.05.2025;11:17:05.113;FMPA SI 20250620 CS;SIMPLE_INSTRUMENT;BLOCK;USD;49;9061.83100000;42;EXCHANGE_LAST;;1;1;XEUR;7939647;48143;
16.05.2025;07:11:47.871;FMQA SI 20250620 CS;SIMPLE_INSTRUMENT;EFP_IDX;USD;3;1738.39000000;25;EXCHANGE_LAST;;1;1;XEUR;7939461;45285;
16.05.2025;07:10:09.135;FMSA SI 20250620 CS;SIMPLE_INSTRUMENT;EFP_IDX;USD;33;1761.92000000;130;EXCHANGE_LAST;;1;1;XEUR;7940199;134861;
16.05.2025;02:33:11.298;FMTW SI 20250620 CS;SIMPLE_INSTRUMENT;BLOCK;USD;1;850.98300000;295;EXCHANGE_LAST;;1;1;XEUR;7939790;51884;
16.05.2025;07:11:04.522;FMUA SI 20250620 CS;SIMPLE_INSTRUMENT;EFP_IDX;USD;2;984.93000000;30;EXCHANGE_LAST;;1;1;XEUR;7939459;45284;
16.05.2025;07:03:20.054;FMUV SI 20250620 CS;SIMPLE_INSTRUMENT;EFP_IDX;USD;29;5323.88000000;1165;EXCHANGE_LAST;;1;1;XEUR;7939648;48147;
16.05.2025;06:24:26.792;FMWB SI 20250620 CS;SIMPLE_INSTRUMENT;EFP_IDX;GBP;13;22191.77000000;4;EXCHANGE_LAST;;1;1;XEUR;7940142;124305;
16.05.2025;14:38:25.309;FMWH SI 20250620 CS;SIMPLE_INSTRUMENT;BLOCK;USD;53;504.30000000;72;EXCHANGE_LAST;;1;1;XEUR;7940146;124314;
16.05.2025;06:32:23.873;FMWN SI 20250620 CS;SIMPLE_INSTRUMENT;BLOCK;EUR;15;561.06000000;3220;EXCHANGE_LAST;;1;1;XEUR;7939177;30654;
16.05.2025;08:01:54.786;FMWN SI 20250620 CS;SIMPLE_INSTRUMENT;BLOCK;EUR;42;559.52100000;9450;EXCHANGE_LAST;;1;1;XEUR;7939177;30654;
16.05.2025;08:01:55.723;FMWN SI 20250620 CS;SIMPLE_INSTRUMENT;BLOCK;EUR;43;559.52000000;1050;EXCHANGE_LAST;;1;1;XEUR;7939177;30654;
16.05.2025;01:12:28.062;FMWO SI 20250620 CS;SIMPLE_INSTRUMENT;BLOCK;USD;6;12290.73000000;395;EXCHANGE_LAST;;1;1;XEUR;7938711;7059;
16.05.2025;06:12:41.216;FMWO SI 20250620 CS;SIMPLE_INSTRUMENT;EFP_IDX;USD;11;12284.25000000;388;EXCHANGE_LAST;;1;1;XEUR;7938711;7059;
16.05.2025;06:48:50.570;FMWO SI 20250620 CS;SIMPLE_INSTRUMENT;EFP_IDX;USD;23;12288.75000000;753;EXCHANGE_LAST;;1;1;XEUR;7938711;7059;
16.05.2025;06:53:22.001;FMWO SI 20250620 CS;SIMPLE_INSTRUMENT;EFP_IDX;USD;25;12285.85000000;130;EXCHANGE_LAST;;1;1;XEUR;7938711;7059;
16.05.2025;07:05:33.115;FMWO SI 20250620 CS;SIMPLE_INSTRUMENT;EFP_IDX;USD;31;12286.55000000;305;EXCHANGE_LAST;;1;1;XEUR;7938711;7059;
16.05.2025;10:31:30.236;FO4I SI 20250620 CS;SIMPLE_INSTRUMENT;BLOCK;EUR;57;55.23450000;3500;EXCHANGE_LAST;;1;1;XEUR;11196103;57111;
16.05.2025;07:25:47.253;FOAT SI 20250606 PS;SIMPLE_INSTRUMENT;BLOCK;EUR;1;124.71000000;476;EXCHANGE_LAST;;1;1;XEUR;11820393;749;
16.05.2025;07:48:40.521;FOAT SI 20250606 PS;SIMPLE_INSTRUMENT;EFP_FIN;EUR;2;124.74000000;80;EXCHANGE_LAST;;1;1;XEUR;11820393;749;
16.05.2025;08:11:11.772;FOAT SI 20250606 PS;SIMPLE_INSTRUMENT;EFP_FIN;EUR;3;124.68000000;402;EXCHANGE_LAST;;1;1;XEUR;11820393;749;
16.05.2025;08:15:55.239;FOAT SI 20250606 PS;SIMPLE_INSTRUMENT;EFP_FIN;EUR;4;124.71000000;394;EXCHANGE_LAST;;1;1;XEUR;11820393;749;
16.05.2025;08:19:08.305;FOAT SI 20250606 PS;SIMPLE_INSTRUMENT;EFS;EUR;5;124.75000000;221;EXCHANGE_LAST;;1;1;XEUR;11820393;749;
16.05.2025;08:20:34.687;FOAT SI 20250606 PS;SIMPLE_INSTRUMENT;EFP_FIN;EUR;6;124.73000000;788;EXCHANGE_LAST;;1;1;XEUR;11820393;749;
16.05.2025;08:24:11.826;FOAT SI 20250606 PS;SIMPLE_INSTRUMENT;EFS;EUR;7;124.80000000;150;EXCHANGE_LAST;;1;1;XEUR;11820393;749;
16.05.2025;08:36:46.540;FOAT SI 20250606 PS;SIMPLE_INSTRUMENT;EFP_FIN;EUR;8;124.74000000;1576;EXCHANGE_LAST;;1;1;XEUR;11820393;749;
16.05.2025;08:38:31.752;FOAT SI 20250606 PS;SIMPLE_INSTRUMENT;EFP_FIN;EUR;9;124.82000000;240;EXCHANGE_LAST;;1;1;XEUR;11820393;749;
16.05.2025;08:39:55.312;FOAT SI 20250606 PS;SIMPLE_INSTRUMENT;EFP_FIN;EUR;10;124.74000000;930;EXCHANGE_LAST;;1;1;XEUR;11820393;749;
16.05.2025;08:45:06.206;FOAT SI 20250606 PS;SIMPLE_INSTRUMENT;EFP_FIN;EUR;11;124.78000000;272;EXCHANGE_LAST;;1;1;XEUR;11820393;749;
16.05.2025;08:52:28.747;FOAT SI 20250606 PS;SIMPLE_INSTRUMENT;EFP_FIN;EUR;12;124.82000000;1576;EXCHANGE_LAST;;1;1;XEUR;11820393;749;
16.05.2025;08:52:44.596;FOAT SI 20250606 PS;SIMPLE_INSTRUMENT;EFP_FIN;EUR;13;124.80000000;2364;EXCHANGE_LAST;;1;1;XEUR;11820393;749;
16.05.2025;09:12:00.691;FOAT SI 20250606 PS;SIMPLE_INSTRUMENT;EFP_FIN;EUR;14;124.88000000;197;EXCHANGE_LAST;;1;1;XEUR;11820393;749;
16.05.2025;09:15:07.092;FOAT SI 20250606 PS;SIMPLE_INSTRUMENT;EFP_FIN;EUR;15;124.75000000;459;EXCHANGE_LAST;;1;1;XEUR;11820393;749;
16.05.2025;09:24:53.961;FOAT SI 20250606 PS;SIMPLE_INSTRUMENT;EFP_FIN;EUR;16;124.78000000;231;EXCHANGE_LAST;;1;1;XEUR;11820393;749;
16.05.2025;09:32:46.619;FOAT SI 20250606 PS;SIMPLE_INSTRUMENT;EFP_FIN;EUR;17;124.94000000;197;EXCHANGE_LAST;;1;1;XEUR;11820393;749;
16.05.2025;09:32:43.419;FOAT SI 20250606 PS;SIMPLE_INSTRUMENT;EFP_FIN;EUR;18;124.89000000;1182;EXCHANGE_LAST;;1;1;XEUR;11820393;749;
16.05.2025;09:45:10.577;FOAT SI 20250606 PS;SIMPLE_INSTRUMENT;EFP_FIN;EUR;19;124.97000000;69;EXCHANGE_LAST;;1;1;XEUR;11820393;749;
16.05.2025;09:54:08.140;FOAT SI 20250606 PS;SIMPLE_INSTRUMENT;EFP_FIN;EUR;20;124.99000000;197;EXCHANGE_LAST;;1;1;XEUR;11820393;749;
16.05.2025;09:59:07.499;FOAT SI 20250606 PS;SIMPLE_INSTRUMENT;EFP_FIN;EUR;21;125.03000000;181;EXCHANGE_LAST;;1;1;XEUR;11820393;749;
16.05.2025;10:20:05.351;FOAT SI 20250606 PS;SIMPLE_INSTRUMENT;EFP_FIN;EUR;22;124.97000000;197;EXCHANGE_LAST;;1;1;XEUR;11820393;749;
16.05.2025;10:26:36.807;FOAT SI 20250606 PS;SIMPLE_INSTRUMENT;BLOCK;EUR;23;125.00000000;1233;EXCHANGE_LAST;;1;1;XEUR;11820393;749;
16.05.2025;10:31:27.548;FOAT SI 20250606 PS;SIMPLE_INSTRUMENT;EFP_FIN;EUR;24;124.78000000;1397;EXCHANGE_LAST;;1;1;XEUR;11820393;749;
16.05.2025;10:35:46.465;FOAT SI 20250606 PS;SIMPLE_INSTRUMENT;EFP_FIN;EUR;25;124.96000000;395;EXCHANGE_LAST;;1;1;XEUR;11820393;749;
16.05.2025;10:53:50.584;FOAT SI 20250606 PS;SIMPLE_INSTRUMENT;EFP_FIN;EUR;26;124.98000000;237;EXCHANGE_LAST;;1;1;XEUR;11820393;749;
16.05.2025;10:48:48.392;FOAT SI 20250606 PS;SIMPLE_INSTRUMENT;EFP_FIN;EUR;27;124.90000000;414;EXCHANGE_LAST;;1;1;XEUR;11820393;749;
16.05.2025;10:49:02.838;FOAT SI 20250606 PS;SIMPLE_INSTRUMENT;EFP_FIN;EUR;28;124.98000000;118;EXCHANGE_LAST;;1;1;XEUR;11820393;749;
16.05.2025;11:25:27.882;FOAT SI 20250606 PS;SIMPLE_INSTRUMENT;EFP_FIN;EUR;29;125.00000000;788;EXCHANGE_LAST;;1;1;XEUR;11820393;749;
16.05.2025;11:35:12.508;FOAT SI 20250606 PS;SIMPLE_INSTRUMENT;EFP_FIN;EUR;30;125.04000000;788;EXCHANGE_LAST;;1;1;XEUR;11820393;749;
16.05.2025;11:46:53.376;FOAT SI 20250606 PS;SIMPLE_INSTRUMENT;EFP_FIN;EUR;31;125.04000000;394;EXCHANGE_LAST;;1;1;XEUR;11820393;749;
16.05.2025;11:57:51.586;FOAT SI 20250606 PS;SIMPLE_INSTRUMENT;EFP_FIN;EUR;32;124.95000000;1970;EXCHANGE_LAST;;1;1;XEUR;11820393;749;
16.05.2025;11:59:06.353;FOAT SI 20250606 PS;SIMPLE_INSTRUMENT;EFP_FIN;EUR;33;124.95000000;287;EXCHANGE_LAST;;1;1;XEUR;11820393;749;
16.05.2025;12:14:22.638;FOAT SI 20250606 PS;SIMPLE_INSTRUMENT;EFS;EUR;34;124.90000000;494;EXCHANGE_LAST;;1;1;XEUR;11820393;749;
16.05.2025;12:16:55.643;FOAT SI 20250606 PS;SIMPLE_INSTRUMENT;EFP_FIN;EUR;35;125.02000000;625;EXCHANGE_LAST;;1;1;XEUR;11820393;749;
16.05.2025;12:19:54.432;FOAT SI 20250606 PS;SIMPLE_INSTRUMENT;EFP_FIN;EUR;37;125.02000000;416;EXCHANGE_LAST;;1;1;XEUR;11820393;749;
16.05.2025;12:38:29.399;FOAT SI 20250606 PS;SIMPLE_INSTRUMENT;EFP_FIN;EUR;38;124.90000000;1115;EXCHANGE_LAST;;1;1;XEUR;11820393;749;
16.05.2025;13:16:08.461;FOAT SI 20250606 PS;SIMPLE_INSTRUMENT;EFP_FIN;EUR;39;124.90000000;197;EXCHANGE_LAST;;1;1;XEUR;11820393;749;
16.05.2025;13:25:04.754;FOAT SI 20250606 PS;SIMPLE_INSTRUMENT;EFP_FIN;EUR;40;124.94000000;157;EXCHANGE_LAST;;1;1;XEUR;11820393;749;
16.05.2025;13:40:17.060;FOAT SI 20250606 PS;SIMPLE_INSTRUMENT;BLOCK;EUR;41;124.93000000;981;EXCHANGE_LAST;;1;1;XEUR;11820393;749;
16.05.2025;14:12:29.543;FOAT SI 20250606 PS;SIMPLE_INSTRUMENT;EFP_FIN;EUR;42;124.93000000;819;EXCHANGE_LAST;;1;1;XEUR;11820393;749;
16.05.2025;14:32:12.421;FOAT SI 20250606 PS;SIMPLE_INSTRUMENT;EFP_FIN;EUR;43;124.92000000;788;EXCHANGE_LAST;;1;1;XEUR;11820393;749;
16.05.2025;14:56:23.465;FOAT SI 20250606 PS;SIMPLE_INSTRUMENT;EFP_FIN;EUR;44;124.87000000;985;EXCHANGE_LAST;;1;1;XEUR;11820393;749;
16.05.2025;15:00:44.433;FOAT SI 20250606 PS;SIMPLE_INSTRUMENT;EFP_FIN;EUR;45;124.76000000;945;EXCHANGE_LAST;;1;1;XEUR;11820393;749;
16.05.2025;15:10:55.532;FOAT SI 20250606 PS;SIMPLE_INSTRUMENT;EFP_FIN;EUR;46;124.76000000;551;EXCHANGE_LAST;;1;1;XEUR;11820393;749;
16.05.2025;15:16:57.845;FOAT SI 20250606 PS;SIMPLE_INSTRUMENT;EFP_FIN;EUR;47;124.77000000;1576;EXCHANGE_LAST;;1;1;XEUR;11820393;749;
16.05.2025;15:24:43.285;FOAT SI 20250606 PS;SIMPLE_INSTRUMENT;EFP_FIN;EUR;48;124.79000000;548;EXCHANGE_LAST;;1;1;XEUR;11820393;749;
16.05.2025;15:37:13.099;FOAT SI 20250606 PS;SIMPLE_INSTRUMENT;EFP_FIN;EUR;49;124.78000000;95;EXCHANGE_LAST;;1;1;XEUR;11820393;749;
16.05.2025;15:42:34.176;FOAT SI 20250606 PS;SIMPLE_INSTRUMENT;EFP_FIN;EUR;50;124.78000000;95;EXCHANGE_LAST;;1;1;XEUR;11820393;749;
16.05.2025;15:41:51.738;FOAT SI 20250606 PS;SIMPLE_INSTRUMENT;EFS;EUR;51;124.82000000;501;EXCHANGE_LAST;;1;1;XEUR;11820393;749;
16.05.2025;15:47:57.010;FSCE SI 20250620 CS;SIMPLE_INSTRUMENT;EFP_IDX;EUR;39;335.30000000;250;EXCHANGE_LAST;;1;1;XEUR;11881882;763;
16.05.2025;15:47:33.550;FSCE SI 20250620 CS;SIMPLE_INSTRUMENT;EFP_IDX;EUR;40;335.40000000;250;EXCHANGE_LAST;;1;1;XEUR;11881882;763;
16.05.2025;15:49:54.101;FSCE SI 20250620 CS;SIMPLE_INSTRUMENT;EFP_IDX;EUR;41;335.30000000;250;EXCHANGE_LAST;;1;1;XEUR;11881882;763;
16.05.2025;15:50:02.520;FSCE SI 20250620 CS;SIMPLE_INSTRUMENT;EFP_IDX;EUR;42;335.40000000;250;EXCHANGE_LAST;;1;1;XEUR;11881882;763;
16.05.2025;15:46:13.373;FSCE SI 20250620 CS;SIMPLE_INSTRUMENT;EFP_IDX;EUR;43;335.30000000;79;EXCHANGE_LAST;;1;1;XEUR;11881882;763;
16.05.2025;15:46:26.238;FSCE SI 20250620 CS;SIMPLE_INSTRUMENT;EFP_IDX;EUR;44;335.40000000;186;EXCHANGE_LAST;;1;1;XEUR;11881882;763;
16.05.2025;15:43:57.510;FSCP SI 20250620 CS;SIMPLE_INSTRUMENT;EFP_IDX;EUR;37;353.70000000;208;EXCHANGE_LAST;;1;1;XEUR;11881879;764;
16.05.2025;15:44:10.305;FSCP SI 20250620 CS;SIMPLE_INSTRUMENT;EFP_IDX;EUR;38;353.80000000;139;EXCHANGE_LAST;;1;1;XEUR;11881879;764;
16.05.2025;15:56:48.594;FSEG SI 20250620 CS;SIMPLE_INSTRUMENT;EFP_IDX;EUR;55;202.00000000;78;EXCHANGE_LAST;;1;1;XEUR;11913120;109977;
16.05.2025;15:56:58.828;FSEG SI 20250620 CS;SIMPLE_INSTRUMENT;EFP_IDX;EUR;56;201.90000000;63;EXCHANGE_LAST;;1;1;XEUR;11913120;109977;
16.05.2025;16:03:43.305;FSEG SI 20250620 CS;SIMPLE_INSTRUMENT;EFP_IDX;EUR;57;201.90000000;28;EXCHANGE_LAST;;1;1;XEUR;11913120;109977;
16.05.2025;16:03:53.693;FSEG SI 20250620 CS;SIMPLE_INSTRUMENT;EFP_IDX;EUR;58;202.00000000;29;EXCHANGE_LAST;;1;1;XEUR;11913120;109977;
16.05.2025;15:08:29.097;FSMI SI 20250620 CS;SIMPLE_INSTRUMENT;EFP_IDX;CHF;1;12280.00000000;250;EXCHANGE_LAST;;1;1;XEUR;7904351;757;
16.05.2025;15:32:43.713;FSMI SI 20250620 CS;SIMPLE_INSTRUMENT;EFP_IDX;CHF;2;12315.00000000;19;EXCHANGE_LAST;;1;1;XEUR;7904351;757;
16.05.2025;15:32:51.531;FSMI SI 20250620 CS;SIMPLE_INSTRUMENT;EFP_IDX;CHF;3;12316.00000000;101;EXCHANGE_LAST;;1;1;XEUR;7904351;757;
16.05.2025;15:55:46.649;FSMI SI 20250620 CS;SIMPLE_INSTRUMENT;BLOCK;CHF;4;12300.00000000;500;EXCHANGE_LAST;;1;1;XEUR;7904351;757;
16.05.2025;15:58:21.650;FSMI SI 20250620 CS;SIMPLE_INSTRUMENT;BLOCK;CHF;5;12300.00000000;500;EXCHANGE_LAST;;1;1;XEUR;7904351;757;
16.05.2025;13:34:00.798;FST3 SI 20270317 CS;SIMPLE_INSTRUMENT;BLOCK;EUR;34;98.13000000;2500;EXCHANGE_LAST;;1;1;XEUR;11335774;620947;
16.05.2025;16:00:30.700;FSTA SI 20250620 CS;SIMPLE_INSTRUMENT;EFP_IDX;EUR;4;552.30000000;13;EXCHANGE_LAST;;1;1;XEUR;11881326;715;
16.05.2025;16:00:42.709;FSTA SI 20250620 CS;SIMPLE_INSTRUMENT;EFP_IDX;EUR;5;552.50000000;73;EXCHANGE_LAST;;1;1;XEUR;11881326;715;
16.05.2025;15:46:22.648;FSTB SI 20250620 CS;SIMPLE_INSTRUMENT;EFP_IDX;EUR;35;274.20000000;160;EXCHANGE_LAST;;1;1;XEUR;11881325;714;
16.05.2025;15:46:31.687;FSTB SI 20250620 CS;SIMPLE_INSTRUMENT;EFP_IDX;EUR;36;274.25000000;240;EXCHANGE_LAST;;1;1;XEUR;11881325;714;
16.05.2025;15:50:31.299;FSTB SI 20250620 CS;SIMPLE_INSTRUMENT;EFP_IDX;EUR;48;274.20000000;1337;EXCHANGE_LAST;;1;1;XEUR;11881325;714;
16.05.2025;15:50:40.633;FSTB SI 20250620 CS;SIMPLE_INSTRUMENT;EFP_IDX;EUR;49;274.30000000;1337;EXCHANGE_LAST;;1;1;XEUR;11881325;714;
16.05.2025;16:00:25.060;FSTH SI 20250620 CS;SIMPLE_INSTRUMENT;EFP_IDX;EUR;3;1039.20000000;36;EXCHANGE_LAST;;1;1;XEUR;11881327;716;
16.05.2025;16:00:50.905;FSTH SI 20250620 CS;SIMPLE_INSTRUMENT;EFP_IDX;EUR;6;1039.30000000;53;EXCHANGE_LAST;;1;1;XEUR;11881327;716;
16.05.2025;15:52:45.011;FSTN SI 20250620 CS;SIMPLE_INSTRUMENT;EFP_IDX;EUR;52;810.00000000;14;EXCHANGE_LAST;;1;1;XEUR;11881318;704;
16.05.2025;15:53:15.371;FSTN SI 20250620 CS;SIMPLE_INSTRUMENT;EFP_IDX;EUR;53;811.00000000;16;EXCHANGE_LAST;;1;1;XEUR;11881318;704;
16.05.2025;13:52:56.113;FUEM SI 20250620 CS;SIMPLE_INSTRUMENT;BLOCK;USD;18;117.82000000;700;EXCHANGE_LAST;;1;1;XEUR;11949864;772680;
16.05.2025;14:53:49.829;FUEM SI 20250620 CS;SIMPLE_INSTRUMENT;BLOCK;USD;29;117.70000000;190;EXCHANGE_LAST;;1;1;XEUR;11949864;772680;
16.05.2025;15:41:59.099;FXXP SI 20250620 CS;SIMPLE_INSTRUMENT;BLOCK;EUR;55;548.10000000;2979;EXCHANGE_LAST;;1;1;XEUR;7904812;816;
16.05.2025;15:54:13.904;FXXP SI 20250620 CS;SIMPLE_INSTRUMENT;EFP_IDX;EUR;58;548.00000000;300;EXCHANGE_LAST;;1;1;XEUR;7904812;816;
16.05.2025;15:53:55.535;FXXP SI 20250620 CS;SIMPLE_INSTRUMENT;EFP_IDX;EUR;59;548.10000000;1200;EXCHANGE_LAST;;1;1;XEUR;7904812;816;
16.05.2025;15:55:18.056;FXXP SI 20250620 CS;SIMPLE_INSTRUMENT;EFP_IDX;EUR;62;548.00000000;83;EXCHANGE_LAST;;1;1;XEUR;7904812;816;
16.05.2025;15:55:33.140;FXXP SI 20250620 CS;SIMPLE_INSTRUMENT;EFP_IDX;EUR;63;548.10000000;752;EXCHANGE_LAST;;1;1;XEUR;7904812;816;
16.05.2025;15:55:34.205;FXXP SI 20250620 CS;SIMPLE_INSTRUMENT;BLOCK;EUR;64;548.00000000;388;EXCHANGE_LAST;;1;1;XEUR;7904812;816;
16.05.2025;15:55:36.578;FXXP SI 20250620 CS;SIMPLE_INSTRUMENT;BLOCK;EUR;65;548.10000000;1553;EXCHANGE_LAST;;1;1;XEUR;7904812;816;
16.05.2025;15:21:24.623;FXXP SI 20250620 CS;SIMPLE_INSTRUMENT;VOLA;EUR;603979817;547.00000000;206;EXCHANGE_LAST;;1;1;XEUR;7904812;816;
16.05.2025;13:49:00.046;G3ZF SI 20261218 CS;SIMPLE_INSTRUMENT;BLOCK;EUR;102;1.50000000;100;EXCHANGE_LAST;;1;1;XEUR;6825108;144760;
16.05.2025;14:10:08.881;G3ZF SI 20261218 CS;SIMPLE_INSTRUMENT;BLOCK;EUR;109;1.50000000;1500;EXCHANGE_LAST;;1;1;XEUR;6825108;144760;
16.05.2025;11:08:23.176;GIVE SI 20260619 PS EU C 4000.0 0;SIMPLE_INSTRUMENT;BLOCK;CHF;33;408.00000000;100;EXCHANGE_LAST;;1;1;XEUR;11407456;428677;
16.05.2025;15:21:51.482;GLPG SI 20250516 PS AM C 23.50 0;SIMPLE_INSTRUMENT;BLOCK;EUR;22;1.00000000;1000;EXCHANGE_LAST;;1;1;XEUR;12840345;50270;
16.05.2025;10:55:18.462;HEI SI 20261218 PS AM P 140.00 0;SIMPLE_INSTRUMENT;BLOCK;EUR;1;8.35000000;400;EXCHANGE_LAST;;1;1;XEUR;10381443;839;
16.05.2025;15:14:15.644;HOLN SI 20250718 PS AM C 100.00 0;SIMPLE_INSTRUMENT;BLOCK;CHF;47;1.53000000;500;EXCHANGE_LAST;;1;1;XEUR;13296904;943;
16.05.2025;15:14:16.737;HOLN SI 20250718 PS AM P 90.00 0;SIMPLE_INSTRUMENT;BLOCK;CHF;48;1.56000000;500;EXCHANGE_LAST;;1;1;XEUR;13245302;943;
16.05.2025;08:26:56.978;I3ES SI 20271217 CS;SIMPLE_INSTRUMENT;BLOCK;EUR;16;0.33200000;1500;EXCHANGE_LAST;;1;1;XEUR;8383274;913;
16.05.2025;08:27:46.183;I3ES SI 20271217 CS;SIMPLE_INSTRUMENT;BLOCK;EUR;17;0.33300000;1500;EXCHANGE_LAST;;1;1;XEUR;8383274;913;
16.05.2025;08:51:32.017;I3ES SI 20250620 CS;SIMPLE_INSTRUMENT;BLOCK;EUR;25;0.17100000;8750;EXCHANGE_LAST;;1;1;XEUR;10842363;913;
16.05.2025;12:34:38.414;I3ES SI 20271217 CS;SIMPLE_INSTRUMENT;BLOCK;EUR;77;0.33200000;510;EXCHANGE_LAST;;1;1;XEUR;8383274;913;
16.05.2025;12:34:29.413;I3ES SI 20271217 CS;SIMPLE_INSTRUMENT;BLOCK;EUR;78;0.33300000;509;EXCHANGE_LAST;;1;1;XEUR;8383274;913;
16.05.2025;14:33:17.738;I4NN SI 20271217 CS;SIMPLE_INSTRUMENT;BLOCK;EUR;115;0.96000000;400;EXCHANGE_LAST;;2;1;XEUR;9488392;669776;
16.05.2025;11:01:13.618;I5NN SI 20261218 CS;SIMPLE_INSTRUMENT;BLOCK;EUR;63;0.98500000;3500;EXCHANGE_LAST;;2;1;XEUR;12865995;1046760;
16.05.2025;08:51:27.711;IESI SI 20250619 CS;SIMPLE_INSTRUMENT;BLOCK;EUR;24;4.83600000;10000;EXCHANGE_LAST;;1;1;XEUR;11162717;901;
16.05.2025;10:48:48.661;IESI SI 20250619 CS;SIMPLE_INSTRUMENT;BLOCK;EUR;59;4.82200000;450;EXCHANGE_LAST;;1;1;XEUR;11162717;901;
16.05.2025;15:00:48.061;IESI SI 20250619 CS;SIMPLE_INSTRUMENT;BLOCK;EUR;131;4.82200000;2000;EXCHANGE_LAST;;1;1;XEUR;11162717;901;
16.05.2025;13:10:44.941;IESP SI 20250619 PS;SIMPLE_INSTRUMENT;BLOCK;EUR;90;4.82300000;1500;EXCHANGE_LAST;;1;1;XEUR;11164308;124283;
16.05.2025;12:28:00.280;IFX SI 20250620 PS AM P 28.00 0;SIMPLE_INSTRUMENT;BLOCK;EUR;9;0.12000000;1000;EXCHANGE_LAST;;1;1;XEUR;7905930;902;
16.05.2025;12:28:00.320;IFX SI 20260320 PS AM P 28.00 0;SIMPLE_INSTRUMENT;BLOCK;EUR;10;1.98000000;1000;EXCHANGE_LAST;;1;1;XEUR;13007977;902;
16.05.2025;12:38:47.423;IFX SI 20250530 PS AM C 36.00 0;SIMPLE_INSTRUMENT;BLOCK;EUR;11;0.22000000;2352;EXCHANGE_LAST;;1;1;XEUR;13370674;902;
16.05.2025;14:31:17.553;IFX SI 20281215 PS AM P 28.00 0;SIMPLE_INSTRUMENT;BLOCK;EUR;12;5.15000000;1000;EXCHANGE_LAST;;1;1;XEUR;10408624;902;
16.05.2025;14:34:28.199;IFX.O.250516.BUL.000019;STANDARD_OPTION_STRATEGY;BLOCK;EUR;13;1.08000000;1500;EXCHANGE_LAST;;1;1;XEUR;72061468098470575;902;
16.05.2025;14:34:28.199;IFX SI 20250718 PS AM C 32.00 0;SIMPLE_INSTRUMENT;BLOCK;EUR;13;3.08000000;1500;PRC_DECOMP_MEMBER;;;;XEUR;13305589;902;MEMBER
16.05.2025;14:34:28.199;IFX SI 20250718 PS AM C 34.00 0;SIMPLE_INSTRUMENT;BLOCK;EUR;13;2.00000000;1500;PRC_DECOMP_MEMBER;;;;XEUR;13310076;902;MEMBER
16.05.2025;10:27:03.313;IGLN SI 20250718 PS AM P 59.75 0;SIMPLE_INSTRUMENT;BLOCK;USD;1;0.75000000;30843;EXCHANGE_LAST;;1;1;XEUR;13395623;75966;
16.05.2025;10:40:59.905;IGLN SI 20250718 PS AM P 59.75 0;SIMPLE_INSTRUMENT;BLOCK;USD;4;0.74000000;123376;EXCHANGE_LAST;;1;1;XEUR;13395623;75966;
16.05.2025;12:12:53.452;IGLN.O.250516.COMBO.000001;STANDARD_OPTION_STRATEGY;BLOCK;USD;8;0.31000000;3238;EXCHANGE_LAST;;1;1;XEUR;72383865523535935;75966;
16.05.2025;12:12:53.452;IGLN SI 20250718 PS AM P 59.75 0;SIMPLE_INSTRUMENT;BLOCK;USD;8;0.91000000;3238;PRC_DECOMP_MEMBER;;;;XEUR;13395623;75966;MEMBER
16.05.2025;12:12:53.452;IGLN SI 20250718 PS AM C 66.00 0;SIMPLE_INSTRUMENT;BLOCK;USD;8;0.60000000;3238;PRC_DECOMP_MEMBER;;;;XEUR;13266002;75966;MEMBER
16.05.2025;12:13:04.327;IGLN.O.250516.COMBO.000001;STANDARD_OPTION_STRATEGY;BLOCK;USD;9;0.32000000;3238;EXCHANGE_LAST;;1;1;XEUR;72383865523535935;75966;
16.05.2025;12:13:04.327;IGLN SI 20250718 PS AM C 66.00 0;SIMPLE_INSTRUMENT;BLOCK;USD;9;0.60000000;3238;PRC_DECOMP_MEMBER;;;;XEUR;13266002;75966;MEMBER
16.05.2025;12:13:04.327;IGLN SI 20250718 PS AM P 59.75 0;SIMPLE_INSTRUMENT;BLOCK;USD;9;0.92000000;3238;PRC_DECOMP_MEMBER;;;;XEUR;13395623;75966;MEMBER
16.05.2025;14:58:56.196;INN SI 20250919 PS AM C 20.00 0;SIMPLE_INSTRUMENT;BLOCK;EUR;9;0.54000000;2250;EXCHANGE_LAST;;1;1;XEUR;12579310;1014;
16.05.2025;14:58:26.333;INN SI 20250919 PS AM C 20.00 0;SIMPLE_INSTRUMENT;BLOCK;EUR;10;0.55000000;2250;EXCHANGE_LAST;;1;1;XEUR;12579310;1014;
16.05.2025;14:24:29.715;ITK.O.250516.STG.000003;STANDARD_OPTION_STRATEGY;BLOCK;EUR;20;3.46000000;1250;EXCHANGE_LAST;;1;1;XEUR;72061884710275294;999;
16.05.2025;14:24:29.715;ITK SI 20251219 PS AM P 50.00 0;SIMPLE_INSTRUMENT;BLOCK;EUR;20;0.87000000;1250;PRC_DECOMP_EXCHANGE;;;;XEUR;12197688;999;EXCHANGE
16.05.2025;14:24:29.715;ITK SI 20251219 PS AM C 64.00 0;SIMPLE_INSTRUMENT;BLOCK;EUR;20;2.59000000;1250;PRC_DECOMP_EXCHANGE;;;;XEUR;6497817;999;EXCHANGE
16.05.2025;12:15:09.040;ITKG SI 20250620 CS;SIMPLE_INSTRUMENT;BLOCK;EUR;74;60.66750000;35000;EXCHANGE_LAST;;1;1;XEUR;11178098;996;
16.05.2025;14:32:29.956;ITKG SI 20250620 CS;SIMPLE_INSTRUMENT;BLOCK;EUR;119;60.22000000;2000;EXCHANGE_LAST;;1;1;XEUR;11178098;996;
16.05.2025;09:03:51.299;KC4L SI 20250919 CS;SIMPLE_INSTRUMENT;BLOCK;EUR;30;56.48030000;200;EXCHANGE_LAST;;1;1;XEUR;11739244;509754;
16.05.2025;11:43:20.213;KDBI SI 20250620 CS;SIMPLE_INSTRUMENT;BLOCK;EUR;66;85.37940000;10000;EXCHANGE_LAST;;1;2;XEUR;11420377;840012;
16.05.2025;12:37:14.396;KDBI SI 20250620 CS;SIMPLE_INSTRUMENT;BLOCK;EUR;83;85.31930000;20000;EXCHANGE_LAST;;1;1;XEUR;11420377;840012;
16.05.2025;13:32:30.870;KDBI SI 20250620 CS;SIMPLE_INSTRUMENT;BLOCK;EUR;94;85.41950000;10000;EXCHANGE_LAST;;1;1;XEUR;11420377;840012;
16.05.2025;13:39:10.448;KDBI SI 20250620 CS;SIMPLE_INSTRUMENT;BLOCK;EUR;97;85.41950000;10000;EXCHANGE_LAST;;1;1;XEUR;11420377;840012;
16.05.2025;12:29:24.397;LHA.O.250516.BUL.000013;STANDARD_OPTION_STRATEGY;BLOCK;EUR;23;0.14000000;4900;EXCHANGE_LAST;;1;1;XEUR;72062430171145436;1126;
16.05.2025;12:29:24.397;LHA SI 20250620 PS AM C 6.70 0;SIMPLE_INSTRUMENT;BLOCK;EUR;23;0.18000000;4900;PRC_DECOMP_EXCHANGE;;;;XEUR;12762427;1126;EXCHANGE
16.05.2025;12:29:24.397;LHA SI 20250620 PS AM C 7.30 0;SIMPLE_INSTRUMENT;BLOCK;EUR;23;0.04000000;4900;PRC_DECOMP_EXCHANGE;;;;XEUR;13011719;1126;EXCHANGE
16.05.2025;12:43:20.212;LHA SI 20250523 PS AM C 6.80 0;SIMPLE_INSTRUMENT;BLOCK;EUR;24;0.04000000;14800;EXCHANGE_LAST;;1;1;XEUR;13211869;1126;
16.05.2025;12:22:25.842;LONN SI 20260619 PS AM P 480.00 0;SIMPLE_INSTRUMENT;BLOCK;CHF;39;27.25000000;1000;EXCHANGE_LAST;;2;1;XEUR;9554994;1141;
16.05.2025;10:11:42.835;LOR SI 20261218 PS AM P 320.00 0;SIMPLE_INSTRUMENT;BLOCK;EUR;8;19.75000000;150;EXCHANGE_LAST;;1;1;XEUR;7162559;1140;
16.05.2025;11:47:10.398;MOH SI 20260320 PS AM P 440.00 0;SIMPLE_INSTRUMENT;BLOCK;EUR;13;23.25000000;150;EXCHANGE_LAST;;1;1;XEUR;13010739;1074;
16.05.2025;14:01:58.943;MOH SI 20250516 PS AM P 530.00 0;SIMPLE_INSTRUMENT;BLOCK;EUR;21;28.04000000;126;EXCHANGE_LAST;;1;1;XEUR;12870759;1074;
16.05.2025;14:02:10.944;MOH SI 20250718 PS AM P 530.00 0;SIMPLE_INSTRUMENT;BLOCK;EUR;22;38.18000000;126;EXCHANGE_LAST;;1;1;XEUR;13246739;1074;
16.05.2025;12:52:04.827;MRK.O.250516.PDIA.000006;STANDARD_OPTION_STRATEGY;BLOCK;EUR;2;-2.58000000;300;EXCHANGE_LAST;;1;1;XEUR;72062846782948516;1223;
16.05.2025;12:52:04.827;MRK SI 20250919 PS AM P 110.00 0;SIMPLE_INSTRUMENT;BLOCK;EUR;2;4.81000000;300;PRC_DECOMP_EXCHANGE;;;;XEUR;11890234;1223;EXCHANGE
