#Date;TrdTime;Contract;ContractType;TrdTyp;Currency;TesId;Prc;Qty;TrdInd;Aggressor;Buy;Sell;Exch;InstrumentId;RelatedProdId;PrcDecomp
05.06.2025;09:04:13.903;ABBN FI 20250702 CS EU C 49.7000 0;FLEXIBLE_INSTRUMENT;BLOCK;CHF;12;0.44000000;1350;EXCHANGE_LAST;;1;1;XEUR;1155389036332855048;574517;
05.06.2025;09:57:36.686;ABBN SI 20250620 PS AM C 48.00 0;SIMPLE_INSTRUMENT;BLOCK;CHF;20;0.75000000;1000;EXCHANGE_LAST;;1;1;XEUR;8902738;574517;
05.06.2025;12:32:31.838;ADEN SI 20251219 PS AM C 22.00 0;SIMPLE_INSTRUMENT;BLOCK;CHF;33;2.53000000;1500;EXCHANGE_LAST;;1;1;XEUR;12430560;44;
05.06.2025;12:38:05.136;ADEN SI 20250620 PS AM C 24.00 0;SIMPLE_INSTRUMENT;BLOCK;CHF;34;0.20000000;3900;EXCHANGE_LAST;;1;1;XEUR;7897565;44;
05.06.2025;13:03:10.690;ADEN SI 20250620 PS AM P 22.00 0;SIMPLE_INSTRUMENT;BLOCK;CHF;39;0.46000000;1000;EXCHANGE_LAST;;1;1;XEUR;11347907;44;
05.06.2025;13:10:11.160;ADEN SI 20251219 PS AM C 22.00 0;SIMPLE_INSTRUMENT;BLOCK;CHF;42;2.53000000;1000;EXCHANGE_LAST;;1;1;XEUR;12430560;44;
05.06.2025;09:00:13.694;ADS.O.250605.STD.000002;STANDARD_OPTION_STRATEGY;BLOCK;EUR;3;37.72000000;300;EXCHANGE_LAST;;1;1;XEUR;72057808786333931;50;
05.06.2025;09:00:13.694;ADS SI 20251219 PS AM P 220.00 0;SIMPLE_INSTRUMENT;BLOCK;EUR;3;20.16000000;300;PRC_DECOMP_MEMBER;;;;XEUR;12430785;50;MEMBER
05.06.2025;09:00:13.694;ADS SI 20251219 PS AM C 220.00 0;SIMPLE_INSTRUMENT;BLOCK;EUR;3;17.56000000;300;PRC_DECOMP_MEMBER;;;;XEUR;12430850;50;MEMBER
05.06.2025;11:44:24.649;ADS SI 20251219 PS AM C 250.00 0;SIMPLE_INSTRUMENT;BLOCK;EUR;7;7.10000000;650;EXCHANGE_LAST;;3;2;XEUR;13312893;50;
05.06.2025;09:08:55.225;AFX SI 20250620 PS AM P 60.00 0;SIMPLE_INSTRUMENT;BLOCK;EUR;2;2.84000000;750;EXCHANGE_LAST;;1;1;XEUR;8108858;56;
05.06.2025;08:51:08.896;ALC SI 20260320 PS AM P 60.00 0;SIMPLE_INSTRUMENT;BLOCK;CHF;7;1.93000000;200;EXCHANGE_LAST;;1;1;XEUR;13157313;130134;
05.06.2025;12:43:48.337;ALCF.S.JUN25.SEP25.SPD;FUTURES_SPREAD;BLOCK;CHF;47;-0.03650000;3000;EXCHANGE_LAST;;1;1;XEUR;72616511017058384;130133;
05.06.2025;12:43:48.337;ALCF SI 20250919 CS;SIMPLE_INSTRUMENT;BLOCK;CHF;47;70.33320000;3000;PRC_DECOMP_EXCHANGE;;;;XEUR;11729654;130133;EXCHANGE
05.06.2025;12:43:48.337;ALCF SI 20250620 CS;SIMPLE_INSTRUMENT;BLOCK;CHF;47;70.29670000;3000;PRC_DECOMP_EXCHANGE;;;;XEUR;11198982;130133;EXCHANGE
05.06.2025;11:04:57.675;ALV SI 20261218 PS AM P 160.00 0;SIMPLE_INSTRUMENT;BLOCK;EUR;4;2.60000000;1000;EXCHANGE_LAST;;1;4;XEUR;7152565;74;
05.06.2025;10:48:47.628;AMUF SI 20250620 CS;SIMPLE_INSTRUMENT;BLOCK;EUR;28;69.07130000;2150;EXCHANGE_LAST;;1;1;XEUR;11198979;128158;
05.06.2025;10:49:02.277;AMUF SI 20250718 CS;SIMPLE_INSTRUMENT;BLOCK;EUR;29;69.18490000;2150;EXCHANGE_LAST;;1;1;XEUR;11394631;128158;
05.06.2025;13:32:19.594;ANN SI 20260619 PS AM C 36.00 0;SIMPLE_INSTRUMENT;BLOCK;EUR;27;1.18000000;894;EXCHANGE_LAST;;1;1;XEUR;9653509;45202;
05.06.2025;13:32:29.704;ANN SI 20260619 PS AM C 36.00 0;SIMPLE_INSTRUMENT;BLOCK;EUR;28;1.15000000;1106;EXCHANGE_LAST;;1;1;XEUR;9653509;45202;
05.06.2025;13:33:03.591;ANN SI 20261218 PS AM C 32.00 0;SIMPLE_INSTRUMENT;BLOCK;EUR;29;2.92000000;1500;EXCHANGE_LAST;;1;1;XEUR;7421937;45202;
05.06.2025;13:59:24.726;ANNG SI 20250919 CS;SIMPLE_INSTRUMENT;BLOCK;EUR;70;29.82040000;11500;EXCHANGE_LAST;;1;1;XEUR;11738849;464374;
05.06.2025;14:04:35.086;ASIF SI 20250919 CS;SIMPLE_INSTRUMENT;BLOCK;EUR;75;496.63830000;375;EXCHANGE_LAST;;1;1;XEUR;11724528;46864;
05.06.2025;08:14:19.052;AXA SI 20260619 PS AM P 32.00 0;SIMPLE_INSTRUMENT;BLOCK;EUR;10;1.02000000;2500;EXCHANGE_LAST;;1;1;XEUR;9538765;127;
05.06.2025;08:14:30.594;AXA SI 20260619 PS AM P 33.00 0;SIMPLE_INSTRUMENT;BLOCK;EUR;11;1.15000000;2500;EXCHANGE_LAST;;1;1;XEUR;12767443;127;
05.06.2025;10:46:37.586;AXA SI 20251219 PS AM P 32.00 0;SIMPLE_INSTRUMENT;BLOCK;EUR;25;0.45000000;1250;EXCHANGE_LAST;;1;1;XEUR;6158498;127;
05.06.2025;10:26:29.212;B2NP SI 20281215 CS;SIMPLE_INSTRUMENT;BLOCK;EUR;21;4.15000000;50;EXCHANGE_LAST;;1;1;XEUR;7086921;131;
05.06.2025;12:10:50.109;B2NP SI 20281215 CS;SIMPLE_INSTRUMENT;BLOCK;EUR;44;4.15000000;150;EXCHANGE_LAST;;1;1;XEUR;7086921;131;
05.06.2025;13:12:54.097;B2NP SI 20261218 CS;SIMPLE_INSTRUMENT;BLOCK;EUR;52;4.84500000;150;EXCHANGE_LAST;;2;1;XEUR;6798320;131;
05.06.2025;14:18:49.016;B2NP SI 20251219 CS;SIMPLE_INSTRUMENT;BLOCK;EUR;84;7.29000000;250;EXCHANGE_LAST;;2;1;XEUR;5914355;131;
05.06.2025;09:20:05.589;BAN.O.250605.STG.000002;STANDARD_OPTION_STRATEGY;BLOCK;CHF;15;6.85000000;100;EXCHANGE_LAST;;1;1;XEUR;73339792099641662;298535;
05.06.2025;09:20:05.589;BAN SI 20251219 PS AM P 48.00 0;SIMPLE_INSTRUMENT;BLOCK;CHF;15;2.66000000;100;PRC_DECOMP_EXCHANGE;;;;XEUR;10448727;298535;EXCHANGE
05.06.2025;09:20:05.589;BAN SI 20251219 PS AM C 53.00 0;SIMPLE_INSTRUMENT;BLOCK;CHF;15;4.19000000;100;PRC_DECOMP_EXCHANGE;;;;XEUR;13127168;298535;EXCHANGE
05.06.2025;08:47:26.890;BAS SI 20250620 PS AM P 44.00 0;SIMPLE_INSTRUMENT;BLOCK;EUR;1;2.07000000;2400;EXCHANGE_LAST;;2;3;XEUR;7898970;150;
05.06.2025;12:29:08.867;BAS SI 20270618 PS AM P 52.00 0;SIMPLE_INSTRUMENT;BLOCK;EUR;7;13.16000000;500;EXCHANGE_LAST;;1;1;XEUR;11350888;150;
05.06.2025;14:23:52.890;BASE SI 20291221 PS EU P 24.00 0;SIMPLE_INSTRUMENT;BLOCK;EUR;11;2.21000000;2000;EXCHANGE_LAST;;1;1;XEUR;12433303;151;
05.06.2025;14:23:29.411;BASE SI 20291221 PS EU P 40.00 0;SIMPLE_INSTRUMENT;BLOCK;EUR;12;7.82000000;3000;EXCHANGE_LAST;;1;1;XEUR;12433330;151;
05.06.2025;09:01:39.594;BAY SI 20250620 PS AM P 25.00 0;SIMPLE_INSTRUMENT;BLOCK;EUR;2;0.30000000;2500;EXCHANGE_LAST;;1;1;XEUR;11992378;168;
05.06.2025;10:31:59.301;BAY SI 20250620 PS AM C 28.00 0;SIMPLE_INSTRUMENT;BLOCK;EUR;3;0.34000000;7500;EXCHANGE_LAST;;1;1;XEUR;8112566;168;
05.06.2025;11:13:29.980;BAY SI 20250919 PS AM C 30.00 0;SIMPLE_INSTRUMENT;BLOCK;EUR;5;1.16000000;950;EXCHANGE_LAST;;1;1;XEUR;11873061;168;
05.06.2025;11:43:34.489;BAY SI 20250620 PS AM C 27.00 0;SIMPLE_INSTRUMENT;BLOCK;EUR;6;0.44000000;55250;EXCHANGE_LAST;;5;1;XEUR;11992379;168;
05.06.2025;13:03:01.205;BAY SI 20250620 PS AM P 26.00 0;SIMPLE_INSTRUMENT;BLOCK;EUR;8;0.59000000;6000;EXCHANGE_LAST;;1;1;XEUR;10324699;168;
05.06.2025;13:22:31.471;BAY SI 20250620 PS AM P 26.00 0;SIMPLE_INSTRUMENT;BLOCK;EUR;9;0.59000000;2750;EXCHANGE_LAST;;1;2;XEUR;10324699;168;
05.06.2025;13:26:48.211;BAY SI 20261218 PS AM P 24.00 0;SIMPLE_INSTRUMENT;BLOCK;EUR;10;3.47000000;2500;EXCHANGE_LAST;;1;2;XEUR;8112421;168;
05.06.2025;14:37:39.421;BAY SI 20250919 PS AM P 21.00 0;SIMPLE_INSTRUMENT;BLOCK;EUR;13;0.49000000;1500;EXCHANGE_LAST;;1;1;XEUR;12231597;168;
05.06.2025;14:54:17.047;BAY SI 20250919 PS AM P 21.00 0;SIMPLE_INSTRUMENT;BLOCK;EUR;14;0.49000000;3000;EXCHANGE_LAST;;1;1;XEUR;12231597;168;
05.06.2025;15:02:48.223;BAY SI 20251219 PS AM C 30.00 0;SIMPLE_INSTRUMENT;BLOCK;EUR;15;2.04000000;5000;EXCHANGE_LAST;;1;4;XEUR;10804252;168;
05.06.2025;15:15:10.040;BAY.O.250605.CDIA.000081;STANDARD_OPTION_STRATEGY;BLOCK;EUR;16;0.43000000;1000;EXCHANGE_LAST;;1;1;XEUR;72058315592512071;168;
05.06.2025;15:15:10.040;BAY SI 20250919 PS AM C 29.00 0;SIMPLE_INSTRUMENT;BLOCK;EUR;16;1.31000000;1000;PRC_DECOMP_EXCHANGE;;;;XEUR;11992369;168;EXCHANGE
05.06.2025;15:15:10.040;BAY SI 20250718 PS AM C 28.00 0;SIMPLE_INSTRUMENT;BLOCK;EUR;16;0.88000000;1000;PRC_DECOMP_EXCHANGE;;;;XEUR;13313393;168;EXCHANGE
05.06.2025;15:29:05.236;BAY SI 20250620 PS AM P 26.00 0;SIMPLE_INSTRUMENT;BLOCK;EUR;18;0.61000000;3000;EXCHANGE_LAST;;1;1;XEUR;10324699;168;
05.06.2025;15:59:03.192;BAY SI 20250919 PS AM C 30.00 0;SIMPLE_INSTRUMENT;BLOCK;EUR;19;1.14000000;31200;EXCHANGE_LAST;;1;1;XEUR;11873061;168;
05.06.2025;15:59:06.984;BAY SI 20250620 PS AM C 27.00 0;SIMPLE_INSTRUMENT;BLOCK;EUR;20;0.43000000;65970;EXCHANGE_LAST;;1;1;XEUR;11992379;168;
05.06.2025;15:59:10.874;BAY SI 20250620 PS AM C 27.00 0;SIMPLE_INSTRUMENT;BLOCK;EUR;21;0.44000000;7330;EXCHANGE_LAST;;1;1;XEUR;11992379;168;
05.06.2025;10:50:17.627;BMW.O.250605.BER.000004;STANDARD_OPTION_STRATEGY;BLOCK;EUR;5;2.92000000;1000;EXCHANGE_LAST;;1;1;XEUR;72058495981111574;210;
05.06.2025;10:50:17.627;BMW SI 20251219 PS AM P 76.00 0;SIMPLE_INSTRUMENT;BLOCK;EUR;5;6.22000000;1000;PRC_DECOMP_MEMBER;;;;XEUR;5923232;210;MEMBER
05.06.2025;10:50:17.627;BMW SI 20251219 PS AM P 68.00 0;SIMPLE_INSTRUMENT;BLOCK;EUR;5;3.30000000;1000;PRC_DECOMP_MEMBER;;;;XEUR;5923230;210;MEMBER
05.06.2025;11:06:19.806;BMW SI 20250620 PS AM C 80.00 0;SIMPLE_INSTRUMENT;BLOCK;EUR;7;0.74000000;634;EXCHANGE_LAST;;1;1;XEUR;11332529;210;
05.06.2025;09:56:09.179;BNP SI 20251219 PS AM P 72.00 0;SIMPLE_INSTRUMENT;BLOCK;EUR;18;4.00000000;350;EXCHANGE_LAST;;1;1;XEUR;6371616;237;
05.06.2025;14:09:17.599;BNPH SI 20250919 CS;SIMPLE_INSTRUMENT;BLOCK;EUR;83;77.68440000;500;EXCHANGE_LAST;;1;1;XEUR;11701000;236;
05.06.2025;15:03:25.082;BSD2 SI 20250815 PS AM P 6.25 0;SIMPLE_INSTRUMENT;BLOCK;EUR;12;0.12000000;20052;EXCHANGE_LAST;;1;1;XEUR;13406511;245;
05.06.2025;15:03:40.418;BSD2 SI 20250815 PS AM P 6.25 0;SIMPLE_INSTRUMENT;BLOCK;EUR;13;0.13000000;4107;EXCHANGE_LAST;;1;1;XEUR;13406511;245;
05.06.2025;14:09:03.568;BSNH SI 20250919 CS;SIMPLE_INSTRUMENT;BLOCK;EUR;82;74.91820000;1500;EXCHANGE_LAST;;1;1;XEUR;11701685;274;
05.06.2025;09:26:54.665;BUCN.O.250605.STG.000001;STANDARD_OPTION_STRATEGY;BLOCK;CHF;18;47.00000000;200;EXCHANGE_LAST;;1;1;XEUR;72521609419687133;108037;
05.06.2025;09:26:54.665;BUCN SI 20251219 PS AM P 380.00 0;SIMPLE_INSTRUMENT;BLOCK;CHF;18;18.02000000;200;PRC_DECOMP_EXCHANGE;;;;XEUR;12476153;108037;EXCHANGE
05.06.2025;09:26:54.665;BUCN SI 20251219 PS AM C 400.00 0;SIMPLE_INSTRUMENT;BLOCK;CHF;18;28.98000000;200;PRC_DECOMP_EXCHANGE;;;;XEUR;10440720;108037;EXCHANGE
05.06.2025;14:34:55.128;BYG SI 20260619 PS AM P 32.00 0;SIMPLE_INSTRUMENT;BLOCK;EUR;39;1.53000000;1500;EXCHANGE_LAST;;1;2;XEUR;9542679;280;
05.06.2025;10:36:01.276;CBK.O.250605.STG.000004;STANDARD_OPTION_STRATEGY;BLOCK;EUR;6;10.35000000;10000;EXCHANGE_LAST;;1;3;XEUR;72058745089205828;268;
05.06.2025;10:36:01.276;CBK SI 20270618 PS AM P 24.00 0;SIMPLE_INSTRUMENT;BLOCK;EUR;6;4.59000000;10000;PRC_DECOMP_EXCHANGE;;;;XEUR;11354081;268;EXCHANGE
05.06.2025;10:36:01.276;CBK SI 20270618 PS AM C 28.00 0;SIMPLE_INSTRUMENT;BLOCK;EUR;6;5.76000000;10000;PRC_DECOMP_EXCHANGE;;;;XEUR;11523119;268;EXCHANGE
05.06.2025;14:01:14.539;CBK SI 20250919 PS AM P 20.00 0;SIMPLE_INSTRUMENT;BLOCK;EUR;11;0.30000000;3000;EXCHANGE_LAST;;1;1;XEUR;11875682;268;
05.06.2025;15:38:05.600;CBK SI 20251219 PS AM C 32.00 0;SIMPLE_INSTRUMENT;BLOCK;EUR;16;1.59000000;4250;EXCHANGE_LAST;;1;2;XEUR;10982479;268;
05.06.2025;09:02:51.513;CFR FI 20250702 CS EU C 164.2000 0;FLEXIBLE_INSTRUMENT;BLOCK;CHF;11;0.90000000;425;EXCHANGE_LAST;;1;1;XEUR;1152922848931628673;313;
05.06.2025;09:13:23.777;CFR.O.250605.STG.000005;STANDARD_OPTION_STRATEGY;BLOCK;CHF;16;19.61000000;350;EXCHANGE_LAST;;1;1;XEUR;72058938362730096;313;
05.06.2025;09:13:23.777;CFR SI 20251219 PS AM C 170.00 0;SIMPLE_INSTRUMENT;BLOCK;CHF;16;6.73000000;350;PRC_DECOMP_EXCHANGE;;;;XEUR;12437084;313;EXCHANGE
05.06.2025;09:13:23.777;CFR SI 20251219 PS AM P 150.00 0;SIMPLE_INSTRUMENT;BLOCK;CHF;16;12.88000000;350;PRC_DECOMP_EXCHANGE;;;;XEUR;12437081;313;EXCHANGE
05.06.2025;14:57:26.344;CFR SI 20260619 PS AM P 120.00 0;SIMPLE_INSTRUMENT;BLOCK;CHF;61;6.86000000;300;EXCHANGE_LAST;;1;1;XEUR;9996425;313;
05.06.2025;10:15:02.280;CFRL.S.JUN25.AUG25.SPD;FUTURES_SPREAD;BLOCK;CHF;18;-0.02900000;800;EXCHANGE_LAST;;1;1;XEUR;75190570816897050;729453;
05.06.2025;10:15:02.280;CFRL SI 20250815 CS;SIMPLE_INSTRUMENT;BLOCK;CHF;18;154.21660000;800;PRC_DECOMP_EXCHANGE;;;;XEUR;11576690;729453;EXCHANGE
05.06.2025;10:15:02.280;CFRL SI 20250620 CS;SIMPLE_INSTRUMENT;BLOCK;CHF;18;154.18760000;800;PRC_DECOMP_EXCHANGE;;;;XEUR;11215225;729453;EXCHANGE
05.06.2025;10:32:02.170;CLN.O.250605.BER.000001;STANDARD_OPTION_STRATEGY;BLOCK;CHF;24;0.82000000;2000;EXCHANGE_LAST;;1;1;XEUR;72058865348266463;296;
05.06.2025;10:32:02.170;CLN SI 20251219 PS AM P 9.60 0;SIMPLE_INSTRUMENT;BLOCK;CHF;24;1.24000000;2000;PRC_DECOMP_MEMBER;;;;XEUR;10619820;296;MEMBER
05.06.2025;10:32:02.170;CLN SI 20251219 PS AM P 8.00 0;SIMPLE_INSTRUMENT;BLOCK;CHF;24;0.42000000;2000;PRC_DECOMP_MEMBER;;;;XEUR;7510295;296;MEMBER
05.06.2025;13:13:49.409;CLN SI 20260320 PS AM P 7.60 0;SIMPLE_INSTRUMENT;BLOCK;CHF;44;0.46000000;3500;EXCHANGE_LAST;;1;1;XEUR;13000178;296;
05.06.2025;11:33:15.620;D3AI SI 20271217 CS;SIMPLE_INSTRUMENT;BLOCK;EUR;40;2.54000000;100;EXCHANGE_LAST;;1;1;XEUR;7144067;443197;
05.06.2025;09:08:07.369;DAI.O.250605.BER.000004;STANDARD_OPTION_STRATEGY;BLOCK;EUR;2;1.93000000;3500;EXCHANGE_LAST;;2;2;XEUR;73961106363666815;443196;
05.06.2025;09:08:07.369;DAI SI 20250919 PS AM P 46.00 0;SIMPLE_INSTRUMENT;BLOCK;EUR;2;1.22000000;3500;PRC_DECOMP_EXCHANGE;;;;XEUR;11925593;443196;EXCHANGE
05.06.2025;09:08:07.369;DAI SI 20250919 PS AM P 52.00 0;SIMPLE_INSTRUMENT;BLOCK;EUR;2;3.15000000;3500;PRC_DECOMP_EXCHANGE;;;;XEUR;11925612;443196;EXCHANGE
05.06.2025;11:05:54.258;DAI SI 20250620 PS AM C 54.00 0;SIMPLE_INSTRUMENT;BLOCK;EUR;6;0.36000000;1347;EXCHANGE_LAST;;1;1;XEUR;13049932;443196;
05.06.2025;12:35:10.622;DAI SI 20251219 PS AM C 64.00 0;SIMPLE_INSTRUMENT;BLOCK;EUR;10;0.80000000;2500;EXCHANGE_LAST;;2;1;XEUR;7423844;443196;
05.06.2025;13:16:39.417;DAI SI 20251219 PS AM P 50.00 0;SIMPLE_INSTRUMENT;BLOCK;EUR;14;3.42000000;1500;EXCHANGE_LAST;;1;1;XEUR;12490173;443196;
05.06.2025;10:53:22.922;DAIG.S.JUN25.SEP25.SPD;FUTURES_SPREAD;BLOCK;EUR;30;-0.27500000;4000;EXCHANGE_LAST;;1;1;XEUR;73961136428417133;443203;
05.06.2025;10:53:22.922;DAIG SI 20250919 CS;SIMPLE_INSTRUMENT;BLOCK;EUR;30;51.86000000;4000;PRC_DECOMP_MEMBER;;;;XEUR;11738579;443203;MEMBER
05.06.2025;10:53:22.922;DAIG SI 20250620 CS;SIMPLE_INSTRUMENT;BLOCK;EUR;30;51.58500000;4000;PRC_DECOMP_MEMBER;;;;XEUR;11207841;443203;MEMBER
05.06.2025;11:19:00.365;DAIG SI 20250620 CS;SIMPLE_INSTRUMENT;BLOCK;EUR;35;51.58500000;4000;EXCHANGE_LAST;;1;1;XEUR;11207841;443203;
05.06.2025;14:06:01.052;DAIG.S.JUN25.SEP25.SPD;FUTURES_SPREAD;BLOCK;EUR;73;-0.28250000;7000;EXCHANGE_LAST;;1;1;XEUR;73961136428417133;443203;
05.06.2025;14:06:01.052;DAIG SI 20250919 CS;SIMPLE_INSTRUMENT;BLOCK;EUR;73;51.86500000;7000;PRC_DECOMP_EXCHANGE;;;;XEUR;11738579;443203;EXCHANGE
05.06.2025;14:06:01.052;DAIG SI 20250620 CS;SIMPLE_INSTRUMENT;BLOCK;EUR;73;51.58250000;7000;PRC_DECOMP_EXCHANGE;;;;XEUR;11207841;443203;EXCHANGE
05.06.2025;14:05:30.696;DBKI SI 20250919 CS;SIMPLE_INSTRUMENT;BLOCK;EUR;76;24.36250000;1500;EXCHANGE_LAST;;1;1;XEUR;11726338;51566;
05.06.2025;11:30:29.364;DHE SI 20260320 PS AM P 20.00 0;SIMPLE_INSTRUMENT;BLOCK;EUR;23;2.93000000;1000;EXCHANGE_LAST;;1;1;XEUR;13035037;57135;
05.06.2025;07:53:37.518;DPW.O.250605.BER.000004;STANDARD_OPTION_STRATEGY;BLOCK;EUR;1;0.29000000;700;EXCHANGE_LAST;;1;1;XEUR;72059505298417780;445;
05.06.2025;07:53:37.518;DPW SI 20250620 PS AM P 39.00 0;SIMPLE_INSTRUMENT;BLOCK;EUR;1;0.32000000;700;PRC_DECOMP_MEMBER;;;;XEUR;13002659;445;MEMBER
05.06.2025;07:53:37.518;DPW SI 20250620 PS AM P 40.00 0;SIMPLE_INSTRUMENT;BLOCK;EUR;1;0.61000000;700;PRC_DECOMP_MEMBER;;;;XEUR;7902465;445;MEMBER
05.06.2025;07:53:24.353;DPW.O.250605.BER.000004;STANDARD_OPTION_STRATEGY;BLOCK;EUR;2;0.30000000;700;EXCHANGE_LAST;;1;1;XEUR;72059505298417780;445;
05.06.2025;07:53:24.353;DPW SI 20250620 PS AM P 39.00 0;SIMPLE_INSTRUMENT;BLOCK;EUR;2;0.32000000;700;PRC_DECOMP_MEMBER;;;;XEUR;13002659;445;MEMBER
05.06.2025;07:53:24.353;DPW SI 20250620 PS AM P 40.00 0;SIMPLE_INSTRUMENT;BLOCK;EUR;2;0.62000000;700;PRC_DECOMP_MEMBER;;;;XEUR;7902465;445;MEMBER
05.06.2025;12:43:16.468;DPW SI 20250919 PS AM P 40.00 0;SIMPLE_INSTRUMENT;BLOCK;EUR;25;1.89000000;2750;EXCHANGE_LAST;;3;1;XEUR;11878796;445;
05.06.2025;14:29:01.755;DPW SI 20281215 PS AM P 36.00 0;SIMPLE_INSTRUMENT;BLOCK;EUR;30;5.25000000;400;EXCHANGE_LAST;;1;1;XEUR;10403162;445;
05.06.2025;11:02:01.333;DTE SI 20250919 PS AM C 36.00 0;SIMPLE_INSTRUMENT;BLOCK;EUR;18;0.79000000;4000;EXCHANGE_LAST;;1;1;XEUR;11878528;424;
05.06.2025;13:03:48.232;DTE.O.250605.COMBO.000012;STANDARD_OPTION_STRATEGY;BLOCK;EUR;26;0.01000000;2000;EXCHANGE_LAST;;1;1;XEUR;72059415104109774;424;
05.06.2025;13:03:48.232;DTE SI 20250620 PS AM C 36.00 0;SIMPLE_INSTRUMENT;BLOCK;EUR;26;0.08000000;2000;PRC_DECOMP_EXCHANGE;;;;XEUR;8215290;424;EXCHANGE
05.06.2025;13:03:48.232;DTE SI 20250620 PS AM P 32.00 0;SIMPLE_INSTRUMENT;BLOCK;EUR;26;0.09000000;2000;PRC_DECOMP_EXCHANGE;;;;XEUR;7976637;424;EXCHANGE
05.06.2025;15:48:36.509;DTE.O.250605.BER.000013;STANDARD_OPTION_STRATEGY;BLOCK;EUR;42;0.76000000;2000;EXCHANGE_LAST;;1;1;XEUR;72059415104109775;424;
05.06.2025;15:48:36.509;DTE SI 20251219 PS AM P 32.00 0;SIMPLE_INSTRUMENT;BLOCK;EUR;42;1.13000000;2000;PRC_DECOMP_EXCHANGE;;;;XEUR;7834484;424;EXCHANGE
05.06.2025;15:48:36.509;DTE SI 20251219 PS AM P 28.00 0;SIMPLE_INSTRUMENT;BLOCK;EUR;42;0.37000000;2000;PRC_DECOMP_EXCHANGE;;;;XEUR;6268407;424;EXCHANGE
05.06.2025;10:18:26.211;DTGF SI 20250620 CS;SIMPLE_INSTRUMENT;BLOCK;EUR;20;37.89420000;1500;EXCHANGE_LAST;;1;1;XEUR;11207866;455940;
05.06.2025;15:42:54.588;DUFF SI 20250919 CS;SIMPLE_INSTRUMENT;BLOCK;CHF;98;43.21000000;400;EXCHANGE_LAST;;1;1;XEUR;11730755;156160;
05.06.2025;08:21:46.053;E2NL SI 20261218 CS;SIMPLE_INSTRUMENT;BLOCK;EUR;1;0.45700000;2670;EXCHANGE_LAST;;1;1;XEUR;4632356;471;
05.06.2025;08:21:52.213;E2NL SI 20261218 CS;SIMPLE_INSTRUMENT;BLOCK;EUR;2;0.45800000;2670;EXCHANGE_LAST;;1;1;XEUR;4632356;471;
05.06.2025;11:20:05.122;E2NL SI 20261218 CS;SIMPLE_INSTRUMENT;BLOCK;EUR;36;0.45700000;500;EXCHANGE_LAST;;1;1;XEUR;4632356;471;
05.06.2025;11:21:25.870;E2NL SI 20261218 CS;SIMPLE_INSTRUMENT;BLOCK;EUR;37;0.45800000;500;EXCHANGE_LAST;;1;1;XEUR;4632356;471;
05.06.2025;13:50:12.814;E2NT SI 20281215 CS;SIMPLE_INSTRUMENT;BLOCK;EUR;65;0.79000000;1200;EXCHANGE_LAST;;2;1;XEUR;6802271;470;
05.06.2025;07:50:46.641;EAD SI 20251219 PS AM C 178.66 1;SIMPLE_INSTRUMENT;BLOCK;EUR;3;10.05000000;1000;EXCHANGE_LAST;;1;1;XEUR;11013926;465;
05.06.2025;08:55:22.679;EAD SI 20250620 PS AM C 170.00 0;SIMPLE_INSTRUMENT;BLOCK;EUR;13;3.28000000;500;EXCHANGE_LAST;;1;1;XEUR;13242216;465;
05.06.2025;13:49:47.639;EADG SI 20250620 CS;SIMPLE_INSTRUMENT;BLOCK;EUR;63;167.24940000;4733;EXCHANGE_LAST;;1;1;XEUR;11420351;840008;
05.06.2025;13:50:10.237;EADG SI 20250919 CS;SIMPLE_INSTRUMENT;BLOCK;EUR;64;168.21070000;1400;EXCHANGE_LAST;;1;1;XEUR;11749712;840008;
05.06.2025;13:58:15.462;EFXF SI 20250620 CS;SIMPLE_INSTRUMENT;BLOCK;EUR;69;248.85200000;350;EXCHANGE_LAST;;1;1;XEUR;11173457;451;
05.06.2025;11:00:50.686;ENR SI 20251219 PS AM C 96.00 0;SIMPLE_INSTRUMENT;BLOCK;EUR;17;10.85000000;1000;EXCHANGE_LAST;;1;1;XEUR;12778147;298530;
05.06.2025;14:33:15.366;ENR SI 20250718 PS AM C 110.00 0;SIMPLE_INSTRUMENT;BLOCK;EUR;31;0.90000000;2981;EXCHANGE_LAST;;1;1;XEUR;13499422;298530;
05.06.2025;14:33:15.367;ENR SI 20250718 PS AM C 110.00 0;SIMPLE_INSTRUMENT;BLOCK;EUR;32;0.92000000;8269;EXCHANGE_LAST;;1;1;XEUR;13499422;298530;
05.06.2025;14:33:41.327;ENR SI 20250718 PS AM C 96.00 0;SIMPLE_INSTRUMENT;BLOCK;EUR;33;3.33000000;5070;EXCHANGE_LAST;;1;1;XEUR;13474824;298530;
05.06.2025;14:33:41.337;ENR SI 20250718 PS AM C 96.00 0;SIMPLE_INSTRUMENT;BLOCK;EUR;34;3.32000000;4680;EXCHANGE_LAST;;1;1;XEUR;13474824;298530;
05.06.2025;14:34:08.190;ENR SI 20250620 PS AM C 100.00 0;SIMPLE_INSTRUMENT;BLOCK;EUR;35;0.41000000;8344;EXCHANGE_LAST;;1;1;XEUR;13499416;298530;
05.06.2025;14:34:08.200;ENR SI 20250620 PS AM C 100.00 0;SIMPLE_INSTRUMENT;BLOCK;EUR;36;0.42000000;1031;EXCHANGE_LAST;;1;1;XEUR;13499416;298530;
05.06.2025;14:34:31.245;ENR SI 20250620 PS AM C 90.00 0;SIMPLE_INSTRUMENT;BLOCK;EUR;37;2.68000000;4050;EXCHANGE_LAST;;1;1;XEUR;13361559;298530;
05.06.2025;14:34:31.255;ENR SI 20250620 PS AM C 90.00 0;SIMPLE_INSTRUMENT;BLOCK;EUR;38;2.69000000;3450;EXCHANGE_LAST;;1;1;XEUR;13361559;298530;
05.06.2025;15:14:24.230;ENR SI 20260619 PS AM P 84.00 0;SIMPLE_INSTRUMENT;BLOCK;EUR;39;14.65000000;200;EXCHANGE_LAST;;1;1;XEUR;12229439;298530;
05.06.2025;15:30:26.513;ENR SI 20260619 PS AM P 84.00 0;SIMPLE_INSTRUMENT;BLOCK;EUR;41;14.65000000;525;EXCHANGE_LAST;;1;1;XEUR;12229439;298530;
05.06.2025;16:02:33.516;ENT5 SI 20251218 PS AM P 13.00 0;SIMPLE_INSTRUMENT;BLOCK;EUR;14;0.84000000;1500;EXCHANGE_LAST;;2;1;XEUR;11793683;497;
05.06.2025;12:11:33.054;F3IA SI 20261218 CS;SIMPLE_INSTRUMENT;BLOCK;EUR;45;0.39500000;500;EXCHANGE_LAST;;1;1;XEUR;6830373;390387;
05.06.2025;13:44:53.697;F3IA SI 20261218 CS;SIMPLE_INSTRUMENT;BLOCK;EUR;59;0.40000000;500;EXCHANGE_LAST;;1;1;XEUR;6830373;390387;
05.06.2025;15:44:25.172;F3IA SI 20261218 CS;SIMPLE_INSTRUMENT;BLOCK;EUR;99;0.40000000;500;EXCHANGE_LAST;;1;1;XEUR;6830373;390387;
05.06.2025;15:44:59.927;F3IA SI 20261218 CS;SIMPLE_INSTRUMENT;BLOCK;EUR;100;0.40000000;500;EXCHANGE_LAST;;1;1;XEUR;6830373;390387;
05.06.2025;08:04:24.006;FBTP SI 20250908 PS;SIMPLE_INSTRUMENT;BLOCK;EUR;1;120.75000000;264;EXCHANGE_LAST;;1;1;XEUR;12372474;636;
05.06.2025;09:04:54.671;FBTP SI 20250908 PS;SIMPLE_INSTRUMENT;BLOCK;EUR;2;121.06000000;1377;EXCHANGE_LAST;;1;1;XEUR;12372474;636;
05.06.2025;09:16:01.619;FBTP SI 20250908 PS;SIMPLE_INSTRUMENT;BLOCK;EUR;3;121.13000000;1377;EXCHANGE_LAST;;1;1;XEUR;12372474;636;
05.06.2025;09:32:04.581;FBTP SI 20250606 PS;SIMPLE_INSTRUMENT;BLOCK;EUR;4;121.54000000;1000;EXCHANGE_LAST;;1;1;XEUR;11820365;636;
05.06.2025;09:33:24.128;FBTP SI 20250908 PS;SIMPLE_INSTRUMENT;BLOCK;EUR;5;121.12000000;960;EXCHANGE_LAST;;1;1;XEUR;12372474;636;
05.06.2025;09:42:29.906;FBTP SI 20250908 PS;SIMPLE_INSTRUMENT;EFP_FIN;EUR;6;121.21000000;591;EXCHANGE_LAST;;1;1;XEUR;12372474;636;
05.06.2025;09:42:57.623;FBTP SI 20250908 PS;SIMPLE_INSTRUMENT;EFP_FIN;EUR;7;121.24000000;78;EXCHANGE_LAST;;1;1;XEUR;12372474;636;
05.06.2025;09:47:31.891;FBTP SI 20250908 PS;SIMPLE_INSTRUMENT;BLOCK;EUR;8;121.20000000;937;EXCHANGE_LAST;;1;1;XEUR;12372474;636;
05.06.2025;11:06:02.486;FBTP SI 20250908 PS;SIMPLE_INSTRUMENT;EFP_FIN;EUR;9;121.16000000;1507;EXCHANGE_LAST;;1;1;XEUR;12372474;636;
05.06.2025;11:20:40.977;FBTP SI 20250908 PS;SIMPLE_INSTRUMENT;EFP_FIN;EUR;10;121.12000000;181;EXCHANGE_LAST;;1;1;XEUR;12372474;636;
05.06.2025;11:28:01.731;FBTP SI 20250908 PS;SIMPLE_INSTRUMENT;EFS;EUR;11;121.15000000;449;EXCHANGE_LAST;;1;1;XEUR;12372474;636;
05.06.2025;11:40:14.823;FBTP SI 20250908 PS;SIMPLE_INSTRUMENT;BLOCK;EUR;12;121.22000000;925;EXCHANGE_LAST;;1;1;XEUR;12372474;636;
05.06.2025;11:43:36.861;FBTP SI 20250908 PS;SIMPLE_INSTRUMENT;EFS;EUR;13;120.93000000;450;EXCHANGE_LAST;;1;1;XEUR;12372474;636;
05.06.2025;12:37:21.554;FBTP SI 20250606 PS;SIMPLE_INSTRUMENT;EFS;EUR;14;121.55000000;221;EXCHANGE_LAST;;1;1;XEUR;11820365;636;
05.06.2025;12:39:02.685;FBTP SI 20250908 PS;SIMPLE_INSTRUMENT;EFS;EUR;15;121.13000000;221;EXCHANGE_LAST;;1;1;XEUR;12372474;636;
05.06.2025;12:39:14.866;FBTP SI 20250908 PS;SIMPLE_INSTRUMENT;EFP_FIN;EUR;16;121.07000000;70;EXCHANGE_LAST;;1;1;XEUR;12372474;636;
05.06.2025;14:23:22.300;FBTP SI 20250908 PS;SIMPLE_INSTRUMENT;EFP_FIN;EUR;17;120.49000000;848;EXCHANGE_LAST;;1;1;XEUR;12372474;636;
05.06.2025;15:23:00.449;FBTP SI 20250908 PS;SIMPLE_INSTRUMENT;EFP_FIN;EUR;18;120.27000000;215;EXCHANGE_LAST;;1;1;XEUR;12372474;636;
05.06.2025;07:57:38.483;FBTS SI 20250908 PS;SIMPLE_INSTRUMENT;EFP_FIN;EUR;5;108.07000000;981;EXCHANGE_LAST;;1;1;XEUR;12372476;639;
05.06.2025;08:23:08.567;FBTS SI 20250908 PS;SIMPLE_INSTRUMENT;EFP_FIN;EUR;9;108.08000000;1368;EXCHANGE_LAST;;1;1;XEUR;12372476;639;
05.06.2025;09:08:57.001;FBTS SI 20250908 PS;SIMPLE_INSTRUMENT;EFP_FIN;EUR;13;108.09000000;2380;EXCHANGE_LAST;;1;1;XEUR;12372476;639;
05.06.2025;09:18:03.472;FBTS SI 20250908 PS;SIMPLE_INSTRUMENT;EFP_FIN;EUR;14;108.11000000;469;EXCHANGE_LAST;;1;1;XEUR;12372476;639;
05.06.2025;09:23:12.201;FBTS SI 20250908 PS;SIMPLE_INSTRUMENT;BLOCK;EUR;15;108.08000000;469;EXCHANGE_LAST;;1;1;XEUR;12372476;639;
05.06.2025;09:49:42.275;FBTS SI 20250908 PS;SIMPLE_INSTRUMENT;EFP_FIN;EUR;19;108.12000000;1406;EXCHANGE_LAST;;1;1;XEUR;12372476;639;
05.06.2025;09:57:41.731;FBTS SI 20250908 PS;SIMPLE_INSTRUMENT;EFP_FIN;EUR;20;108.11000000;755;EXCHANGE_LAST;;1;1;XEUR;12372476;639;
05.06.2025;09:57:53.422;FBTS SI 20250908 PS;SIMPLE_INSTRUMENT;EFP_FIN;EUR;21;108.12000000;1565;EXCHANGE_LAST;;1;1;XEUR;12372476;639;
05.06.2025;10:13:58.129;FBTS SI 20250908 PS;SIMPLE_INSTRUMENT;BLOCK;EUR;22;108.10000000;938;EXCHANGE_LAST;;1;1;XEUR;12372476;639;
05.06.2025;10:23:22.288;FBTS SI 20250908 PS;SIMPLE_INSTRUMENT;BLOCK;EUR;23;108.10000000;938;EXCHANGE_LAST;;1;1;XEUR;12372476;639;
05.06.2025;10:28:28.385;FBTS SI 20250908 PS;SIMPLE_INSTRUMENT;EFP_FIN;EUR;24;108.10000000;1641;EXCHANGE_LAST;;1;1;XEUR;12372476;639;
05.06.2025;10:32:27.158;FBTS SI 20250908 PS;SIMPLE_INSTRUMENT;BLOCK;EUR;25;108.10000000;1875;EXCHANGE_LAST;;1;1;XEUR;12372476;639;
05.06.2025;10:46:28.857;FBTS SI 20250908 PS;SIMPLE_INSTRUMENT;EFP_FIN;EUR;27;108.09000000;469;EXCHANGE_LAST;;1;1;XEUR;12372476;639;
05.06.2025;11:39:05.496;FBTS SI 20250908 PS;SIMPLE_INSTRUMENT;EFP_FIN;EUR;32;108.09000000;937;EXCHANGE_LAST;;1;1;XEUR;12372476;639;
05.06.2025;11:47:20.396;FBTS SI 20250908 PS;SIMPLE_INSTRUMENT;EFP_FIN;EUR;33;108.09000000;1172;EXCHANGE_LAST;;1;1;XEUR;12372476;639;
05.06.2025;11:47:31.183;FBTS SI 20250908 PS;SIMPLE_INSTRUMENT;EFP_FIN;EUR;34;108.10000000;703;EXCHANGE_LAST;;1;1;XEUR;12372476;639;
05.06.2025;11:52:06.551;FBTS SI 20250908 PS;SIMPLE_INSTRUMENT;EFP_FIN;EUR;36;108.09000000;469;EXCHANGE_LAST;;1;1;XEUR;12372476;639;
05.06.2025;12:09:34.448;FBTS SI 20250908 PS;SIMPLE_INSTRUMENT;EFP_FIN;EUR;40;108.06000000;469;EXCHANGE_LAST;;1;1;XEUR;12372476;639;
05.06.2025;12:14:22.976;FBTS SI 20250908 PS;SIMPLE_INSTRUMENT;BLOCK;EUR;41;108.06000000;609;EXCHANGE_LAST;;1;1;XEUR;12372476;639;
05.06.2025;12:17:05.193;FBTS SI 20250908 PS;SIMPLE_INSTRUMENT;EFP_FIN;EUR;44;108.06000000;441;EXCHANGE_LAST;;1;1;XEUR;12372476;639;
05.06.2025;12:56:11.787;FBTS SI 20250908 PS;SIMPLE_INSTRUMENT;EFP_FIN;EUR;48;108.11000000;55;EXCHANGE_LAST;;1;1;XEUR;12372476;639;
05.06.2025;12:57:41.856;FBTS SI 20250908 PS;SIMPLE_INSTRUMENT;EFS;EUR;49;108.09000000;400;EXCHANGE_LAST;;1;1;XEUR;12372476;639;
05.06.2025;13:12:35.377;FBTS SI 20250908 PS;SIMPLE_INSTRUMENT;EFP_FIN;EUR;51;108.07000000;938;EXCHANGE_LAST;;1;1;XEUR;12372476;639;
05.06.2025;13:18:42.918;FBTS SI 20250908 PS;SIMPLE_INSTRUMENT;BLOCK;EUR;52;107.92000000;1915;EXCHANGE_LAST;;1;1;XEUR;12372476;639;
05.06.2025;13:39:44.251;FBTS SI 20250908 PS;SIMPLE_INSTRUMENT;BLOCK;EUR;53;107.94000000;687;EXCHANGE_LAST;;1;1;XEUR;12372476;639;
05.06.2025;13:47:20.198;FBTS SI 20250908 PS;SIMPLE_INSTRUMENT;EFP_FIN;EUR;55;107.94000000;1406;EXCHANGE_LAST;;1;1;XEUR;12372476;639;
05.06.2025;13:57:12.059;FBTS SI 20250908 PS;SIMPLE_INSTRUMENT;EFP_FIN;EUR;56;107.91000000;1434;EXCHANGE_LAST;;1;1;XEUR;12372476;639;
05.06.2025;13:58:16.377;FBTS SI 20250908 PS;SIMPLE_INSTRUMENT;EFP_FIN;EUR;57;107.94000000;1357;EXCHANGE_LAST;;1;1;XEUR;12372476;639;
05.06.2025;15:22:23.745;FBTS SI 20250908 PS;SIMPLE_INSTRUMENT;EFP_FIN;EUR;62;107.87000000;848;EXCHANGE_LAST;;1;1;XEUR;12372476;639;
05.06.2025;15:24:31.791;FBTS SI 20250908 PS;SIMPLE_INSTRUMENT;BLOCK;EUR;63;107.87000000;400;EXCHANGE_LAST;;1;1;XEUR;12372476;639;
05.06.2025;15:49:28.827;FBTS SI 20250908 PS;SIMPLE_INSTRUMENT;EFP_FIN;EUR;65;107.87000000;395;EXCHANGE_LAST;;1;1;XEUR;12372476;639;
05.06.2025;16:09:29.132;FBTS SI 20250908 PS;SIMPLE_INSTRUMENT;EFP_FIN;EUR;67;107.87000000;1740;EXCHANGE_LAST;;1;1;XEUR;12372476;639;
05.06.2025;12:48:04.684;FCNS SI 20250616 PS;SIMPLE_INSTRUMENT;EFP_IDX;SEK;1;0.94879000;13;EXCHANGE_LAST;;1;1;XEUR;7879240;402911;
05.06.2025;12:48:05.068;FCNS SI 20250616 PS;SIMPLE_INSTRUMENT;EFP_IDX;SEK;2;0.94880000;27;EXCHANGE_LAST;;1;1;XEUR;7879240;402911;
05.06.2025;07:14:09.742;FCPE SI 20250627 CS;SIMPLE_INSTRUMENT;BLOCK;USD;1;165.16000000;10;EXCHANGE_LAST;;1;1;XEUR;7967548;586;
05.06.2025;07:14:52.499;FCPE SI 20250627 CS;SIMPLE_INSTRUMENT;BLOCK;USD;2;165.15000000;47;EXCHANGE_LAST;;1;1;XEUR;7967548;586;
05.06.2025;09:59:36.257;FD3D SI 20261218 CS;SIMPLE_INSTRUMENT;BLOCK;EUR;17;113.20000000;400;EXCHANGE_LAST;;1;1;XEUR;7158183;588;
05.06.2025;10:16:53.039;FD3D SI 20261218 CS;SIMPLE_INSTRUMENT;BLOCK;EUR;18;113.20000000;200;EXCHANGE_LAST;;1;1;XEUR;7158183;588;
05.06.2025;13:30:16.996;FD3D SI 20261218 CS;SIMPLE_INSTRUMENT;BLOCK;EUR;36;113.20000000;100;EXCHANGE_LAST;;1;1;XEUR;7158183;588;
05.06.2025;13:41:10.928;FD3D SI 20261218 CS;SIMPLE_INSTRUMENT;BLOCK;EUR;37;113.20000000;350;EXCHANGE_LAST;;1;2;XEUR;7158183;588;
05.06.2025;13:52:18.575;FD3D SI 20261218 CS;SIMPLE_INSTRUMENT;BLOCK;EUR;38;113.20000000;750;EXCHANGE_LAST;;1;1;XEUR;7158183;588;
05.06.2025;13:53:12.179;FD3D SI 20271217 CS;SIMPLE_INSTRUMENT;BLOCK;EUR;39;109.10000000;300;EXCHANGE_LAST;;1;1;XEUR;8782208;588;
05.06.2025;14:35:44.417;FD3D SI 20261218 CS;SIMPLE_INSTRUMENT;BLOCK;EUR;45;113.20000000;250;EXCHANGE_LAST;;1;1;XEUR;7158183;588;
05.06.2025;15:09:51.974;FD3D SI 20261218 CS;SIMPLE_INSTRUMENT;BLOCK;EUR;48;113.20000000;250;EXCHANGE_LAST;;1;1;XEUR;7158183;588;
05.06.2025;15:49:29.977;FDAX SI 20250620 CS;SIMPLE_INSTRUMENT;EFP_IDX;EUR;1;24343.00000000;11;EXCHANGE_LAST;;1;1;XEUR;7903800;589;
05.06.2025;15:49:39.053;FDAX SI 20250620 CS;SIMPLE_INSTRUMENT;EFP_IDX;EUR;2;24344.00000000;14;EXCHANGE_LAST;;1;1;XEUR;7903800;589;
05.06.2025;15:48:58.923;FDAX SI 20250620 CS;SIMPLE_INSTRUMENT;EFP_IDX;EUR;3;24342.00000000;23;EXCHANGE_LAST;;1;1;XEUR;7903800;589;
05.06.2025;15:48:34.896;FDAX SI 20250620 CS;SIMPLE_INSTRUMENT;EFP_IDX;EUR;4;24343.00000000;2;EXCHANGE_LAST;;1;1;XEUR;7903800;589;
05.06.2025;15:52:04.955;FDAX SI 20250620 CS;SIMPLE_INSTRUMENT;EFP_IDX;EUR;5;24343.00000000;166;EXCHANGE_LAST;;1;1;XEUR;7903800;589;
05.06.2025;15:52:15.149;FDAX SI 20250620 CS;SIMPLE_INSTRUMENT;EFP_IDX;EUR;6;24342.00000000;34;EXCHANGE_LAST;;1;1;XEUR;7903800;589;
05.06.2025;07:17:55.402;FDAX SI 20250620 CS;SIMPLE_INSTRUMENT;VOLA;EUR;671088642;24301.00000000;37;EXCHANGE_LAST;;1;1;XEUR;7903800;589;
05.06.2025;10:48:33.644;FDAX SI 20250620 CS;SIMPLE_INSTRUMENT;VOLA;EUR;671088650;24396.00000000;37;EXCHANGE_LAST;;1;1;XEUR;7903800;589;
05.06.2025;14:46:23.635;FDAX SI 20250620 CS;SIMPLE_INSTRUMENT;VOLA;EUR;671088653;24292.00000000;31;EXCHANGE_LAST;;1;1;XEUR;7903800;589;
05.06.2025;07:15:02.577;FEBD SI 20261218 CS;SIMPLE_INSTRUMENT;BLOCK;EUR;1;10.56000000;450;EXCHANGE_LAST;;1;1;XEUR;7158212;597;
05.06.2025;08:36:36.444;FEBD SI 20261218 CS;SIMPLE_INSTRUMENT;BLOCK;EUR;4;10.58000000;250;EXCHANGE_LAST;;1;1;XEUR;7158212;597;
05.06.2025;09:01:45.875;FEBD SI 20261218 CS;SIMPLE_INSTRUMENT;BLOCK;EUR;7;10.57000000;125;EXCHANGE_LAST;;1;2;XEUR;7158212;597;
05.06.2025;09:02:03.469;FEBD SI 20261218 CS;SIMPLE_INSTRUMENT;BLOCK;EUR;8;10.58000000;125;EXCHANGE_LAST;;1;2;XEUR;7158212;597;
05.06.2025;09:03:20.901;FEBD SI 20261218 CS;SIMPLE_INSTRUMENT;BLOCK;EUR;9;10.58000000;100;EXCHANGE_LAST;;1;1;XEUR;7158212;597;
05.06.2025;09:53:39.246;FEBD SI 20261218 CS;SIMPLE_INSTRUMENT;BLOCK;EUR;15;10.58000000;200;EXCHANGE_LAST;;1;1;XEUR;7158212;597;
05.06.2025;13:11:42.232;FEBD SI 20261218 CS;SIMPLE_INSTRUMENT;BLOCK;EUR;35;10.58000000;1860;EXCHANGE_LAST;;1;1;XEUR;7158212;597;
05.06.2025;14:00:41.397;FEBD SI 20271217 CS;SIMPLE_INSTRUMENT;BLOCK;EUR;40;9.77000000;500;EXCHANGE_LAST;;1;1;XEUR;7776307;597;
05.06.2025;14:33:41.068;FEBD SI 20271217 CS;SIMPLE_INSTRUMENT;BLOCK;EUR;44;9.77000000;750;EXCHANGE_LAST;;2;1;XEUR;7776307;597;
05.06.2025;14:41:30.407;FEBD SI 20271217 CS;SIMPLE_INSTRUMENT;BLOCK;EUR;47;9.77000000;250;EXCHANGE_LAST;;1;1;XEUR;7776307;597;
05.06.2025;15:27:47.278;FEBD SI 20271217 CS;SIMPLE_INSTRUMENT;BLOCK;EUR;50;9.77000000;500;EXCHANGE_LAST;;1;1;XEUR;7776307;597;
05.06.2025;15:11:23.569;FESB SI 20250620 CS;SIMPLE_INSTRUMENT;BLOCK;EUR;89;202.60000000;10000;EXCHANGE_LAST;;1;1;XEUR;11880665;605;
05.06.2025;13:10:30.424;FESB SI 20250620 CS;SIMPLE_INSTRUMENT;VOLA;EUR;603979814;200.20000000;961;EXCHANGE_LAST;;1;1;XEUR;11880665;605;
05.06.2025;13:10:41.171;FESB SI 20250620 CS;SIMPLE_INSTRUMENT;VOLA;EUR;603979815;200.15000000;719;EXCHANGE_LAST;;1;1;XEUR;11880665;605;
05.06.2025;15:59:54.759;FESL SI 20250620 CS;SIMPLE_INSTRUMENT;EFP_IDX;EUR;9;153.70000000;2500;EXCHANGE_LAST;;1;1;XEUR;11881191;680;
05.06.2025;15:59:33.483;FESL SI 20250620 CS;SIMPLE_INSTRUMENT;EFP_IDX;EUR;10;153.80000000;2500;EXCHANGE_LAST;;1;1;XEUR;11881191;680;
05.06.2025;10:00:21.414;FESU SI 20250620 CS;SIMPLE_INSTRUMENT;VOLA;EUR;603979789;452.00000000;90;EXCHANGE_LAST;;1;1;XEUR;11880931;673;
05.06.2025;15:49:41.516;FESX SI 20250620 CS;SIMPLE_INSTRUMENT;EFP_IDX;EUR;1;5411.00000000;385;EXCHANGE_LAST;;1;1;XEUR;7904020;675;
05.06.2025;15:49:06.148;FESX SI 20250620 CS;SIMPLE_INSTRUMENT;EFP_IDX;EUR;2;5412.00000000;165;EXCHANGE_LAST;;1;1;XEUR;7904020;675;
05.06.2025;15:46:40.410;FESX SI 20250620 CS;SIMPLE_INSTRUMENT;EFP_IDX;EUR;3;5412.00000000;298;EXCHANGE_LAST;;1;1;XEUR;7904020;675;
05.06.2025;15:46:56.332;FESX SI 20250620 CS;SIMPLE_INSTRUMENT;EFP_IDX;EUR;4;5411.00000000;402;EXCHANGE_LAST;;1;1;XEUR;7904020;675;
05.06.2025;15:47:11.635;FESX SI 20250620 CS;SIMPLE_INSTRUMENT;EFP_IDX;EUR;5;5412.00000000;255;EXCHANGE_LAST;;1;1;XEUR;7904020;675;
05.06.2025;15:47:27.355;FESX SI 20250620 CS;SIMPLE_INSTRUMENT;EFP_IDX;EUR;6;5411.00000000;345;EXCHANGE_LAST;;1;1;XEUR;7904020;675;
05.06.2025;15:45:50.266;FESX SI 20250620 CS;SIMPLE_INSTRUMENT;BLOCK;EUR;7;5410.00000000;5000;EXCHANGE_LAST;;1;1;XEUR;7904020;675;
05.06.2025;15:48:14.784;FESX SI 20250620 CS;SIMPLE_INSTRUMENT;EFP_IDX;EUR;8;5411.00000000;103;EXCHANGE_LAST;;1;1;XEUR;7904020;675;
05.06.2025;15:48:26.891;FESX SI 20250620 CS;SIMPLE_INSTRUMENT;EFP_IDX;EUR;9;5412.00000000;50;EXCHANGE_LAST;;1;1;XEUR;7904020;675;
05.06.2025;15:52:56.634;FESX SI 20250620 CS;SIMPLE_INSTRUMENT;EFP_IDX;EUR;10;5410.00000000;37;EXCHANGE_LAST;;1;1;XEUR;7904020;675;
05.06.2025;15:53:02.494;FESX SI 20250620 CS;SIMPLE_INSTRUMENT;EFP_IDX;EUR;11;5411.00000000;463;EXCHANGE_LAST;;1;1;XEUR;7904020;675;
05.06.2025;08:37:05.650;FESX SI 20250620 CS;SIMPLE_INSTRUMENT;VOLA;EUR;637534222;5424.00000000;1113;EXCHANGE_LAST;;1;1;XEUR;7904020;675;
05.06.2025;08:52:18.020;FESX SI 20250620 CS;SIMPLE_INSTRUMENT;VOLA;EUR;637534224;5430.00000000;686;EXCHANGE_LAST;;1;1;XEUR;7904020;675;
05.06.2025;09:38:21.692;FESX SI 20250620 CS;SIMPLE_INSTRUMENT;VOLA;EUR;637534230;5395.00000000;10;EXCHANGE_LAST;;1;1;XEUR;7904020;675;
05.06.2025;10:12:52.981;FESX SI 20250620 CS;SIMPLE_INSTRUMENT;VOLA;EUR;637534237;5428.00000000;50;EXCHANGE_LAST;;1;1;XEUR;7904020;675;
05.06.2025;12:23:01.778;FESX SI 20250620 CS;SIMPLE_INSTRUMENT;VOLA;EUR;637534270;5430.00000000;20;EXCHANGE_LAST;;1;1;XEUR;7904020;675;
05.06.2025;14:44:29.249;FESX SI 20250620 CS;SIMPLE_INSTRUMENT;VOLA;EUR;637534306;5405.00000000;10;EXCHANGE_LAST;;1;1;XEUR;7904020;675;
05.06.2025;15:09:35.404;FESX SI 20250620 CS;SIMPLE_INSTRUMENT;VOLA;EUR;637534323;5410.00000000;740;EXCHANGE_LAST;;1;1;XEUR;7904020;675;
05.06.2025;09:25:16.868;FEXD SI 20271217 CS;SIMPLE_INSTRUMENT;BLOCK;EUR;10;152.20000000;150;EXCHANGE_LAST;;1;1;XEUR;2848338;693;
05.06.2025;09:42:42.912;FEXD SI 20271217 CS;SIMPLE_INSTRUMENT;BLOCK;EUR;11;152.20000000;250;EXCHANGE_LAST;;1;1;XEUR;2848338;693;
05.06.2025;09:42:36.912;FEXD SI 20271217 CS;SIMPLE_INSTRUMENT;BLOCK;EUR;12;152.30000000;250;EXCHANGE_LAST;;1;1;XEUR;2848338;693;
05.06.2025;09:44:02.915;FEXD SI 20271217 CS;SIMPLE_INSTRUMENT;BLOCK;EUR;14;152.30000000;150;EXCHANGE_LAST;;1;1;XEUR;2848338;693;
05.06.2025;09:56:53.252;FEXD SI 20281215 CS;SIMPLE_INSTRUMENT;BLOCK;EUR;16;148.80000000;500;EXCHANGE_LAST;;1;1;XEUR;3680985;693;
05.06.2025;10:22:30.816;FEXD SI 20271217 CS;SIMPLE_INSTRUMENT;BLOCK;EUR;19;152.20000000;425;EXCHANGE_LAST;;1;1;XEUR;2848338;693;
05.06.2025;10:22:34.656;FEXD SI 20271217 CS;SIMPLE_INSTRUMENT;BLOCK;EUR;20;152.30000000;425;EXCHANGE_LAST;;1;1;XEUR;2848338;693;
05.06.2025;10:32:19.417;FEXD SI 20271217 CS;SIMPLE_INSTRUMENT;BLOCK;EUR;22;152.40000000;250;EXCHANGE_LAST;;1;1;XEUR;2848338;693;
05.06.2025;11:07:31.346;FEXD SI 20261218 CS;SIMPLE_INSTRUMENT;BLOCK;EUR;26;156.60000000;139;EXCHANGE_LAST;;1;1;XEUR;2163053;693;
05.06.2025;11:10:00.920;FEXD SI 20281215 CS;SIMPLE_INSTRUMENT;BLOCK;EUR;27;148.80000000;100;EXCHANGE_LAST;;1;1;XEUR;3680985;693;
05.06.2025;13:11:39.919;FEXD SI 20261218 CS;SIMPLE_INSTRUMENT;BLOCK;EUR;33;156.60000000;1580;EXCHANGE_LAST;;1;1;XEUR;2163053;693;
05.06.2025;13:11:41.448;FEXD SI 20261218 CS;SIMPLE_INSTRUMENT;BLOCK;EUR;34;156.70000000;1580;EXCHANGE_LAST;;1;1;XEUR;2163053;693;
05.06.2025;06:50:39.527;FGBL SI 20250606 PS;SIMPLE_INSTRUMENT;EFS;EUR;1;131.14000000;1300;EXCHANGE_LAST;;1;1;XEUR;11820389;688;
05.06.2025;06:57:06.798;FGBL SI 20250908 PS;SIMPLE_INSTRUMENT;EFS;EUR;2;131.01000000;542;EXCHANGE_LAST;;1;1;XEUR;12372482;688;
05.06.2025;07:04:14.398;FGBL SI 20250908 PS;SIMPLE_INSTRUMENT;EFS;EUR;3;130.95000000;242;EXCHANGE_LAST;;1;1;XEUR;12372482;688;
05.06.2025;07:08:52.872;FGBL SI 20250908 PS;SIMPLE_INSTRUMENT;EFS;EUR;4;131.01000000;242;EXCHANGE_LAST;;1;1;XEUR;12372482;688;
05.06.2025;07:19:17.670;FGBL SI 20250908 PS;SIMPLE_INSTRUMENT;EFS;EUR;5;130.96000000;420;EXCHANGE_LAST;;1;1;XEUR;12372482;688;
05.06.2025;07:19:27.391;FGBL SI 20250908 PS;SIMPLE_INSTRUMENT;EFS;EUR;6;130.99000000;168;EXCHANGE_LAST;;1;1;XEUR;12372482;688;
05.06.2025;07:26:30.254;FGBL SI 20250908 PS;SIMPLE_INSTRUMENT;EFS;EUR;7;130.92000000;420;EXCHANGE_LAST;;1;1;XEUR;12372482;688;
05.06.2025;07:38:42.304;FGBL SI 20250908 PS;SIMPLE_INSTRUMENT;EFS;EUR;8;130.85000000;420;EXCHANGE_LAST;;1;1;XEUR;12372482;688;
05.06.2025;07:44:59.725;FGBL SI 20250908 PS;SIMPLE_INSTRUMENT;EFS;EUR;9;130.89000000;420;EXCHANGE_LAST;;1;1;XEUR;12372482;688;
05.06.2025;07:48:15.873;FGBL SI 20250908 PS;SIMPLE_INSTRUMENT;EFS;EUR;10;130.84000000;210;EXCHANGE_LAST;;1;1;XEUR;12372482;688;
05.06.2025;07:54:41.162;FGBL SI 20250908 PS;SIMPLE_INSTRUMENT;EFS;EUR;11;130.82000000;420;EXCHANGE_LAST;;1;1;XEUR;12372482;688;
05.06.2025;08:05:07.538;FGBL SI 20250908 PS;SIMPLE_INSTRUMENT;EFS;EUR;12;130.81000000;375;EXCHANGE_LAST;;1;1;XEUR;12372482;688;
05.06.2025;08:07:31.382;FGBL SI 20250908 PS;SIMPLE_INSTRUMENT;EFS;EUR;13;130.81000000;420;EXCHANGE_LAST;;1;1;XEUR;12372482;688;
05.06.2025;08:07:36.792;FGBL SI 20250908 PS;SIMPLE_INSTRUMENT;EFS;EUR;14;130.82000000;420;EXCHANGE_LAST;;1;1;XEUR;12372482;688;
05.06.2025;08:10:50.570;FGBL SI 20250908 PS;SIMPLE_INSTRUMENT;EFP_FIN;EUR;15;130.85000000;412;EXCHANGE_LAST;;1;1;XEUR;12372482;688;
05.06.2025;08:12:10.256;FGBL SI 20250908 PS;SIMPLE_INSTRUMENT;EFS;EUR;16;130.81000000;630;EXCHANGE_LAST;;1;1;XEUR;12372482;688;
05.06.2025;08:11:20.709;FGBL SI 20250908 PS;SIMPLE_INSTRUMENT;EFP_FIN;EUR;17;130.85000000;165;EXCHANGE_LAST;;1;1;XEUR;12372482;688;
05.06.2025;08:12:13.772;FGBL SI 20250908 PS;SIMPLE_INSTRUMENT;EFS;EUR;18;130.82000000;242;EXCHANGE_LAST;;1;1;XEUR;12372482;688;
05.06.2025;08:15:18.139;FGBL SI 20250908 PS;SIMPLE_INSTRUMENT;EFS;EUR;19;130.82000000;210;EXCHANGE_LAST;;1;1;XEUR;12372482;688;
05.06.2025;08:16:08.180;FGBL SI 20250908 PS;SIMPLE_INSTRUMENT;EFS;EUR;20;130.82000000;210;EXCHANGE_LAST;;1;1;XEUR;12372482;688;
05.06.2025;08:20:31.109;FGBL SI 20250908 PS;SIMPLE_INSTRUMENT;EFS;EUR;21;130.83000000;210;EXCHANGE_LAST;;1;1;XEUR;12372482;688;
05.06.2025;08:22:24.468;FGBL SI 20250908 PS;SIMPLE_INSTRUMENT;EFS;EUR;22;130.84000000;210;EXCHANGE_LAST;;1;1;XEUR;12372482;688;
05.06.2025;08:23:07.579;FGBL SI 20250908 PS;SIMPLE_INSTRUMENT;EFS;EUR;23;130.85000000;484;EXCHANGE_LAST;;1;1;XEUR;12372482;688;
05.06.2025;08:23:54.534;FGBL SI 20250908 PS;SIMPLE_INSTRUMENT;EFS;EUR;24;130.90000000;210;EXCHANGE_LAST;;1;1;XEUR;12372482;688;
05.06.2025;08:28:07.022;FGBL SI 20250908 PS;SIMPLE_INSTRUMENT;EFS;EUR;25;130.82000000;242;EXCHANGE_LAST;;1;1;XEUR;12372482;688;
05.06.2025;08:29:01.054;FGBL SI 20250908 PS;SIMPLE_INSTRUMENT;EFP_FIN;EUR;26;130.86000000;90;EXCHANGE_LAST;;1;1;XEUR;12372482;688;
05.06.2025;08:29:39.795;FGBL SI 20250908 PS;SIMPLE_INSTRUMENT;EFS;EUR;27;130.88000000;420;EXCHANGE_LAST;;1;1;XEUR;12372482;688;
05.06.2025;08:46:58.370;FGBL SI 20250908 PS;SIMPLE_INSTRUMENT;EFS;EUR;28;131.00000000;420;EXCHANGE_LAST;;1;1;XEUR;12372482;688;
05.06.2025;08:49:07.325;FGBL SI 20250908 PS;SIMPLE_INSTRUMENT;EFS;EUR;29;130.81000000;51;EXCHANGE_LAST;;1;1;XEUR;12372482;688;
05.06.2025;08:57:35.260;FGBL SI 20250908 PS;SIMPLE_INSTRUMENT;EFP_FIN;EUR;30;130.90000000;320;EXCHANGE_LAST;;1;1;XEUR;12372482;688;
05.06.2025;08:56:18.802;FGBL SI 20250908 PS;SIMPLE_INSTRUMENT;EFP_FIN;EUR;31;130.90000000;601;EXCHANGE_LAST;;1;1;XEUR;12372482;688;
05.06.2025;08:52:56.230;FGBL SI 20250908 PS;SIMPLE_INSTRUMENT;EFS;EUR;32;131.05000000;420;EXCHANGE_LAST;;1;1;XEUR;12372482;688;
05.06.2025;08:58:36.112;FGBL SI 20250908 PS;SIMPLE_INSTRUMENT;EFP_FIN;EUR;33;130.82000000;424;EXCHANGE_LAST;;1;1;XEUR;12372482;688;
05.06.2025;09:14:28.597;FGBL SI 20250908 PS;SIMPLE_INSTRUMENT;EFS;EUR;34;131.19000000;210;EXCHANGE_LAST;;1;1;XEUR;12372482;688;
05.06.2025;09:18:41.669;FGBL SI 20250908 PS;SIMPLE_INSTRUMENT;EFP_FIN;EUR;35;131.20000000;385;EXCHANGE_LAST;;1;1;XEUR;12372482;688;
05.06.2025;09:23:23.481;FGBL SI 20250908 PS;SIMPLE_INSTRUMENT;EFP_FIN;EUR;36;131.23000000;232;EXCHANGE_LAST;;1;1;XEUR;12372482;688;
05.06.2025;09:24:30.932;FGBL SI 20250908 PS;SIMPLE_INSTRUMENT;EFP_FIN;EUR;37;131.24000000;769;EXCHANGE_LAST;;1;1;XEUR;12372482;688;
05.06.2025;09:26:39.021;FGBL SI 20250908 PS;SIMPLE_INSTRUMENT;EFP_FIN;EUR;38;131.24000000;235;EXCHANGE_LAST;;1;1;XEUR;12372482;688;
05.06.2025;09:27:19.985;FGBL SI 20250908 PS;SIMPLE_INSTRUMENT;EFP_FIN;EUR;39;131.18000000;986;EXCHANGE_LAST;;1;1;XEUR;12372482;688;
05.06.2025;09:33:50.456;FGBL SI 20250908 PS;SIMPLE_INSTRUMENT;EFS;EUR;40;131.31000000;419;EXCHANGE_LAST;;1;1;XEUR;12372482;688;
05.06.2025;09:39:28.753;FGBL SI 20250908 PS;SIMPLE_INSTRUMENT;EFS;EUR;41;131.31000000;200;EXCHANGE_LAST;;1;1;XEUR;12372482;688;
05.06.2025;09:42:18.263;FGBL SI 20250908 PS;SIMPLE_INSTRUMENT;EFP_FIN;EUR;42;131.26000000;361;EXCHANGE_LAST;;1;1;XEUR;12372482;688;
05.06.2025;09:42:58.047;FGBL SI 20250908 PS;SIMPLE_INSTRUMENT;EFS;EUR;44;131.31000000;193;EXCHANGE_LAST;;1;1;XEUR;12372482;688;
05.06.2025;09:44:19.791;FGBL SI 20250908 PS;SIMPLE_INSTRUMENT;BLOCK;EUR;45;131.20000000;2221;EXCHANGE_LAST;;1;1;XEUR;12372482;688;
05.06.2025;09:52:01.285;FGBL SI 20250908 PS;SIMPLE_INSTRUMENT;EFS;EUR;48;131.33000000;481;EXCHANGE_LAST;;1;1;XEUR;12372482;688;
05.06.2025;09:56:07.504;FGBL SI 20250908 PS;SIMPLE_INSTRUMENT;EFS;EUR;49;131.32000000;209;EXCHANGE_LAST;;1;1;XEUR;12372482;688;
05.06.2025;10:02:53.893;FGBL SI 20250908 PS;SIMPLE_INSTRUMENT;EFS;EUR;50;131.32000000;419;EXCHANGE_LAST;;1;1;XEUR;12372482;688;
05.06.2025;10:10:12.459;FGBL SI 20250908 PS;SIMPLE_INSTRUMENT;EFS;EUR;51;131.25000000;139;EXCHANGE_LAST;;1;1;XEUR;12372482;688;
05.06.2025;10:10:39.124;FGBL SI 20250908 PS;SIMPLE_INSTRUMENT;EFS;EUR;52;131.26000000;469;EXCHANGE_LAST;;1;1;XEUR;12372482;688;
05.06.2025;10:11:13.759;FGBL SI 20250908 PS;SIMPLE_INSTRUMENT;EFS;EUR;53;131.23000000;419;EXCHANGE_LAST;;1;1;XEUR;12372482;688;
05.06.2025;10:11:56.894;FGBL SI 20250908 PS;SIMPLE_INSTRUMENT;EFS;EUR;54;131.23000000;3000;EXCHANGE_LAST;;1;1;XEUR;12372482;688;
05.06.2025;10:12:22.837;FGBL SI 20250908 PS;SIMPLE_INSTRUMENT;EFS;EUR;55;131.24000000;260;EXCHANGE_LAST;;1;1;XEUR;12372482;688;
05.06.2025;10:16:25.936;FGBL SI 20250908 PS;SIMPLE_INSTRUMENT;EFS;EUR;56;131.24000000;210;EXCHANGE_LAST;;1;1;XEUR;12372482;688;
05.06.2025;10:13:43.072;FGBL SI 20250908 PS;SIMPLE_INSTRUMENT;EFS;EUR;57;131.23000000;3000;EXCHANGE_LAST;;1;1;XEUR;12372482;688;
05.06.2025;10:14:43.619;FGBL SI 20250908 PS;SIMPLE_INSTRUMENT;EFS;EUR;58;131.22000000;210;EXCHANGE_LAST;;1;1;XEUR;12372482;688;
05.06.2025;10:15:14.303;FGBL SI 20250908 PS;SIMPLE_INSTRUMENT;EFS;EUR;59;131.22000000;210;EXCHANGE_LAST;;1;1;XEUR;12372482;688;
05.06.2025;10:16:44.781;FGBL SI 20250908 PS;SIMPLE_INSTRUMENT;EFS;EUR;60;131.22000000;405;EXCHANGE_LAST;;1;1;XEUR;12372482;688;
05.06.2025;10:26:02.401;FGBL SI 20250908 PS;SIMPLE_INSTRUMENT;EFS;EUR;61;131.28000000;173;EXCHANGE_LAST;;1;1;XEUR;12372482;688;
05.06.2025;10:29:08.058;FGBL SI 20250908 PS;SIMPLE_INSTRUMENT;EFP_FIN;EUR;62;131.24000000;188;EXCHANGE_LAST;;1;1;XEUR;12372482;688;
05.06.2025;10:34:43.162;FGBL SI 20250908 PS;SIMPLE_INSTRUMENT;EFS;EUR;63;131.24000000;483;EXCHANGE_LAST;;1;1;XEUR;12372482;688;
05.06.2025;10:37:49.226;FGBL SI 20250908 PS;SIMPLE_INSTRUMENT;EFP_FIN;EUR;64;131.21000000;232;EXCHANGE_LAST;;1;1;XEUR;12372482;688;
05.06.2025;10:51:57.923;FGBL SI 20250908 PS;SIMPLE_INSTRUMENT;EFS;EUR;65;131.23000000;838;EXCHANGE_LAST;;1;1;XEUR;12372482;688;
05.06.2025;10:52:33.837;FGBL SI 20250908 PS;SIMPLE_INSTRUMENT;EFS;EUR;66;131.23000000;838;EXCHANGE_LAST;;1;1;XEUR;12372482;688;
05.06.2025;10:53:36.780;FGBL SI 20250908 PS;SIMPLE_INSTRUMENT;EFS;EUR;67;131.22000000;335;EXCHANGE_LAST;;1;1;XEUR;12372482;688;
05.06.2025;11:05:54.266;FGBL SI 20250908 PS;SIMPLE_INSTRUMENT;EFS;EUR;68;131.28000000;127;EXCHANGE_LAST;;1;1;XEUR;12372482;688;
05.06.2025;11:06:00.728;FGBL SI 20250908 PS;SIMPLE_INSTRUMENT;EFS;EUR;69;131.27000000;169;EXCHANGE_LAST;;1;1;XEUR;12372482;688;
05.06.2025;11:07:34.750;FGBL SI 20250908 PS;SIMPLE_INSTRUMENT;EFP_FIN;EUR;70;131.25000000;148;EXCHANGE_LAST;;1;1;XEUR;12372482;688;
05.06.2025;11:11:59.648;FGBL SI 20250908 PS;SIMPLE_INSTRUMENT;EFS;EUR;71;131.29000000;100;EXCHANGE_LAST;;1;1;XEUR;12372482;688;
05.06.2025;11:12:09.151;FGBL SI 20250908 PS;SIMPLE_INSTRUMENT;EFS;EUR;72;131.26000000;634;EXCHANGE_LAST;;1;1;XEUR;12372482;688;
05.06.2025;11:18:31.299;FGBL SI 20250908 PS;SIMPLE_INSTRUMENT;EFP_FIN;EUR;73;131.26000000;770;EXCHANGE_LAST;;1;1;XEUR;12372482;688;
05.06.2025;11:33:59.178;FGBL SI 20250908 PS;SIMPLE_INSTRUMENT;EFS;EUR;74;131.21000000;290;EXCHANGE_LAST;;1;1;XEUR;12372482;688;
05.06.2025;11:47:17.832;FGBL SI 20250908 PS;SIMPLE_INSTRUMENT;EFP_FIN;EUR;75;131.25000000;158;EXCHANGE_LAST;;1;1;XEUR;12372482;688;
05.06.2025;11:47:18.102;FGBL SI 20250908 PS;SIMPLE_INSTRUMENT;EFS;EUR;76;131.27000000;419;EXCHANGE_LAST;;1;1;XEUR;12372482;688;
05.06.2025;11:48:08.140;FGBL SI 20250908 PS;SIMPLE_INSTRUMENT;EFS;EUR;77;131.27000000;209;EXCHANGE_LAST;;1;1;XEUR;12372482;688;
05.06.2025;11:49:30.047;FGBL SI 20250908 PS;SIMPLE_INSTRUMENT;EFP_FIN;EUR;78;131.25000000;395;EXCHANGE_LAST;;1;1;XEUR;12372482;688;
05.06.2025;11:50:36.995;FGBL SI 20250908 PS;SIMPLE_INSTRUMENT;EFP_FIN;EUR;79;131.30000000;770;EXCHANGE_LAST;;1;1;XEUR;12372482;688;
05.06.2025;11:51:22.337;FGBL SI 20250908 PS;SIMPLE_INSTRUMENT;EFP_FIN;EUR;80;131.30000000;963;EXCHANGE_LAST;;1;1;XEUR;12372482;688;
05.06.2025;11:52:32.986;FGBL SI 20250908 PS;SIMPLE_INSTRUMENT;EFP_FIN;EUR;81;131.25000000;118;EXCHANGE_LAST;;1;1;XEUR;12372482;688;
05.06.2025;11:55:35.089;FGBL SI 20250908 PS;SIMPLE_INSTRUMENT;EFS;EUR;82;131.30000000;289;EXCHANGE_LAST;;1;1;XEUR;12372482;688;
05.06.2025;11:56:47.166;FGBL SI 20250908 PS;SIMPLE_INSTRUMENT;EFP_FIN;EUR;83;131.28000000;1925;EXCHANGE_LAST;;1;1;XEUR;12372482;688;
05.06.2025;12:00:41.143;FGBL SI 20250908 PS;SIMPLE_INSTRUMENT;EFS;EUR;85;131.24000000;965;EXCHANGE_LAST;;1;1;XEUR;12372482;688;
05.06.2025;12:02:42.150;FGBL SI 20250908 PS;SIMPLE_INSTRUMENT;EFP_FIN;EUR;86;131.26000000;266;EXCHANGE_LAST;;1;1;XEUR;12372482;688;
05.06.2025;12:11:20.121;FGBL SI 20250908 PS;SIMPLE_INSTRUMENT;EFS;EUR;87;131.29000000;419;EXCHANGE_LAST;;1;1;XEUR;12372482;688;
05.06.2025;12:12:54.289;FGBL SI 20250908 PS;SIMPLE_INSTRUMENT;EFS;EUR;88;131.23000000;193;EXCHANGE_LAST;;1;1;XEUR;12372482;688;
05.06.2025;12:26:12.870;FGBL SI 20250908 PS;SIMPLE_INSTRUMENT;EFS;EUR;89;131.35000000;241;EXCHANGE_LAST;;1;1;XEUR;12372482;688;
05.06.2025;12:42:30.753;FGBL SI 20250908 PS;SIMPLE_INSTRUMENT;EFP_FIN;EUR;90;131.31000000;820;EXCHANGE_LAST;;1;1;XEUR;12372482;688;
05.06.2025;12:43:57.505;FGBL SI 20250908 PS;SIMPLE_INSTRUMENT;EFS;EUR;91;131.32000000;419;EXCHANGE_LAST;;1;1;XEUR;12372482;688;
05.06.2025;12:45:23.611;FGBL SI 20250908 PS;SIMPLE_INSTRUMENT;EFS;EUR;92;131.33000000;418;EXCHANGE_LAST;;1;1;XEUR;12372482;688;
05.06.2025;12:46:02.825;FGBL SI 20250908 PS;SIMPLE_INSTRUMENT;EFS;EUR;93;131.33000000;209;EXCHANGE_LAST;;1;1;XEUR;12372482;688;
05.06.2025;12:46:21.013;FGBL SI 20250908 PS;SIMPLE_INSTRUMENT;EFS;EUR;94;131.33000000;209;EXCHANGE_LAST;;1;1;XEUR;12372482;688;
05.06.2025;12:46:53.422;FGBL SI 20250908 PS;SIMPLE_INSTRUMENT;EFS;EUR;95;131.34000000;209;EXCHANGE_LAST;;1;1;XEUR;12372482;688;
05.06.2025;12:47:23.499;FGBL SI 20250908 PS;SIMPLE_INSTRUMENT;EFS;EUR;96;131.36000000;843;EXCHANGE_LAST;;1;1;XEUR;12372482;688;
05.06.2025;12:57:25.784;FGBL SI 20250908 PS;SIMPLE_INSTRUMENT;EFS;EUR;97;131.18000000;966;EXCHANGE_LAST;;1;1;XEUR;12372482;688;
05.06.2025;12:57:25.063;FGBL SI 20250908 PS;SIMPLE_INSTRUMENT;EFS;EUR;98;131.18000000;209;EXCHANGE_LAST;;1;1;XEUR;12372482;688;
05.06.2025;12:58:52.641;FGBL SI 20250908 PS;SIMPLE_INSTRUMENT;EFP_FIN;EUR;99;131.37000000;388;EXCHANGE_LAST;;1;1;XEUR;12372482;688;
05.06.2025;13:02:05.258;FGBL SI 20250908 PS;SIMPLE_INSTRUMENT;EFS;EUR;100;131.12000000;419;EXCHANGE_LAST;;1;1;XEUR;12372482;688;
05.06.2025;13:07:36.480;FGBL SI 20250908 PS;SIMPLE_INSTRUMENT;EFS;EUR;101;131.06000000;419;EXCHANGE_LAST;;1;1;XEUR;12372482;688;
05.06.2025;13:10:56.855;FGBL SI 20250908 PS;SIMPLE_INSTRUMENT;EFP_FIN;EUR;102;131.40000000;194;EXCHANGE_LAST;;1;1;XEUR;12372482;688;
05.06.2025;13:15:11.016;FGBL SI 20250908 PS;SIMPLE_INSTRUMENT;EFS;EUR;103;130.93000000;186;EXCHANGE_LAST;;1;1;XEUR;12372482;688;
05.06.2025;13:19:57.687;FGBL SI 20250908 PS;SIMPLE_INSTRUMENT;EFS;EUR;104;130.70000000;420;EXCHANGE_LAST;;1;1;XEUR;12372482;688;
05.06.2025;13:20:03.035;FGBL SI 20250908 PS;SIMPLE_INSTRUMENT;EFS;EUR;105;130.64000000;210;EXCHANGE_LAST;;1;1;XEUR;12372482;688;
05.06.2025;13:20:17.050;FGBL SI 20250908 PS;SIMPLE_INSTRUMENT;EFS;EUR;106;130.64000000;420;EXCHANGE_LAST;;1;1;XEUR;12372482;688;
05.06.2025;13:21:19.723;FGBL SI 20250908 PS;SIMPLE_INSTRUMENT;EFS;EUR;107;131.13000000;212;EXCHANGE_LAST;;1;1;XEUR;12372482;688;
05.06.2025;13:21:22.114;FGBL SI 20250908 PS;SIMPLE_INSTRUMENT;EFS;EUR;108;131.13000000;212;EXCHANGE_LAST;;1;1;XEUR;12372482;688;
05.06.2025;13:22:17.139;FGBL SI 20250908 PS;SIMPLE_INSTRUMENT;EFS;EUR;109;130.61000000;168;EXCHANGE_LAST;;1;1;XEUR;12372482;688;
05.06.2025;13:22:27.148;FGBL SI 20250908 PS;SIMPLE_INSTRUMENT;EFS;EUR;110;130.60000000;252;EXCHANGE_LAST;;1;1;XEUR;12372482;688;
05.06.2025;13:22:31.957;FGBL SI 20250908 PS;SIMPLE_INSTRUMENT;EFS;EUR;111;131.28000000;241;EXCHANGE_LAST;;1;1;XEUR;12372482;688;
05.06.2025;13:23:20.689;FGBL SI 20250908 PS;SIMPLE_INSTRUMENT;BLOCK;EUR;112;130.75000000;7000;EXCHANGE_LAST;;1;1;XEUR;12372482;688;
05.06.2025;13:27:47.869;FGBL SI 20250908 PS;SIMPLE_INSTRUMENT;EFS;EUR;113;130.59000000;420;EXCHANGE_LAST;;1;1;XEUR;12372482;688;
05.06.2025;13:30:42.097;FGBL SI 20250908 PS;SIMPLE_INSTRUMENT;EFS;EUR;114;130.51000000;420;EXCHANGE_LAST;;1;1;XEUR;12372482;688;
05.06.2025;13:38:23.629;FGBL SI 20250908 PS;SIMPLE_INSTRUMENT;BLOCK;EUR;115;130.47000000;4000;EXCHANGE_LAST;;1;1;XEUR;12372482;688;
05.06.2025;13:39:30.326;FGBL SI 20250908 PS;SIMPLE_INSTRUMENT;EFS;EUR;116;130.59000000;420;EXCHANGE_LAST;;1;1;XEUR;12372482;688;
05.06.2025;13:46:43.806;FGBL SI 20250908 PS;SIMPLE_INSTRUMENT;EFS;EUR;117;130.59000000;291;EXCHANGE_LAST;;1;1;XEUR;12372482;688;
05.06.2025;13:48:52.014;FGBL SI 20250908 PS;SIMPLE_INSTRUMENT;EFS;EUR;118;130.59000000;966;EXCHANGE_LAST;;1;1;XEUR;12372482;688;
05.06.2025;13:58:28.159;FGBL SI 20250908 PS;SIMPLE_INSTRUMENT;EFS;EUR;119;130.62000000;971;EXCHANGE_LAST;;1;1;XEUR;12372482;688;
05.06.2025;14:04:17.623;FGBL SI 20250908 PS;SIMPLE_INSTRUMENT;EFP_FIN;EUR;120;130.57000000;387;EXCHANGE_LAST;;1;1;XEUR;12372482;688;
05.06.2025;14:05:29.048;FGBL SI 20250908 PS;SIMPLE_INSTRUMENT;EFS;EUR;121;130.62000000;200;EXCHANGE_LAST;;1;1;XEUR;12372482;688;
05.06.2025;14:05:59.145;FGBL SI 20250908 PS;SIMPLE_INSTRUMENT;EFS;EUR;122;130.56000000;420;EXCHANGE_LAST;;1;1;XEUR;12372482;688;
05.06.2025;14:06:57.115;FGBL SI 20250908 PS;SIMPLE_INSTRUMENT;EFS;EUR;123;130.57000000;420;EXCHANGE_LAST;;1;1;XEUR;12372482;688;
05.06.2025;14:07:34.485;FGBL SI 20250908 PS;SIMPLE_INSTRUMENT;EFS;EUR;124;130.57000000;210;EXCHANGE_LAST;;1;1;XEUR;12372482;688;
05.06.2025;14:08:19.668;FGBL SI 20250908 PS;SIMPLE_INSTRUMENT;EFS;EUR;125;130.57000000;210;EXCHANGE_LAST;;1;1;XEUR;12372482;688;
05.06.2025;14:09:38.658;FGBL SI 20250908 PS;SIMPLE_INSTRUMENT;EFS;EUR;126;130.62000000;243;EXCHANGE_LAST;;1;1;XEUR;12372482;688;
05.06.2025;14:16:03.057;FGBL SI 20250908 PS;SIMPLE_INSTRUMENT;EFP_FIN;EUR;127;130.53000000;200;EXCHANGE_LAST;;1;1;XEUR;12372482;688;
05.06.2025;14:16:11.501;FGBL SI 20250908 PS;SIMPLE_INSTRUMENT;EFS;EUR;128;130.66000000;340;EXCHANGE_LAST;;1;1;XEUR;12372482;688;
05.06.2025;14:19:46.725;FGBL SI 20250908 PS;SIMPLE_INSTRUMENT;EFS;EUR;129;130.55000000;736;EXCHANGE_LAST;;1;1;XEUR;12372482;688;
05.06.2025;14:20:15.922;FGBL SI 20250908 PS;SIMPLE_INSTRUMENT;EFS;EUR;130;130.53000000;420;EXCHANGE_LAST;;1;1;XEUR;12372482;688;
05.06.2025;14:25:02.198;FGBL SI 20250908 PS;SIMPLE_INSTRUMENT;EFS;EUR;131;130.62000000;423;EXCHANGE_LAST;;1;1;XEUR;12372482;688;
05.06.2025;14:26:37.523;FGBL SI 20250908 PS;SIMPLE_INSTRUMENT;EFS;EUR;132;130.61000000;194;EXCHANGE_LAST;;1;1;XEUR;12372482;688;
05.06.2025;14:27:29.685;FGBL SI 20250908 PS;SIMPLE_INSTRUMENT;EFP_FIN;EUR;133;130.53000000;601;EXCHANGE_LAST;;1;1;XEUR;12372482;688;
05.06.2025;14:27:58.077;FGBL SI 20250908 PS;SIMPLE_INSTRUMENT;EFS;EUR;134;130.56000000;291;EXCHANGE_LAST;;1;1;XEUR;12372482;688;
05.06.2025;14:31:36.344;FGBL SI 20250908 PS;SIMPLE_INSTRUMENT;EFS;EUR;135;130.44000000;212;EXCHANGE_LAST;;1;1;XEUR;12372482;688;
05.06.2025;14:40:55.785;FGBL SI 20250908 PS;SIMPLE_INSTRUMENT;EFP_FIN;EUR;136;130.35000000;350;EXCHANGE_LAST;;1;1;XEUR;12372482;688;
05.06.2025;14:40:58.407;FGBL SI 20250908 PS;SIMPLE_INSTRUMENT;EFS;EUR;137;130.58000000;165;EXCHANGE_LAST;;1;1;XEUR;12372482;688;
05.06.2025;14:45:40.039;FGBL SI 20250908 PS;SIMPLE_INSTRUMENT;EFS;EUR;138;130.28000000;421;EXCHANGE_LAST;;1;1;XEUR;12372482;688;
05.06.2025;14:50:05.429;FGBL SI 20250908 PS;SIMPLE_INSTRUMENT;EFS;EUR;139;130.27000000;1260;EXCHANGE_LAST;;1;1;XEUR;12372482;688;
05.06.2025;14:51:18.293;FGBL SI 20250908 PS;SIMPLE_INSTRUMENT;EFS;EUR;140;130.27000000;420;EXCHANGE_LAST;;1;1;XEUR;12372482;688;
05.06.2025;14:51:34.360;FGBL SI 20250908 PS;SIMPLE_INSTRUMENT;EFS;EUR;141;130.29000000;730;EXCHANGE_LAST;;1;1;XEUR;12372482;688;
05.06.2025;14:52:55.406;FGBL SI 20250908 PS;SIMPLE_INSTRUMENT;EFS;EUR;142;130.26000000;421;EXCHANGE_LAST;;1;1;XEUR;12372482;688;
05.06.2025;14:54:23.944;FGBL SI 20250908 PS;SIMPLE_INSTRUMENT;EFS;EUR;144;130.62000000;1456;EXCHANGE_LAST;;1;1;XEUR;12372482;688;
05.06.2025;14:55:36.630;FGBL SI 20250908 PS;SIMPLE_INSTRUMENT;EFS;EUR;145;130.88000000;338;EXCHANGE_LAST;;1;1;XEUR;12372482;688;
05.06.2025;15:02:31.889;FGBL SI 20250908 PS;SIMPLE_INSTRUMENT;EFS;EUR;146;130.21000000;421;EXCHANGE_LAST;;1;1;XEUR;12372482;688;
05.06.2025;15:04:19.931;FGBL SI 20250908 PS;SIMPLE_INSTRUMENT;BLOCK;EUR;147;130.18000000;3500;EXCHANGE_LAST;;1;1;XEUR;12372482;688;
05.06.2025;15:04:21.986;FGBL SI 20250908 PS;SIMPLE_INSTRUMENT;EFS;EUR;148;130.23000000;421;EXCHANGE_LAST;;1;1;XEUR;12372482;688;
05.06.2025;15:04:37.001;FGBL SI 20250908 PS;SIMPLE_INSTRUMENT;EFS;EUR;149;130.21000000;421;EXCHANGE_LAST;;1;1;XEUR;12372482;688;
05.06.2025;15:04:47.022;FGBL SI 20250908 PS;SIMPLE_INSTRUMENT;EFS;EUR;150;130.21000000;210;EXCHANGE_LAST;;1;1;XEUR;12372482;688;
05.06.2025;15:05:50.312;FGBL SI 20250908 PS;SIMPLE_INSTRUMENT;EFS;EUR;151;130.20000000;425;EXCHANGE_LAST;;1;1;XEUR;12372482;688;
05.06.2025;15:06:47.755;FGBL SI 20250908 PS;SIMPLE_INSTRUMENT;EFS;EUR;152;130.22000000;213;EXCHANGE_LAST;;1;1;XEUR;12372482;688;
05.06.2025;15:07:52.167;FGBL SI 20250908 PS;SIMPLE_INSTRUMENT;EFS;EUR;153;130.21000000;210;EXCHANGE_LAST;;1;1;XEUR;12372482;688;
05.06.2025;15:09:21.824;FGBL SI 20250908 PS;SIMPLE_INSTRUMENT;EFS;EUR;154;130.22000000;2000;EXCHANGE_LAST;;1;1;XEUR;12372482;688;
05.06.2025;15:10:45.693;FGBL SI 20250606 PS;SIMPLE_INSTRUMENT;EFP_FIN;EUR;155;130.36000000;52;EXCHANGE_LAST;;1;1;XEUR;11820389;688;
05.06.2025;15:11:55.915;FGBL SI 20250908 PS;SIMPLE_INSTRUMENT;EFS;EUR;156;130.23000000;154;EXCHANGE_LAST;;1;1;XEUR;12372482;688;
05.06.2025;15:15:07.479;FGBL SI 20250908 PS;SIMPLE_INSTRUMENT;EFS;EUR;157;130.22000000;253;EXCHANGE_LAST;;1;1;XEUR;12372482;688;
05.06.2025;15:16:59.372;FGBL SI 20250908 PS;SIMPLE_INSTRUMENT;BLOCK;EUR;158;130.16000000;2620;EXCHANGE_LAST;;1;1;XEUR;12372482;688;
05.06.2025;15:20:41.520;FGBL SI 20250908 PS;SIMPLE_INSTRUMENT;EFS;EUR;159;130.90000000;242;EXCHANGE_LAST;;1;1;XEUR;12372482;688;
05.06.2025;15:22:57.255;FGBL SI 20250908 PS;SIMPLE_INSTRUMENT;EFS;EUR;160;130.21000000;600;EXCHANGE_LAST;;1;1;XEUR;12372482;688;
05.06.2025;15:24:21.648;FGBL SI 20250908 PS;SIMPLE_INSTRUMENT;EFS;EUR;161;130.17000000;437;EXCHANGE_LAST;;1;1;XEUR;12372482;688;
05.06.2025;15:29:52.519;FGBL SI 20250908 PS;SIMPLE_INSTRUMENT;EFS;EUR;162;130.21000000;1461;EXCHANGE_LAST;;1;1;XEUR;12372482;688;
05.06.2025;15:30:07.242;FGBL SI 20250908 PS;SIMPLE_INSTRUMENT;EFS;EUR;163;130.17000000;223;EXCHANGE_LAST;;1;1;XEUR;12372482;688;
05.06.2025;15:31:58.288;FGBL SI 20250908 PS;SIMPLE_INSTRUMENT;EFS;EUR;164;130.20000000;421;EXCHANGE_LAST;;1;1;XEUR;12372482;688;
05.06.2025;15:32:18.307;FGBL SI 20250908 PS;SIMPLE_INSTRUMENT;EFS;EUR;165;130.23000000;421;EXCHANGE_LAST;;1;1;XEUR;12372482;688;
05.06.2025;15:33:23.353;FGBL SI 20250908 PS;SIMPLE_INSTRUMENT;EFS;EUR;166;130.22000000;842;EXCHANGE_LAST;;1;1;XEUR;12372482;688;
05.06.2025;15:33:53.498;FGBL SI 20250908 PS;SIMPLE_INSTRUMENT;EFS;EUR;167;130.19000000;244;EXCHANGE_LAST;;1;1;XEUR;12372482;688;
05.06.2025;15:35:25.790;FGBL SI 20250908 PS;SIMPLE_INSTRUMENT;EFS;EUR;168;130.23000000;851;EXCHANGE_LAST;;1;1;XEUR;12372482;688;
05.06.2025;15:42:06.013;FGBL SI 20250908 PS;SIMPLE_INSTRUMENT;EFS;EUR;169;130.19000000;977;EXCHANGE_LAST;;1;1;XEUR;12372482;688;
05.06.2025;15:43:33.634;FGBL SI 20250908 PS;SIMPLE_INSTRUMENT;EFS;EUR;170;130.19000000;977;EXCHANGE_LAST;;1;1;XEUR;12372482;688;
05.06.2025;15:54:31.181;FGBL SI 20250908 PS;SIMPLE_INSTRUMENT;EFS;EUR;171;130.19000000;425;EXCHANGE_LAST;;1;1;XEUR;12372482;688;
05.06.2025;16:25:48.353;FGBL SI 20250908 PS;SIMPLE_INSTRUMENT;EFS;EUR;172;130.28000000;974;EXCHANGE_LAST;;1;1;XEUR;12372482;688;
05.06.2025;09:54:43.479;FGBL SI 20250908 PS;SIMPLE_INSTRUMENT;VOLA;EUR;268435481;131.28000000;16;EXCHANGE_LAST;;1;1;XEUR;12372482;688;
05.06.2025;11:27:19.426;FGBL SI 20250908 PS;SIMPLE_INSTRUMENT;VOLA;EUR;268435491;131.27000000;30;EXCHANGE_LAST;;1;1;XEUR;12372482;688;
05.06.2025;12:14:21.487;FGBL SI 20250908 PS;SIMPLE_INSTRUMENT;VOLA;EUR;268435496;131.26000000;105;EXCHANGE_LAST;;1;1;XEUR;12372482;688;
05.06.2025;14:44:53.508;FGBL SI 20250908 PS;SIMPLE_INSTRUMENT;VOLA;EUR;268435543;130.43000000;72;EXCHANGE_LAST;;1;1;XEUR;12372482;688;
05.06.2025;15:09:10.462;FGBL SI 20250908 PS;SIMPLE_INSTRUMENT;VOLA;EUR;268435558;130.65000000;100;EXCHANGE_LAST;;1;1;XEUR;12372482;688;
05.06.2025;07:04:47.008;FGBM SI 20250908 PS;SIMPLE_INSTRUMENT;EFS;EUR;1;118.08000000;440;EXCHANGE_LAST;;1;1;XEUR;12372483;689;
05.06.2025;07:19:17.625;FGBM SI 20250908 PS;SIMPLE_INSTRUMENT;EFS;EUR;2;118.06000000;827;EXCHANGE_LAST;;1;1;XEUR;12372483;689;
05.06.2025;07:19:46.262;FGBM SI 20250908 PS;SIMPLE_INSTRUMENT;EFP_FIN;EUR;3;118.06000000;489;EXCHANGE_LAST;;1;1;XEUR;12372483;689;
05.06.2025;07:59:16.394;FGBM SI 20250908 PS;SIMPLE_INSTRUMENT;EFP_FIN;EUR;4;118.03000000;429;EXCHANGE_LAST;;1;1;XEUR;12372483;689;
05.06.2025;07:57:51.303;FGBM SI 20250908 PS;SIMPLE_INSTRUMENT;EFS;EUR;5;118.00000000;879;EXCHANGE_LAST;;1;1;XEUR;12372483;689;
05.06.2025;08:02:54.909;FGBM SI 20250908 PS;SIMPLE_INSTRUMENT;EFP_FIN;EUR;6;118.00000000;465;EXCHANGE_LAST;;1;1;XEUR;12372483;689;
05.06.2025;08:14:54.384;FGBM SI 20250908 PS;SIMPLE_INSTRUMENT;EFP_FIN;EUR;8;118.04000000;330;EXCHANGE_LAST;;1;1;XEUR;12372483;689;
05.06.2025;08:18:14.300;FGBM SI 20250908 PS;SIMPLE_INSTRUMENT;EFS;EUR;9;118.01000000;396;EXCHANGE_LAST;;1;1;XEUR;12372483;689;
05.06.2025;08:24:12.244;FGBM SI 20250908 PS;SIMPLE_INSTRUMENT;EFP_FIN;EUR;10;118.03000000;126;EXCHANGE_LAST;;1;1;XEUR;12372483;689;
05.06.2025;08:26:05.407;FGBM SI 20250908 PS;SIMPLE_INSTRUMENT;BLOCK;EUR;11;118.01000000;3430;EXCHANGE_LAST;;1;1;XEUR;12372483;689;
05.06.2025;08:29:02.394;FGBM SI 20250908 PS;SIMPLE_INSTRUMENT;EFP_FIN;EUR;12;118.03000000;211;EXCHANGE_LAST;;1;1;XEUR;12372483;689;
05.06.2025;08:34:40.684;FGBM SI 20250908 PS;SIMPLE_INSTRUMENT;EFP_FIN;EUR;13;118.02000000;410;EXCHANGE_LAST;;1;1;XEUR;12372483;689;
05.06.2025;08:35:23.937;FGBM SI 20250908 PS;SIMPLE_INSTRUMENT;EFP_FIN;EUR;14;118.02000000;447;EXCHANGE_LAST;;1;1;XEUR;12372483;689;
05.06.2025;08:48:50.602;FGBM SI 20250908 PS;SIMPLE_INSTRUMENT;EFP_FIN;EUR;15;118.02000000;357;EXCHANGE_LAST;;1;1;XEUR;12372483;689;
05.06.2025;08:47:05.540;FGBM SI 20250908 PS;SIMPLE_INSTRUMENT;EFP_FIN;EUR;16;118.02000000;429;EXCHANGE_LAST;;1;1;XEUR;12372483;689;
05.06.2025;08:48:10.700;FGBM SI 20250908 PS;SIMPLE_INSTRUMENT;EFS;EUR;17;118.03000000;1468;EXCHANGE_LAST;;1;1;XEUR;12372483;689;
05.06.2025;08:52:46.364;FGBM SI 20250908 PS;SIMPLE_INSTRUMENT;EFP_FIN;EUR;18;118.03000000;207;EXCHANGE_LAST;;1;1;XEUR;12372483;689;
05.06.2025;08:59:51.352;FGBM SI 20250908 PS;SIMPLE_INSTRUMENT;EFS;EUR;19;118.04000000;394;EXCHANGE_LAST;;1;1;XEUR;12372483;689;
05.06.2025;09:00:35.417;FGBM SI 20250908 PS;SIMPLE_INSTRUMENT;EFP_FIN;EUR;20;118.08000000;82;EXCHANGE_LAST;;1;1;XEUR;12372483;689;
05.06.2025;09:25:55.421;FGBM SI 20250908 PS;SIMPLE_INSTRUMENT;EFS;EUR;21;118.17000000;856;EXCHANGE_LAST;;1;1;XEUR;12372483;689;
05.06.2025;09:28:06.128;FGBM SI 20250908 PS;SIMPLE_INSTRUMENT;EFS;EUR;22;118.19000000;878;EXCHANGE_LAST;;1;1;XEUR;12372483;689;
05.06.2025;09:29:32.582;FGBM SI 20250908 PS;SIMPLE_INSTRUMENT;EFS;EUR;23;118.19000000;439;EXCHANGE_LAST;;1;1;XEUR;12372483;689;
05.06.2025;09:45:38.185;FGBM SI 20250908 PS;SIMPLE_INSTRUMENT;EFP_FIN;EUR;24;118.00000000;635;EXCHANGE_LAST;;1;1;XEUR;12372483;689;
05.06.2025;09:49:20.505;FGBM SI 20250908 PS;SIMPLE_INSTRUMENT;EFS;EUR;25;118.18000000;391;EXCHANGE_LAST;;1;1;XEUR;12372483;689;
05.06.2025;09:49:43.880;FGBM SI 20250908 PS;SIMPLE_INSTRUMENT;EFS;EUR;26;118.20000000;428;EXCHANGE_LAST;;1;1;XEUR;12372483;689;
05.06.2025;09:50:01.882;FGBM SI 20250908 PS;SIMPLE_INSTRUMENT;EFS;EUR;27;118.20000000;428;EXCHANGE_LAST;;1;1;XEUR;12372483;689;
05.06.2025;09:56:17.207;FGBM SI 20250908 PS;SIMPLE_INSTRUMENT;EFS;EUR;28;118.16000000;975;EXCHANGE_LAST;;1;1;XEUR;12372483;689;
05.06.2025;10:18:02.888;FGBM SI 20250908 PS;SIMPLE_INSTRUMENT;EFS;EUR;29;118.12000000;1317;EXCHANGE_LAST;;1;1;XEUR;12372483;689;
05.06.2025;10:27:07.792;FGBM SI 20250908 PS;SIMPLE_INSTRUMENT;EFS;EUR;30;118.14000000;855;EXCHANGE_LAST;;1;1;XEUR;12372483;689;
05.06.2025;10:28:45.749;FGBM SI 20250908 PS;SIMPLE_INSTRUMENT;EFS;EUR;31;118.14000000;1979;EXCHANGE_LAST;;1;1;XEUR;12372483;689;
05.06.2025;10:31:58.876;FGBM SI 20250908 PS;SIMPLE_INSTRUMENT;EFS;EUR;32;118.14000000;1368;EXCHANGE_LAST;;1;1;XEUR;12372483;689;
05.06.2025;10:35:41.880;FGBM SI 20250908 PS;SIMPLE_INSTRUMENT;EFS;EUR;33;118.13000000;977;EXCHANGE_LAST;;1;1;XEUR;12372483;689;
05.06.2025;10:40:39.264;FGBM SI 20250908 PS;SIMPLE_INSTRUMENT;EFP_FIN;EUR;34;118.13000000;473;EXCHANGE_LAST;;1;1;XEUR;12372483;689;
05.06.2025;10:44:57.906;FGBM SI 20250908 PS;SIMPLE_INSTRUMENT;EFS;EUR;35;118.12000000;977;EXCHANGE_LAST;;1;1;XEUR;12372483;689;
05.06.2025;11:12:11.801;FGBM SI 20250908 PS;SIMPLE_INSTRUMENT;EFS;EUR;36;118.15000000;219;EXCHANGE_LAST;;1;1;XEUR;12372483;689;
05.06.2025;11:16:53.230;FGBM SI 20250908 PS;SIMPLE_INSTRUMENT;EFS;EUR;37;118.16000000;219;EXCHANGE_LAST;;1;1;XEUR;12372483;689;
05.06.2025;11:16:39.239;FGBM SI 20250908 PS;SIMPLE_INSTRUMENT;EFP_FIN;EUR;38;118.13000000;82;EXCHANGE_LAST;;1;1;XEUR;12372483;689;
05.06.2025;11:28:46.052;FGBM SI 20250908 PS;SIMPLE_INSTRUMENT;EFP_FIN;EUR;39;118.17000000;429;EXCHANGE_LAST;;1;1;XEUR;12372483;689;
05.06.2025;11:28:40.093;FGBM SI 20250908 PS;SIMPLE_INSTRUMENT;EFS;EUR;40;118.13000000;1370;EXCHANGE_LAST;;1;1;XEUR;12372483;689;
05.06.2025;11:30:48.223;FGBM SI 20250908 PS;SIMPLE_INSTRUMENT;EFP_FIN;EUR;41;118.16000000;682;EXCHANGE_LAST;;1;1;XEUR;12372483;689;
05.06.2025;11:36:33.419;FGBM SI 20250908 PS;SIMPLE_INSTRUMENT;EFS;EUR;42;118.15000000;439;EXCHANGE_LAST;;1;1;XEUR;12372483;689;
05.06.2025;11:58:27.135;FGBM SI 20250908 PS;SIMPLE_INSTRUMENT;EFS;EUR;43;118.13000000;1955;EXCHANGE_LAST;;1;1;XEUR;12372483;689;
05.06.2025;12:06:18.823;FGBM SI 20250908 PS;SIMPLE_INSTRUMENT;EFP_FIN;EUR;44;118.16000000;239;EXCHANGE_LAST;;1;1;XEUR;12372483;689;
05.06.2025;12:12:44.851;FGBM SI 20250908 PS;SIMPLE_INSTRUMENT;EFP_FIN;EUR;45;118.15000000;197;EXCHANGE_LAST;;1;1;XEUR;12372483;689;
05.06.2025;12:34:11.312;FGBM SI 20250908 PS;SIMPLE_INSTRUMENT;EFP_FIN;EUR;46;118.12000000;147;EXCHANGE_LAST;;1;1;XEUR;12372483;689;
05.06.2025;12:34:26.992;FGBM SI 20250908 PS;SIMPLE_INSTRUMENT;EFP_FIN;EUR;47;118.12000000;147;EXCHANGE_LAST;;1;1;XEUR;12372483;689;
05.06.2025;12:36:10.030;FGBM SI 20250908 PS;SIMPLE_INSTRUMENT;EFS;EUR;48;118.17000000;1709;EXCHANGE_LAST;;1;1;XEUR;12372483;689;
05.06.2025;12:56:15.687;FGBM SI 20250908 PS;SIMPLE_INSTRUMENT;EFS;EUR;49;118.08000000;1956;EXCHANGE_LAST;;1;1;XEUR;12372483;689;
05.06.2025;12:58:08.555;FGBM SI 20250908 PS;SIMPLE_INSTRUMENT;EFP_FIN;EUR;50;118.15000000;206;EXCHANGE_LAST;;1;1;XEUR;12372483;689;
05.06.2025;13:14:17.777;FGBM SI 20250908 PS;SIMPLE_INSTRUMENT;EFS;EUR;51;117.92000000;377;EXCHANGE_LAST;;1;1;XEUR;12372483;689;
05.06.2025;13:20:26.621;FGBM SI 20250908 PS;SIMPLE_INSTRUMENT;EFS;EUR;52;118.07000000;428;EXCHANGE_LAST;;1;1;XEUR;12372483;689;
05.06.2025;13:20:30.445;FGBM SI 20250908 PS;SIMPLE_INSTRUMENT;EFS;EUR;53;118.07000000;428;EXCHANGE_LAST;;1;1;XEUR;12372483;689;
05.06.2025;13:20:53.165;FGBM SI 20250908 PS;SIMPLE_INSTRUMENT;EFS;EUR;54;117.79000000;2942;EXCHANGE_LAST;;1;1;XEUR;12372483;689;
05.06.2025;13:22:01.887;FGBM SI 20250908 PS;SIMPLE_INSTRUMENT;EFS;EUR;55;117.74000000;195;EXCHANGE_LAST;;1;1;XEUR;12372483;689;
05.06.2025;13:23:51.764;FGBM SI 20250908 PS;SIMPLE_INSTRUMENT;EFS;EUR;56;117.79000000;440;EXCHANGE_LAST;;1;1;XEUR;12372483;689;
05.06.2025;13:24:37.027;FGBM SI 20250908 PS;SIMPLE_INSTRUMENT;EFS;EUR;57;117.79000000;440;EXCHANGE_LAST;;1;1;XEUR;12372483;689;
05.06.2025;13:25:12.406;FGBM SI 20250908 PS;SIMPLE_INSTRUMENT;EFS;EUR;58;117.80000000;440;EXCHANGE_LAST;;1;1;XEUR;12372483;689;
05.06.2025;13:35:33.289;FGBM SI 20250908 PS;SIMPLE_INSTRUMENT;EFS;EUR;59;117.73000000;2944;EXCHANGE_LAST;;1;1;XEUR;12372483;689;
05.06.2025;13:44:36.660;FGBM SI 20250908 PS;SIMPLE_INSTRUMENT;EFS;EUR;60;117.72000000;880;EXCHANGE_LAST;;1;1;XEUR;12372483;689;
05.06.2025;13:48:44.274;FGBM SI 20250908 PS;SIMPLE_INSTRUMENT;EFS;EUR;61;117.77000000;880;EXCHANGE_LAST;;1;1;XEUR;12372483;689;
05.06.2025;13:49:54.323;FGBM SI 20250908 PS;SIMPLE_INSTRUMENT;EFS;EUR;62;117.77000000;881;EXCHANGE_LAST;;1;1;XEUR;12372483;689;
05.06.2025;13:50:54.365;FGBM SI 20250908 PS;SIMPLE_INSTRUMENT;EFS;EUR;63;117.74000000;881;EXCHANGE_LAST;;1;1;XEUR;12372483;689;
05.06.2025;13:52:33.873;FGBM SI 20250908 PS;SIMPLE_INSTRUMENT;EFS;EUR;64;117.76000000;1281;EXCHANGE_LAST;;1;1;XEUR;12372483;689;
05.06.2025;14:08:55.573;FGBM SI 20250908 PS;SIMPLE_INSTRUMENT;EFS;EUR;65;117.73000000;1374;EXCHANGE_LAST;;1;1;XEUR;12372483;689;
05.06.2025;14:11:26.084;FGBM SI 20250908 PS;SIMPLE_INSTRUMENT;EFP_FIN;EUR;66;117.75000000;1344;EXCHANGE_LAST;;1;1;XEUR;12372483;689;
05.06.2025;14:14:34.544;FGBM SI 20250908 PS;SIMPLE_INSTRUMENT;EFP_FIN;EUR;67;117.77000000;1291;EXCHANGE_LAST;;1;1;XEUR;12372483;689;
05.06.2025;14:15:43.391;FGBM SI 20250908 PS;SIMPLE_INSTRUMENT;EFS;EUR;68;117.75000000;981;EXCHANGE_LAST;;1;1;XEUR;12372483;689;
05.06.2025;14:16:46.652;FGBM SI 20250908 PS;SIMPLE_INSTRUMENT;EFS;EUR;69;117.72000000;1720;EXCHANGE_LAST;;1;1;XEUR;12372483;689;
05.06.2025;14:17:00.558;FGBM SI 20250908 PS;SIMPLE_INSTRUMENT;EFS;EUR;70;117.74000000;1720;EXCHANGE_LAST;;1;1;XEUR;12372483;689;
05.06.2025;14:17:15.375;FGBM SI 20250908 PS;SIMPLE_INSTRUMENT;EFP_FIN;EUR;71;117.73000000;218;EXCHANGE_LAST;;1;1;XEUR;12372483;689;
05.06.2025;14:25:56.383;FGBM SI 20250908 PS;SIMPLE_INSTRUMENT;EFS;EUR;72;117.72000000;2566;EXCHANGE_LAST;;1;1;XEUR;12372483;689;
05.06.2025;14:28:41.587;FGBM SI 20250908 PS;SIMPLE_INSTRUMENT;EFP_FIN;EUR;73;117.78000000;977;EXCHANGE_LAST;;1;1;XEUR;12372483;689;
05.06.2025;14:34:30.580;FGBM SI 20250908 PS;SIMPLE_INSTRUMENT;EFS;EUR;74;117.68000000;1964;EXCHANGE_LAST;;1;1;XEUR;12372483;689;
05.06.2025;14:37:06.627;FGBM SI 20250908 PS;SIMPLE_INSTRUMENT;EFP_FIN;EUR;75;117.70000000;488;EXCHANGE_LAST;;1;1;XEUR;12372483;689;
05.06.2025;14:37:21.869;FGBM SI 20250908 PS;SIMPLE_INSTRUMENT;EFS;EUR;76;117.66000000;881;EXCHANGE_LAST;;1;1;XEUR;12372483;689;
05.06.2025;14:41:50.153;FGBM SI 20250908 PS;SIMPLE_INSTRUMENT;EFS;EUR;79;117.74000000;815;EXCHANGE_LAST;;1;1;XEUR;12372483;689;
05.06.2025;14:42:47.704;FGBM SI 20250908 PS;SIMPLE_INSTRUMENT;EFS;EUR;80;117.80000000;1465;EXCHANGE_LAST;;1;1;XEUR;12372483;689;
05.06.2025;14:44:07.425;FGBM SI 20250908 PS;SIMPLE_INSTRUMENT;EFS;EUR;81;117.63000000;257;EXCHANGE_LAST;;1;1;XEUR;12372483;689;
05.06.2025;14:48:52.570;FGBM SI 20250908 PS;SIMPLE_INSTRUMENT;EFP_FIN;EUR;82;117.64000000;1934;EXCHANGE_LAST;;1;1;XEUR;12372483;689;
05.06.2025;14:57:42.842;FGBM SI 20250908 PS;SIMPLE_INSTRUMENT;EFS;EUR;85;117.60000000;1376;EXCHANGE_LAST;;1;1;XEUR;12372483;689;
05.06.2025;15:03:31.304;FGBM SI 20250908 PS;SIMPLE_INSTRUMENT;EFS;EUR;86;117.63000000;856;EXCHANGE_LAST;;1;1;XEUR;12372483;689;
05.06.2025;15:03:51.955;FGBM SI 20250908 PS;SIMPLE_INSTRUMENT;EFS;EUR;87;117.58000000;441;EXCHANGE_LAST;;1;1;XEUR;12372483;689;
05.06.2025;15:05:07.475;FGBM SI 20250908 PS;SIMPLE_INSTRUMENT;EFS;EUR;88;117.73000000;206;EXCHANGE_LAST;;1;1;XEUR;12372483;689;
05.06.2025;15:04:11.975;FGBM SI 20250908 PS;SIMPLE_INSTRUMENT;EFS;EUR;89;117.58000000;1763;EXCHANGE_LAST;;1;1;XEUR;12372483;689;
05.06.2025;15:04:47.068;FGBM SI 20250908 PS;SIMPLE_INSTRUMENT;EFS;EUR;90;117.59000000;441;EXCHANGE_LAST;;1;1;XEUR;12372483;689;
05.06.2025;15:05:08.749;FGBM SI 20250908 PS;SIMPLE_INSTRUMENT;EFS;EUR;91;117.57000000;860;EXCHANGE_LAST;;1;1;XEUR;12372483;689;
05.06.2025;15:10:07.241;FGBM SI 20250908 PS;SIMPLE_INSTRUMENT;EFS;EUR;92;117.59000000;786;EXCHANGE_LAST;;1;1;XEUR;12372483;689;
05.06.2025;15:11:10.762;FGBM SI 20250908 PS;SIMPLE_INSTRUMENT;EFS;EUR;93;117.57000000;881;EXCHANGE_LAST;;1;1;XEUR;12372483;689;
05.06.2025;15:11:24.317;FGBM SI 20250908 PS;SIMPLE_INSTRUMENT;EFS;EUR;94;117.59000000;881;EXCHANGE_LAST;;1;1;XEUR;12372483;689;
05.06.2025;15:11:40.674;FGBM SI 20250908 PS;SIMPLE_INSTRUMENT;EFS;EUR;95;117.59000000;786;EXCHANGE_LAST;;1;1;XEUR;12372483;689;
05.06.2025;15:13:05.539;FGBM SI 20250908 PS;SIMPLE_INSTRUMENT;EFS;EUR;96;117.57000000;441;EXCHANGE_LAST;;1;1;XEUR;12372483;689;
05.06.2025;15:14:59.301;FGBM SI 20250908 PS;SIMPLE_INSTRUMENT;EFS;EUR;97;117.59000000;441;EXCHANGE_LAST;;1;1;XEUR;12372483;689;
05.06.2025;15:16:37.858;FGBM SI 20250908 PS;SIMPLE_INSTRUMENT;EFS;EUR;98;117.60000000;441;EXCHANGE_LAST;;1;1;XEUR;12372483;689;
05.06.2025;15:17:52.598;FGBM SI 20250908 PS;SIMPLE_INSTRUMENT;EFS;EUR;99;117.60000000;881;EXCHANGE_LAST;;1;1;XEUR;12372483;689;
05.06.2025;15:19:17.684;FGBM SI 20250908 PS;SIMPLE_INSTRUMENT;EFS;EUR;100;117.60000000;441;EXCHANGE_LAST;;1;1;XEUR;12372483;689;
05.06.2025;15:21:00.382;FGBM SI 20250908 PS;SIMPLE_INSTRUMENT;EFS;EUR;101;117.58000000;3000;EXCHANGE_LAST;;1;1;XEUR;12372483;689;
05.06.2025;15:22:40.481;FGBM SI 20250908 PS;SIMPLE_INSTRUMENT;EFP_FIN;EUR;102;117.58000000;1314;EXCHANGE_LAST;;1;1;XEUR;12372483;689;
05.06.2025;15:26:18.759;FGBM SI 20250908 PS;SIMPLE_INSTRUMENT;EFS;EUR;103;117.58000000;197;EXCHANGE_LAST;;1;1;XEUR;12372483;689;
05.06.2025;15:29:18.360;FGBM SI 20250908 PS;SIMPLE_INSTRUMENT;EFS;EUR;104;117.56000000;441;EXCHANGE_LAST;;1;1;XEUR;12372483;689;
05.06.2025;15:35:13.444;FGBM SI 20250908 PS;SIMPLE_INSTRUMENT;EFS;EUR;105;117.58000000;882;EXCHANGE_LAST;;1;1;XEUR;12372483;689;
05.06.2025;15:38:21.269;FGBM SI 20250908 PS;SIMPLE_INSTRUMENT;EFS;EUR;106;117.59000000;1966;EXCHANGE_LAST;;1;1;XEUR;12372483;689;
05.06.2025;15:38:52.987;FGBM SI 20250908 PS;SIMPLE_INSTRUMENT;EFS;EUR;107;117.58000000;1966;EXCHANGE_LAST;;1;1;XEUR;12372483;689;
05.06.2025;15:39:13.617;FGBM SI 20250908 PS;SIMPLE_INSTRUMENT;EFS;EUR;108;117.58000000;881;EXCHANGE_LAST;;1;1;XEUR;12372483;689;
05.06.2025;15:42:59.183;FGBM SI 20250908 PS;SIMPLE_INSTRUMENT;EFP_FIN;EUR;109;117.57000000;81;EXCHANGE_LAST;;1;1;XEUR;12372483;689;
05.06.2025;15:41:02.079;FGBM SI 20250908 PS;SIMPLE_INSTRUMENT;EFS;EUR;110;117.57000000;350;EXCHANGE_LAST;;1;1;XEUR;12372483;689;
05.06.2025;15:42:07.501;FGBM SI 20250908 PS;SIMPLE_INSTRUMENT;BLOCK;EUR;111;117.58000000;4290;EXCHANGE_LAST;;1;1;XEUR;12372483;689;
05.06.2025;15:59:49.634;FGBM SI 20250908 PS;SIMPLE_INSTRUMENT;EFP_FIN;EUR;112;117.60000000;858;EXCHANGE_LAST;;1;1;XEUR;12372483;689;
05.06.2025;07:51:15.542;FGBS SI 20250908 PS;SIMPLE_INSTRUMENT;EFP_FIN;EUR;1;107.39000000;395;EXCHANGE_LAST;;1;1;XEUR;12372484;690;
05.06.2025;07:54:31.221;FGBS SI 20250908 PS;SIMPLE_INSTRUMENT;EFS;EUR;2;107.39000000;5444;EXCHANGE_LAST;;1;1;XEUR;12372484;690;
05.06.2025;07:59:13.512;FGBS SI 20250908 PS;SIMPLE_INSTRUMENT;EFP_FIN;EUR;3;107.40000000;267;EXCHANGE_LAST;;1;1;XEUR;12372484;690;
05.06.2025;07:59:40.390;FGBS SI 20250908 PS;SIMPLE_INSTRUMENT;EFP_FIN;EUR;4;107.40000000;160;EXCHANGE_LAST;;1;1;XEUR;12372484;690;
05.06.2025;08:06:31.096;FGBS SI 20250908 PS;SIMPLE_INSTRUMENT;EFS;EUR;5;107.39000000;2862;EXCHANGE_LAST;;1;1;XEUR;12372484;690;
05.06.2025;08:08:27.748;FGBS SI 20250908 PS;SIMPLE_INSTRUMENT;EFP_FIN;EUR;6;107.40000000;233;EXCHANGE_LAST;;1;1;XEUR;12372484;690;
05.06.2025;08:09:07.868;FGBS SI 20250908 PS;SIMPLE_INSTRUMENT;EFP_FIN;EUR;7;107.40000000;1163;EXCHANGE_LAST;;1;1;XEUR;12372484;690;
05.06.2025;08:09:11.277;FGBS SI 20250908 PS;SIMPLE_INSTRUMENT;EFP_FIN;EUR;8;107.39500000;1069;EXCHANGE_LAST;;1;1;XEUR;12372484;690;
05.06.2025;08:12:56.428;FGBS SI 20250606 PS;SIMPLE_INSTRUMENT;EFP_FIN;EUR;9;107.29500000;2346;EXCHANGE_LAST;;1;1;XEUR;11820391;690;
05.06.2025;08:20:47.475;FGBS SI 20250908 PS;SIMPLE_INSTRUMENT;EFS;EUR;10;107.39000000;1633;EXCHANGE_LAST;;1;1;XEUR;12372484;690;
05.06.2025;08:24:59.207;FGBS SI 20250606 PS;SIMPLE_INSTRUMENT;EFP_FIN;EUR;11;107.30000000;938;EXCHANGE_LAST;;1;1;XEUR;11820391;690;
05.06.2025;08:33:45.667;FGBS SI 20250908 PS;SIMPLE_INSTRUMENT;EFP_FIN;EUR;12;107.39000000;2090;EXCHANGE_LAST;;1;1;XEUR;12372484;690;
05.06.2025;08:43:02.087;FGBS SI 20250908 PS;SIMPLE_INSTRUMENT;EFP_FIN;EUR;13;107.39000000;962;EXCHANGE_LAST;;1;1;XEUR;12372484;690;
05.06.2025;08:46:53.695;FGBS SI 20250908 PS;SIMPLE_INSTRUMENT;EFS;EUR;14;107.39000000;4083;EXCHANGE_LAST;;1;1;XEUR;12372484;690;
05.06.2025;08:58:31.493;FGBS SI 20250908 PS;SIMPLE_INSTRUMENT;EFS;EUR;15;107.38500000;2861;EXCHANGE_LAST;;1;1;XEUR;12372484;690;
05.06.2025;08:58:55.906;FGBS SI 20250908 PS;SIMPLE_INSTRUMENT;EFS;EUR;16;107.39500000;1098;EXCHANGE_LAST;;1;1;XEUR;12372484;690;
05.06.2025;09:06:26.297;FGBS SI 20250606 PS;SIMPLE_INSTRUMENT;EFP_FIN;EUR;17;107.30500000;469;EXCHANGE_LAST;;1;1;XEUR;11820391;690;
05.06.2025;09:07:54.235;FGBS SI 20250908 PS;SIMPLE_INSTRUMENT;EFS;EUR;18;107.38500000;2722;EXCHANGE_LAST;;1;1;XEUR;12372484;690;
05.06.2025;09:55:18.115;FGBS SI 20250908 PS;SIMPLE_INSTRUMENT;EFS;EUR;19;107.41500000;2721;EXCHANGE_LAST;;1;1;XEUR;12372484;690;
05.06.2025;10:16:49.766;FGBS SI 20250908 PS;SIMPLE_INSTRUMENT;EFS;EUR;20;107.40500000;2721;EXCHANGE_LAST;;1;1;XEUR;12372484;690;
05.06.2025;10:24:39.419;FGBS SI 20250908 PS;SIMPLE_INSTRUMENT;EFS;EUR;21;107.40000000;1000;EXCHANGE_LAST;;1;1;XEUR;12372484;690;
05.06.2025;10:28:32.012;FGBS SI 20250908 PS;SIMPLE_INSTRUMENT;EFS;EUR;22;107.40500000;5399;EXCHANGE_LAST;;1;1;XEUR;12372484;690;
05.06.2025;10:44:43.543;FGBS SI 20250908 PS;SIMPLE_INSTRUMENT;EFS;EUR;23;107.40500000;2721;EXCHANGE_LAST;;1;1;XEUR;12372484;690;
05.06.2025;10:51:59.614;FGBS SI 20250908 PS;SIMPLE_INSTRUMENT;EFP_FIN;EUR;24;107.39500000;1134;EXCHANGE_LAST;;1;1;XEUR;12372484;690;
05.06.2025;11:11:01.017;FGBS SI 20250908 PS;SIMPLE_INSTRUMENT;EFS;EUR;25;107.41000000;1500;EXCHANGE_LAST;;1;1;XEUR;12372484;690;
05.06.2025;11:20:09.979;FGBS SI 20250908 PS;SIMPLE_INSTRUMENT;BLOCK;EUR;26;107.41500000;4653;EXCHANGE_LAST;;1;1;XEUR;12372484;690;
05.06.2025;11:21:54.880;FGBS SI 20250908 PS;SIMPLE_INSTRUMENT;EFS;EUR;27;107.42000000;1360;EXCHANGE_LAST;;1;1;XEUR;12372484;690;
05.06.2025;11:30:33.960;FGBS SI 20250908 PS;SIMPLE_INSTRUMENT;BLOCK;EUR;28;107.41500000;4653;EXCHANGE_LAST;;1;1;XEUR;12372484;690;
05.06.2025;11:35:02.597;FGBS SI 20250908 PS;SIMPLE_INSTRUMENT;EFP_FIN;EUR;29;107.41500000;2326;EXCHANGE_LAST;;1;1;XEUR;12372484;690;
05.06.2025;11:41:01.532;FGBS SI 20250908 PS;SIMPLE_INSTRUMENT;EFS;EUR;30;107.41500000;7146;EXCHANGE_LAST;;1;1;XEUR;12372484;690;
05.06.2025;11:49:12.765;FGBS SI 20250908 PS;SIMPLE_INSTRUMENT;EFP_FIN;EUR;33;107.41000000;279;EXCHANGE_LAST;;1;1;XEUR;12372484;690;
05.06.2025;11:49:38.608;FGBS SI 20250908 PS;SIMPLE_INSTRUMENT;EFP_FIN;EUR;34;107.41000000;1861;EXCHANGE_LAST;;1;1;XEUR;12372484;690;
05.06.2025;11:53:30.733;FGBS SI 20250908 PS;SIMPLE_INSTRUMENT;EFP_FIN;EUR;35;107.41000000;1860;EXCHANGE_LAST;;1;1;XEUR;12372484;690;
05.06.2025;11:54:55.925;FGBS SI 20250908 PS;SIMPLE_INSTRUMENT;EFS;EUR;36;107.41000000;936;EXCHANGE_LAST;;1;1;XEUR;12372484;690;
05.06.2025;12:01:10.949;FGBS SI 20250908 PS;SIMPLE_INSTRUMENT;EFS;EUR;37;107.42000000;7146;EXCHANGE_LAST;;1;1;XEUR;12372484;690;
05.06.2025;12:09:42.990;FGBS SI 20250908 PS;SIMPLE_INSTRUMENT;EFP_FIN;EUR;38;107.40500000;479;EXCHANGE_LAST;;1;1;XEUR;12372484;690;
05.06.2025;12:20:29.686;FGBS SI 20250908 PS;SIMPLE_INSTRUMENT;EFS;EUR;39;107.42000000;1500;EXCHANGE_LAST;;1;1;XEUR;12372484;690;
05.06.2025;12:24:31.507;FGBS SI 20250908 PS;SIMPLE_INSTRUMENT;EFP_FIN;EUR;40;107.41000000;930;EXCHANGE_LAST;;1;1;XEUR;12372484;690;
05.06.2025;12:30:29.689;FGBS SI 20250606 PS;SIMPLE_INSTRUMENT;EFS;EUR;41;107.31500000;1853;EXCHANGE_LAST;;1;1;XEUR;11820391;690;
05.06.2025;12:31:23.047;FGBS SI 20250908 PS;SIMPLE_INSTRUMENT;EFS;EUR;42;107.41000000;1883;EXCHANGE_LAST;;1;1;XEUR;12372484;690;
05.06.2025;13:04:01.443;FGBS SI 20250908 PS;SIMPLE_INSTRUMENT;BLOCK;EUR;43;107.40000000;5000;EXCHANGE_LAST;;1;1;XEUR;12372484;690;
05.06.2025;13:19:38.544;FGBS SI 20250908 PS;SIMPLE_INSTRUMENT;EFS;EUR;44;107.38000000;4768;EXCHANGE_LAST;;1;1;XEUR;12372484;690;
05.06.2025;13:20:38.616;FGBS SI 20250908 PS;SIMPLE_INSTRUMENT;EFS;EUR;45;107.33000000;7150;EXCHANGE_LAST;;1;1;XEUR;12372484;690;
05.06.2025;13:22:37.744;FGBS SI 20250908 PS;SIMPLE_INSTRUMENT;EFS;EUR;46;107.28500000;5000;EXCHANGE_LAST;;1;1;XEUR;12372484;690;
05.06.2025;13:45:43.003;FGBS SI 20250908 PS;SIMPLE_INSTRUMENT;EFS;EUR;47;107.27000000;1431;EXCHANGE_LAST;;1;1;XEUR;12372484;690;
05.06.2025;13:46:48.310;FGBS SI 20250908 PS;SIMPLE_INSTRUMENT;EFS;EUR;48;107.27000000;1000;EXCHANGE_LAST;;1;1;XEUR;12372484;690;
05.06.2025;13:59:05.763;FGBS SI 20250908 PS;SIMPLE_INSTRUMENT;EFS;EUR;49;107.25500000;1091;EXCHANGE_LAST;;1;1;XEUR;12372484;690;
05.06.2025;14:05:17.113;FGBS SI 20250908 PS;SIMPLE_INSTRUMENT;EFS;EUR;50;107.29000000;1430;EXCHANGE_LAST;;1;1;XEUR;12372484;690;
05.06.2025;14:09:40.871;FGBS SI 20250908 PS;SIMPLE_INSTRUMENT;EFS;EUR;51;107.25500000;824;EXCHANGE_LAST;;1;1;XEUR;12372484;690;
05.06.2025;14:09:42.138;FGBS SI 20250908 PS;SIMPLE_INSTRUMENT;EFS;EUR;52;107.27000000;1194;EXCHANGE_LAST;;1;1;XEUR;12372484;690;
05.06.2025;14:09:54.140;FGBS SI 20250908 PS;SIMPLE_INSTRUMENT;EFS;EUR;53;107.27000000;1194;EXCHANGE_LAST;;1;1;XEUR;12372484;690;
05.06.2025;14:15:40.788;FGBS SI 20250908 PS;SIMPLE_INSTRUMENT;EFP_FIN;EUR;54;107.25500000;466;EXCHANGE_LAST;;1;1;XEUR;12372484;690;
05.06.2025;14:15:43.412;FGBS SI 20250908 PS;SIMPLE_INSTRUMENT;EFS;EUR;55;107.25500000;2727;EXCHANGE_LAST;;1;1;XEUR;12372484;690;
05.06.2025;14:16:53.520;FGBS SI 20250908 PS;SIMPLE_INSTRUMENT;EFS;EUR;56;107.29000000;546;EXCHANGE_LAST;;1;1;XEUR;12372484;690;
05.06.2025;14:24:03.247;FGBS SI 20250908 PS;SIMPLE_INSTRUMENT;EFS;EUR;57;107.26500000;2377;EXCHANGE_LAST;;1;1;XEUR;12372484;690;
05.06.2025;14:24:41.524;FGBS SI 20250908 PS;SIMPLE_INSTRUMENT;EFS;EUR;59;107.25000000;7131;EXCHANGE_LAST;;1;1;XEUR;12372484;690;
05.06.2025;14:27:07.175;FGBS SI 20250908 PS;SIMPLE_INSTRUMENT;EFP_FIN;EUR;60;107.26000000;890;EXCHANGE_LAST;;1;1;XEUR;12372484;690;
05.06.2025;14:28:10.696;FGBS SI 20250606 PS;SIMPLE_INSTRUMENT;EFP_FIN;EUR;61;107.36500000;1407;EXCHANGE_LAST;;1;1;XEUR;11820391;690;
05.06.2025;14:33:16.253;FGBS SI 20250908 PS;SIMPLE_INSTRUMENT;EFS;EUR;62;107.23500000;5456;EXCHANGE_LAST;;1;1;XEUR;12372484;690;
05.06.2025;14:39:33.304;FGBS SI 20250908 PS;SIMPLE_INSTRUMENT;EFP_FIN;EUR;64;107.21500000;123;EXCHANGE_LAST;;1;1;XEUR;12372484;690;
05.06.2025;14:43:41.562;FGBS SI 20250908 PS;SIMPLE_INSTRUMENT;EFP_FIN;EUR;65;107.22000000;465;EXCHANGE_LAST;;1;1;XEUR;12372484;690;
05.06.2025;14:43:24.238;FGBS SI 20250908 PS;SIMPLE_INSTRUMENT;EFP_FIN;EUR;66;107.22000000;465;EXCHANGE_LAST;;1;1;XEUR;12372484;690;
05.06.2025;14:54:10.918;FGBS SI 20250908 PS;SIMPLE_INSTRUMENT;EFS;EUR;67;107.22000000;4366;EXCHANGE_LAST;;1;1;XEUR;12372484;690;
05.06.2025;14:54:39.589;FGBS SI 20250908 PS;SIMPLE_INSTRUMENT;EFS;EUR;68;107.27000000;712;EXCHANGE_LAST;;1;1;XEUR;12372484;690;
05.06.2025;14:55:46.021;FGBS SI 20250908 PS;SIMPLE_INSTRUMENT;EFP_FIN;EUR;69;107.21000000;212;EXCHANGE_LAST;;1;1;XEUR;12372484;690;
05.06.2025;14:56:14.737;FGBS SI 20250908 PS;SIMPLE_INSTRUMENT;EFS;EUR;70;107.22000000;4759;EXCHANGE_LAST;;1;1;XEUR;12372484;690;
05.06.2025;15:02:00.416;FGBS SI 20250908 PS;SIMPLE_INSTRUMENT;EFP_FIN;EUR;71;107.21000000;875;EXCHANGE_LAST;;1;1;XEUR;12372484;690;
05.06.2025;15:02:57.742;FGBS SI 20250908 PS;SIMPLE_INSTRUMENT;EFS;EUR;72;107.22000000;1193;EXCHANGE_LAST;;1;1;XEUR;12372484;690;
05.06.2025;15:08:23.960;FGBS SI 20250908 PS;SIMPLE_INSTRUMENT;EFS;EUR;73;107.21500000;2391;EXCHANGE_LAST;;1;1;XEUR;12372484;690;
05.06.2025;15:09:10.095;FGBS SI 20250908 PS;SIMPLE_INSTRUMENT;EFS;EUR;74;107.22000000;2729;EXCHANGE_LAST;;1;1;XEUR;12372484;690;
05.06.2025;15:19:11.351;FGBS SI 20250908 PS;SIMPLE_INSTRUMENT;EFS;EUR;75;107.22000000;3440;EXCHANGE_LAST;;1;1;XEUR;12372484;690;
05.06.2025;15:24:31.753;FGBS SI 20250908 PS;SIMPLE_INSTRUMENT;EFS;EUR;76;107.22000000;548;EXCHANGE_LAST;;1;1;XEUR;12372484;690;
05.06.2025;15:48:12.437;FGBS SI 20250908 PS;SIMPLE_INSTRUMENT;EFS;EUR;77;107.21000000;389;EXCHANGE_LAST;;1;1;XEUR;12372484;690;
05.06.2025;15:50:09.552;FGBS SI 20250908 PS;SIMPLE_INSTRUMENT;EFS;EUR;78;107.21500000;4770;EXCHANGE_LAST;;1;1;XEUR;12372484;690;
05.06.2025;16:00:40.850;FGBS SI 20250908 PS;SIMPLE_INSTRUMENT;EFS;EUR;79;107.38500000;2722;EXCHANGE_LAST;;1;1;XEUR;12372484;690;
05.06.2025;06:44:49.081;FGBX.S.JUN25.SEP25.SPD;FUTURES_SPREAD;BLOCK;EUR;1;0.84000000;442;EXCHANGE_LAST;;1;1;XEUR;72060561860329566;691;
05.06.2025;06:44:49.081;FGBX SI 20250908 PS;SIMPLE_INSTRUMENT;BLOCK;EUR;1;121.14000000;442;PRC_DECOMP_EXCHANGE;;;;XEUR;12372485;691;EXCHANGE
05.06.2025;06:44:49.081;FGBX SI 20250606 PS;SIMPLE_INSTRUMENT;BLOCK;EUR;1;121.98000000;442;PRC_DECOMP_EXCHANGE;;;;XEUR;11820392;691;EXCHANGE
05.06.2025;07:06:13.983;FGBX SI 20250908 PS;SIMPLE_INSTRUMENT;EFS;EUR;2;120.90000000;67;EXCHANGE_LAST;;1;1;XEUR;12372485;691;
05.06.2025;07:14:18.171;FGBX SI 20250908 PS;SIMPLE_INSTRUMENT;EFS;EUR;3;121.06000000;103;EXCHANGE_LAST;;1;1;XEUR;12372485;691;
05.06.2025;07:40:09.532;FGBX SI 20250606 PS;SIMPLE_INSTRUMENT;EFP_FIN;EUR;4;121.40000000;434;EXCHANGE_LAST;;1;1;XEUR;11820392;691;
05.06.2025;08:07:21.923;FGBX SI 20250606 PS;SIMPLE_INSTRUMENT;EFP_FIN;EUR;6;121.24000000;203;EXCHANGE_LAST;;1;1;XEUR;11820392;691;
05.06.2025;08:11:56.063;FGBX SI 20250908 PS;SIMPLE_INSTRUMENT;BLOCK;EUR;7;120.44000000;725;EXCHANGE_LAST;;1;1;XEUR;12372485;691;
05.06.2025;08:21:42.356;FGBX SI 20250908 PS;SIMPLE_INSTRUMENT;EFS;EUR;8;120.46000000;207;EXCHANGE_LAST;;1;1;XEUR;12372485;691;
05.06.2025;08:33:17.453;FGBX SI 20250908 PS;SIMPLE_INSTRUMENT;EFS;EUR;10;120.40000000;104;EXCHANGE_LAST;;1;1;XEUR;12372485;691;
05.06.2025;08:39:47.771;FGBX SI 20250908 PS;SIMPLE_INSTRUMENT;BLOCK;EUR;11;120.80000000;103;EXCHANGE_LAST;;1;1;XEUR;12372485;691;
05.06.2025;08:49:55.138;FGBX SI 20250908 PS;SIMPLE_INSTRUMENT;EFS;EUR;12;120.36000000;22;EXCHANGE_LAST;;1;1;XEUR;12372485;691;
05.06.2025;09:39:42.981;FGBX SI 20250606 PS;SIMPLE_INSTRUMENT;EFP_FIN;EUR;16;122.40000000;203;EXCHANGE_LAST;;1;1;XEUR;11820392;691;
05.06.2025;09:40:40.871;FGBX SI 20250908 PS;SIMPLE_INSTRUMENT;EFS;EUR;17;121.80000000;102;EXCHANGE_LAST;;1;1;XEUR;12372485;691;
05.06.2025;10:44:00.739;FGBX SI 20250908 PS;SIMPLE_INSTRUMENT;BLOCK;EUR;26;121.70000000;403;EXCHANGE_LAST;;1;1;XEUR;12372485;691;
05.06.2025;10:57:03.027;FGBX SI 20250908 PS;SIMPLE_INSTRUMENT;EFS;EUR;28;121.86000000;101;EXCHANGE_LAST;;1;1;XEUR;12372485;691;
05.06.2025;11:04:07.359;FGBX SI 20250908 PS;SIMPLE_INSTRUMENT;EFS;EUR;29;121.76000000;54;EXCHANGE_LAST;;1;1;XEUR;12372485;691;
05.06.2025;11:05:38.983;FGBX SI 20250908 PS;SIMPLE_INSTRUMENT;EFP_FIN;EUR;30;121.86000000;121;EXCHANGE_LAST;;1;1;XEUR;12372485;691;
05.06.2025;11:25:00.408;FGBX SI 20250908 PS;SIMPLE_INSTRUMENT;EFP_FIN;EUR;31;121.78000000;371;EXCHANGE_LAST;;1;1;XEUR;12372485;691;
05.06.2025;11:48:09.293;FGBX SI 20250908 PS;SIMPLE_INSTRUMENT;EFS;EUR;35;121.80000000;287;EXCHANGE_LAST;;1;1;XEUR;12372485;691;
05.06.2025;11:58:03.307;FGBX SI 20250908 PS;SIMPLE_INSTRUMENT;EFP_FIN;EUR;37;121.82000000;121;EXCHANGE_LAST;;1;1;XEUR;12372485;691;
05.06.2025;11:58:39.119;FGBX SI 20250908 PS;SIMPLE_INSTRUMENT;BLOCK;EUR;38;121.84000000;118;EXCHANGE_LAST;;1;1;XEUR;12372485;691;
05.06.2025;12:09:28.784;FGBX SI 20250908 PS;SIMPLE_INSTRUMENT;EFS;EUR;39;121.90000000;400;EXCHANGE_LAST;;1;1;XEUR;12372485;691;
05.06.2025;12:23:58.186;FGBX SI 20250606 PS;SIMPLE_INSTRUMENT;EFP_FIN;EUR;42;122.60000000;196;EXCHANGE_LAST;;1;1;XEUR;11820392;691;
05.06.2025;12:15:23.298;FGBX SI 20250908 PS;SIMPLE_INSTRUMENT;EFS;EUR;43;121.88000000;201;EXCHANGE_LAST;;1;1;XEUR;12372485;691;
05.06.2025;12:18:10.414;FGBX SI 20250908 PS;SIMPLE_INSTRUMENT;EFS;EUR;45;122.00000000;203;EXCHANGE_LAST;;1;1;XEUR;12372485;691;
05.06.2025;12:34:45.881;FGBX SI 20250908 PS;SIMPLE_INSTRUMENT;BLOCK;EUR;46;121.92000000;102;EXCHANGE_LAST;;1;1;XEUR;12372485;691;
05.06.2025;12:36:10.030;FGBX SI 20250908 PS;SIMPLE_INSTRUMENT;EFS;EUR;47;121.96000000;356;EXCHANGE_LAST;;1;1;XEUR;12372485;691;
05.06.2025;13:04:29.441;FGBX SI 20250908 PS;SIMPLE_INSTRUMENT;EFS;EUR;50;121.90000000;204;EXCHANGE_LAST;;1;1;XEUR;12372485;691;
05.06.2025;13:47:04.463;FGBX SI 20250908 PS;SIMPLE_INSTRUMENT;EFS;EUR;54;120.62000000;413;EXCHANGE_LAST;;1;1;XEUR;12372485;691;
05.06.2025;14:03:08.118;FGBX SI 20250908 PS;SIMPLE_INSTRUMENT;EFS;EUR;58;120.80000000;82;EXCHANGE_LAST;;1;1;XEUR;12372485;691;
05.06.2025;14:39:24.004;FGBX SI 20250908 PS;SIMPLE_INSTRUMENT;EFS;EUR;59;121.76000000;18;EXCHANGE_LAST;;1;1;XEUR;12372485;691;
05.06.2025;14:44:14.780;FGBX SI 20250908 PS;SIMPLE_INSTRUMENT;EFS;EUR;60;120.82000000;70;EXCHANGE_LAST;;1;1;XEUR;12372485;691;
05.06.2025;15:09:10.095;FGBX SI 20250908 PS;SIMPLE_INSTRUMENT;EFS;EUR;61;119.88000000;208;EXCHANGE_LAST;;1;1;XEUR;12372485;691;
05.06.2025;15:24:46.114;FGBX SI 20250908 PS;SIMPLE_INSTRUMENT;EFS;EUR;64;119.92000000;580;EXCHANGE_LAST;;1;1;XEUR;12372485;691;
05.06.2025;15:59:32.875;FGBX SI 20250908 PS;SIMPLE_INSTRUMENT;EFS;EUR;66;120.64000000;206;EXCHANGE_LAST;;1;1;XEUR;12372485;691;
05.06.2025;00:45:13.846;FMAS SI 20250620 CS;SIMPLE_INSTRUMENT;BLOCK;USD;4;671.30300000;152;EXCHANGE_LAST;;1;1;XEUR;7938712;7061;
05.06.2025;00:27:06.881;FMAU SI 20250620 CS;SIMPLE_INSTRUMENT;BLOCK;USD;2;6133.73400000;2475;EXCHANGE_LAST;;1;1;XEUR;7939462;45287;
05.06.2025;00:50:17.334;FMAU SI 20250620 CS;SIMPLE_INSTRUMENT;BLOCK;USD;5;6133.73400000;525;EXCHANGE_LAST;;1;1;XEUR;7939462;45287;
05.06.2025;02:23:55.961;FMAU SI 20250620 CS;SIMPLE_INSTRUMENT;BLOCK;USD;6;6133.73400000;825;EXCHANGE_LAST;;1;1;XEUR;7939462;45287;
05.06.2025;11:18:54.442;FMCE SI 20250620 CS;SIMPLE_INSTRUMENT;BLOCK;EUR;28;574.10000000;140;EXCHANGE_LAST;;1;1;XEUR;9693466;665;
05.06.2025;11:18:11.149;FMCE SI 20250620 CS;SIMPLE_INSTRUMENT;BLOCK;EUR;29;574.40000000;110;EXCHANGE_LAST;;1;1;XEUR;9693466;665;
05.06.2025;03:36:18.507;FMCH SI 20250620 CS;SIMPLE_INSTRUMENT;BLOCK;USD;7;585.28500000;315;EXCHANGE_LAST;;1;1;XEUR;7940815;402909;
05.06.2025;08:43:12.003;FMCH SI 20250620 CS;SIMPLE_INSTRUMENT;BLOCK;USD;67;585.28500000;310;EXCHANGE_LAST;;1;1;XEUR;7940815;402909;
05.06.2025;07:35:42.534;FMEA SI 20250620 CS;SIMPLE_INSTRUMENT;BLOCK;USD;30;751.00000000;1332;EXCHANGE_LAST;;1;1;XEUR;7938804;12395;
05.06.2025;07:35:43.197;FMEA SI 20250919 CS;SIMPLE_INSTRUMENT;BLOCK;USD;31;759.26100000;1318;EXCHANGE_LAST;;1;1;XEUR;8427804;12395;
05.06.2025;07:41:04.157;FMEA SI 20250919 CS;SIMPLE_INSTRUMENT;BLOCK;USD;34;757.16400000;661;EXCHANGE_LAST;;1;1;XEUR;8427804;12395;
05.06.2025;07:40:59.779;FMEA SI 20250620 CS;SIMPLE_INSTRUMENT;BLOCK;USD;36;749.00000000;668;EXCHANGE_LAST;;1;1;XEUR;7938804;12395;
05.06.2025;08:26:00.805;FMEA SI 20250620 CS;SIMPLE_INSTRUMENT;BLOCK;USD;57;748.30000000;1337;EXCHANGE_LAST;;1;1;XEUR;7938804;12395;
05.06.2025;08:26:15.383;FMEA SI 20250919 CS;SIMPLE_INSTRUMENT;BLOCK;USD;58;756.49400000;1323;EXCHANGE_LAST;;1;1;XEUR;8427804;12395;
05.06.2025;09:56:46.562;FMEA SI 20250620 CS;SIMPLE_INSTRUMENT;BLOCK;USD;84;751.00000000;1332;EXCHANGE_LAST;;1;1;XEUR;7938804;12395;
05.06.2025;09:57:37.614;FMEA SI 20250919 CS;SIMPLE_INSTRUMENT;BLOCK;USD;85;759.26100000;1318;EXCHANGE_LAST;;1;1;XEUR;8427804;12395;
05.06.2025;07:00:13.793;FMEE SI 20250620 CS;SIMPLE_INSTRUMENT;BLOCK;USD;20;352.00000000;58;EXCHANGE_LAST;;1;1;XEUR;7938810;12396;
05.06.2025;07:07:07.507;FMEE SI 20250620 CS;SIMPLE_INSTRUMENT;BLOCK;USD;23;351.96700000;200;EXCHANGE_LAST;;1;1;XEUR;7938810;12396;
05.06.2025;08:52:15.970;FMEE SI 20250620 CS;SIMPLE_INSTRUMENT;BLOCK;USD;68;351.96700000;230;EXCHANGE_LAST;;1;1;XEUR;7938810;12396;
05.06.2025;07:13:48.986;FMEG SI 20250620 CS;SIMPLE_INSTRUMENT;EFP_IDX;EUR;25;347.79000000;100;EXCHANGE_LAST;;1;1;XEUR;7939092;18604;
05.06.2025;06:31:15.127;FMEL SI 20250620 CS;SIMPLE_INSTRUMENT;EFP_IDX;USD;15;584.76100000;20;EXCHANGE_LAST;;1;1;XEUR;7938814;12397;
05.06.2025;06:39:43.641;FMEL SI 20250620 CS;SIMPLE_INSTRUMENT;EFP_IDX;USD;16;584.80900000;10;EXCHANGE_LAST;;1;1;XEUR;7938814;12397;
05.06.2025;06:46:48.485;FMEL SI 20250620 CS;SIMPLE_INSTRUMENT;BLOCK;USD;18;584.80900000;195;EXCHANGE_LAST;;1;2;XEUR;7938814;12397;
05.06.2025;09:47:28.387;FMEL SI 20250620 CS;SIMPLE_INSTRUMENT;BLOCK;USD;81;584.80900000;40;EXCHANGE_LAST;;1;1;XEUR;7938814;12397;
05.06.2025;07:56:18.293;FMEN SI 20250620 CS;SIMPLE_INSTRUMENT;EFP_IDX;EUR;41;519.76500000;14;EXCHANGE_LAST;;1;1;XEUR;7939172;30652;
05.06.2025;08:27:41.738;FMEN SI 20250620 CS;SIMPLE_INSTRUMENT;BLOCK;EUR;59;525.00000000;69;EXCHANGE_LAST;;1;1;XEUR;7939172;30652;
05.06.2025;08:33:19.955;FMEN SI 20250620 CS;SIMPLE_INSTRUMENT;BLOCK;EUR;60;524.70000000;161;EXCHANGE_LAST;;1;1;XEUR;7939172;30652;
05.06.2025;08:15:33.262;FMES SI 20250620 CS;SIMPLE_INSTRUMENT;EFP_IDX;EUR;52;618.88300000;14;EXCHANGE_LAST;;1;1;XEUR;7940344;221291;
05.06.2025;15:39:01.860;FMGC SI 20250620 CS;SIMPLE_INSTRUMENT;BLOCK;USD;92;14280.00000000;1751;EXCHANGE_LAST;;1;1;XEUR;7939680;48916;
05.06.2025;15:39:04.294;FMGC SI 20250919 CS;SIMPLE_INSTRUMENT;BLOCK;USD;93;14450.75000000;1731;EXCHANGE_LAST;;1;1;XEUR;8428578;48916;
05.06.2025;15:46:30.145;FMGC SI 20250620 CS;SIMPLE_INSTRUMENT;BLOCK;USD;94;14275.00000000;1086;EXCHANGE_LAST;;1;1;XEUR;7939680;48916;
05.06.2025;15:47:05.434;FMGC SI 20250919 CS;SIMPLE_INSTRUMENT;BLOCK;USD;95;14445.75000000;1073;EXCHANGE_LAST;;1;1;XEUR;8428578;48916;
05.06.2025;16:19:26.491;FMGC SI 20250620 CS;SIMPLE_INSTRUMENT;BLOCK;USD;96;14260.00000000;225;EXCHANGE_LAST;;1;1;XEUR;7939680;48916;
05.06.2025;16:19:31.569;FMGC SI 20250919 CS;SIMPLE_INSTRUMENT;BLOCK;USD;97;14430.75000000;223;EXCHANGE_LAST;;1;1;XEUR;8428578;48916;
05.06.2025;18:23:15.456;FMGC SI 20250620 CS;SIMPLE_INSTRUMENT;BLOCK;USD;98;14250.00000000;351;EXCHANGE_LAST;;1;1;XEUR;7939680;48916;
05.06.2025;18:24:19.534;FMGC SI 20250919 CS;SIMPLE_INSTRUMENT;BLOCK;USD;99;14420.75000000;347;EXCHANGE_LAST;;1;1;XEUR;8428578;48916;
05.06.2025;07:04:51.571;FMGO SI 20250620 CS;SIMPLE_INSTRUMENT;EFP_IDX;USD;22;5596.31000000;2;EXCHANGE_LAST;;1;1;XEUR;8609371;583623;
05.06.2025;13:53:08.239;FMGO SI 20250620 CS;SIMPLE_INSTRUMENT;BLOCK;USD;88;5594.00000000;59;EXCHANGE_LAST;;1;1;XEUR;8609371;583623;
05.06.2025;00:27:14.614;FMHK SI 20250620 CS;SIMPLE_INSTRUMENT;BLOCK;USD;1;65484.15800000;31;EXCHANGE_LAST;;1;1;XEUR;7939458;45282;
05.06.2025;07:45:59.857;FMHK SI 20250620 CS;SIMPLE_INSTRUMENT;BLOCK;USD;38;65983.00000000;38;EXCHANGE_LAST;;1;1;XEUR;7939458;45282;
05.06.2025;00:42:59.388;FMID SI 20250620 CS;SIMPLE_INSTRUMENT;EFP_IDX;USD;2;1544.07200000;60;EXCHANGE_LAST;;1;1;XEUR;7939464;45289;
05.06.2025;06:30:34.894;FMID SI 20250620 CS;SIMPLE_INSTRUMENT;BLOCK;USD;8;1545.15000000;11;EXCHANGE_LAST;;1;1;XEUR;7939464;45289;
05.06.2025;00:27:52.136;FMIN SI 20250620 CS;SIMPLE_INSTRUMENT;EFP_IDX;USD;3;1277.23000000;78;EXCHANGE_LAST;;1;1;XEUR;7938852;12404;
05.06.2025;03:37:34.568;FMIN SI 20250620 CS;SIMPLE_INSTRUMENT;BLOCK;USD;8;1277.22600000;29;EXCHANGE_LAST;;1;1;XEUR;7938852;12404;
05.06.2025;04:54:14.609;FMIN SI 20250620 CS;SIMPLE_INSTRUMENT;BLOCK;USD;9;1283.80000000;1950;EXCHANGE_LAST;;1;1;XEUR;7938852;12404;
05.06.2025;04:54:57.401;FMIN SI 20250919 CS;SIMPLE_INSTRUMENT;BLOCK;USD;10;1298.69200000;1928;EXCHANGE_LAST;;1;1;XEUR;8427825;12404;
05.06.2025;07:20:05.492;FMIN SI 20250620 CS;SIMPLE_INSTRUMENT;BLOCK;USD;26;1292.00000000;155;EXCHANGE_LAST;;1;1;XEUR;7938852;12404;
05.06.2025;07:20:06.076;FMIN SI 20250919 CS;SIMPLE_INSTRUMENT;BLOCK;USD;27;1307.37500000;153;EXCHANGE_LAST;;1;1;XEUR;8427825;12404;
05.06.2025;07:28:29.452;FMIN SI 20250620 CS;SIMPLE_INSTRUMENT;BLOCK;USD;28;1290.40000000;156;EXCHANGE_LAST;;1;1;XEUR;7938852;12404;
05.06.2025;07:28:16.756;FMIN SI 20250919 CS;SIMPLE_INSTRUMENT;BLOCK;USD;29;1305.75600000;155;EXCHANGE_LAST;;1;1;XEUR;8427825;12404;
05.06.2025;08:20:55.499;FMIN SI 20250620 CS;SIMPLE_INSTRUMENT;BLOCK;USD;53;1281.40000000;781;EXCHANGE_LAST;;1;1;XEUR;7938852;12404;
05.06.2025;08:21:10.744;FMIN SI 20251219 CS;SIMPLE_INSTRUMENT;BLOCK;USD;54;1312.66600000;762;EXCHANGE_LAST;;1;1;XEUR;8837859;12404;
05.06.2025;08:22:51.668;FMIN SI 20250620 CS;SIMPLE_INSTRUMENT;BLOCK;USD;55;1282.00000000;157;EXCHANGE_LAST;;1;1;XEUR;7938852;12404;
05.06.2025;08:23:05.714;FMIN SI 20250919 CS;SIMPLE_INSTRUMENT;BLOCK;USD;56;1297.12800000;155;EXCHANGE_LAST;;1;1;XEUR;8427825;12404;
05.06.2025;08:33:10.834;FMIN SI 20250620 CS;SIMPLE_INSTRUMENT;BLOCK;USD;61;1283.50000000;1794;EXCHANGE_LAST;;1;1;XEUR;7938852;12404;
05.06.2025;08:33:23.614;FMIN SI 20250919 CS;SIMPLE_INSTRUMENT;BLOCK;USD;62;1298.77400000;1773;EXCHANGE_LAST;;1;1;XEUR;8427825;12404;
05.06.2025;09:28:46.990;FMIN SI 20250620 CS;SIMPLE_INSTRUMENT;BLOCK;USD;73;1290.00000000;101;EXCHANGE_LAST;;1;1;XEUR;7938852;12404;
05.06.2025;09:29:13.757;FMIN SI 20250919 CS;SIMPLE_INSTRUMENT;BLOCK;USD;74;1305.35100000;100;EXCHANGE_LAST;;1;1;XEUR;8427825;12404;
05.06.2025;09:34:28.619;FMIN SI 20250620 CS;SIMPLE_INSTRUMENT;BLOCK;USD;77;1282.00000000;218;EXCHANGE_LAST;;1;1;XEUR;7938852;12404;
05.06.2025;09:34:40.149;FMIN SI 20250919 CS;SIMPLE_INSTRUMENT;BLOCK;USD;78;1296.99900000;216;EXCHANGE_LAST;;1;1;XEUR;8427825;12404;
05.06.2025;09:40:07.566;FMIN SI 20250620 CS;SIMPLE_INSTRUMENT;BLOCK;USD;79;1283.00000000;138;EXCHANGE_LAST;;1;1;XEUR;7938852;12404;
05.06.2025;09:40:18.797;FMIN SI 20250919 CS;SIMPLE_INSTRUMENT;BLOCK;USD;80;1297.75500000;137;EXCHANGE_LAST;;1;1;XEUR;8427825;12404;
05.06.2025;08:03:31.614;FMJP SI 20250620 CS;SIMPLE_INSTRUMENT;BLOCK;USD;46;9300.00000000;538;EXCHANGE_LAST;;1;1;XEUR;7937445;661;
05.06.2025;08:03:54.585;FMJP SI 20250919 CS;SIMPLE_INSTRUMENT;BLOCK;USD;47;9410.20500000;531;EXCHANGE_LAST;;1;1;XEUR;8427138;661;
05.06.2025;08:12:24.217;FMJP SI 20250620 CS;SIMPLE_INSTRUMENT;BLOCK;USD;50;9400.00000000;430;EXCHANGE_LAST;;1;1;XEUR;7937445;661;
05.06.2025;08:12:42.456;FMJP SI 20250919 CS;SIMPLE_INSTRUMENT;BLOCK;USD;51;9511.39000000;425;EXCHANGE_LAST;;1;1;XEUR;8427138;661;
05.06.2025;08:39:26.803;FMJP SI 20250620 CS;SIMPLE_INSTRUMENT;BLOCK;USD;65;9350.00000000;1070;EXCHANGE_LAST;;1;1;XEUR;7937445;661;
05.06.2025;08:40:14.600;FMJP SI 20250919 CS;SIMPLE_INSTRUMENT;BLOCK;USD;66;9461.03100000;1057;EXCHANGE_LAST;;1;1;XEUR;8427138;661;
05.06.2025;08:57:22.036;FMJP SI 20250620 CS;SIMPLE_INSTRUMENT;BLOCK;USD;69;9385.00000000;2668;EXCHANGE_LAST;;2;1;XEUR;7937445;661;
05.06.2025;08:57:38.413;FMJP SI 20250919 CS;SIMPLE_INSTRUMENT;BLOCK;USD;70;9496.68200000;2637;EXCHANGE_LAST;;1;2;XEUR;8427138;661;
05.06.2025;07:08:44.247;FMPA SI 20250620 CS;SIMPLE_INSTRUMENT;BLOCK;USD;24;9347.88600000;72;EXCHANGE_LAST;;1;1;XEUR;7939647;48143;
05.06.2025;07:39:07.236;FMPA SI 20250620 CS;SIMPLE_INSTRUMENT;BLOCK;USD;33;9317.00000000;2150;EXCHANGE_LAST;;1;1;XEUR;7939647;48143;
05.06.2025;07:39:43.740;FMPA SI 20250919 CS;SIMPLE_INSTRUMENT;BLOCK;USD;35;9426.94100000;2125;EXCHANGE_LAST;;1;1;XEUR;8428546;48143;
05.06.2025;07:58:30.954;FMPA SI 20250620 CS;SIMPLE_INSTRUMENT;BLOCK;USD;44;9317.00000000;1610;EXCHANGE_LAST;;1;1;XEUR;7939647;48143;
05.06.2025;07:59:33.379;FMPA SI 20250919 CS;SIMPLE_INSTRUMENT;BLOCK;USD;45;9426.47500000;1591;EXCHANGE_LAST;;1;1;XEUR;8428546;48143;
05.06.2025;00:44:51.422;FMPH SI 20250620 CS;SIMPLE_INSTRUMENT;BLOCK;USD;3;445.85400000;66;EXCHANGE_LAST;;1;1;XEUR;7938856;12548;
05.06.2025;09:27:18.682;FMPX SI 20250620 CS;SIMPLE_INSTRUMENT;BLOCK;USD;71;8979.50000000;1114;EXCHANGE_LAST;;1;1;XEUR;7939465;45291;
05.06.2025;09:27:32.583;FMPX SI 20250919 CS;SIMPLE_INSTRUMENT;BLOCK;USD;72;9083.66200000;1101;EXCHANGE_LAST;;1;1;XEUR;8428457;45291;
05.06.2025;09:32:07.624;FMPX SI 20250620 CS;SIMPLE_INSTRUMENT;BLOCK;USD;75;8990.00000000;280;EXCHANGE_LAST;;1;1;XEUR;7939465;45291;
05.06.2025;09:32:19.571;FMPX SI 20250919 CS;SIMPLE_INSTRUMENT;BLOCK;USD;76;9094.28400000;277;EXCHANGE_LAST;;1;1;XEUR;8428457;45291;
05.06.2025;07:46:19.652;FMSA SI 20250620 CS;SIMPLE_INSTRUMENT;BLOCK;USD;37;1691.28400000;230;EXCHANGE_LAST;;1;1;XEUR;7940199;134861;
05.06.2025;06:41:37.751;FMSC SI 20250620 CS;SIMPLE_INSTRUMENT;EFP_IDX;USD;17;736.84700000;63;EXCHANGE_LAST;;1;1;XEUR;7940363;221303;
05.06.2025;00:27:24.967;FMTW SI 20250620 CS;SIMPLE_INSTRUMENT;BLOCK;USD;1;849.98600000;240;EXCHANGE_LAST;;1;1;XEUR;7939790;51884;
05.06.2025;03:37:45.193;FMTW SI 20250620 CS;SIMPLE_INSTRUMENT;BLOCK;USD;4;852.20000000;1174;EXCHANGE_LAST;;1;1;XEUR;7939790;51884;
05.06.2025;03:38:16.557;FMTW SI 20250919 CS;SIMPLE_INSTRUMENT;BLOCK;USD;5;860.89200000;1162;EXCHANGE_LAST;;1;1;XEUR;8428623;51884;
05.06.2025;05:59:27.431;FMTW SI 20250919 CS;SIMPLE_INSTRUMENT;BLOCK;USD;6;859.59500000;582;EXCHANGE_LAST;;1;1;XEUR;8428623;51884;
05.06.2025;05:59:41.111;FMTW SI 20250620 CS;SIMPLE_INSTRUMENT;BLOCK;USD;7;851.00000000;588;EXCHANGE_LAST;;1;1;XEUR;7939790;51884;
05.06.2025;06:50:32.965;FMTW SI 20250620 CS;SIMPLE_INSTRUMENT;BLOCK;USD;9;849.98600000;120;EXCHANGE_LAST;;1;1;XEUR;7939790;51884;
05.06.2025;06:51:39.840;FMTW SI 20250620 CS;SIMPLE_INSTRUMENT;BLOCK;USD;10;851.30000000;294;EXCHANGE_LAST;;1;1;XEUR;7939790;51884;
05.06.2025;06:51:49.258;FMTW SI 20250919 CS;SIMPLE_INSTRUMENT;BLOCK;USD;11;859.81300000;291;EXCHANGE_LAST;;1;1;XEUR;8428623;51884;
05.06.2025;06:52:54.437;FMTW SI 20250620 CS;SIMPLE_INSTRUMENT;BLOCK;USD;12;851.30000000;294;EXCHANGE_LAST;;1;1;XEUR;7939790;51884;
05.06.2025;06:53:40.284;FMTW SI 20250919 CS;SIMPLE_INSTRUMENT;BLOCK;USD;13;859.81300000;291;EXCHANGE_LAST;;1;1;XEUR;8428623;51884;
05.06.2025;07:48:44.763;FMTW SI 20250620 CS;SIMPLE_INSTRUMENT;BLOCK;USD;16;852.40000000;235;EXCHANGE_LAST;;1;1;XEUR;7939790;51884;
05.06.2025;07:48:45.346;FMTW SI 20250919 CS;SIMPLE_INSTRUMENT;BLOCK;USD;17;860.92400000;233;EXCHANGE_LAST;;1;1;XEUR;8428623;51884;
05.06.2025;06:03:12.446;FMWN SI 20250620 CS;SIMPLE_INSTRUMENT;EFP_IDX;EUR;11;557.69000000;3600;EXCHANGE_LAST;;1;1;XEUR;7939177;30654;
05.06.2025;06:11:31.112;FMWN SI 20250620 CS;SIMPLE_INSTRUMENT;EFP_IDX;EUR;12;557.73000000;51;EXCHANGE_LAST;;1;1;XEUR;7939177;30654;
05.06.2025;06:16:34.948;FMWO SI 20250620 CS;SIMPLE_INSTRUMENT;EFP_IDX;USD;13;12468.24000000;115;EXCHANGE_LAST;;1;1;XEUR;7938711;7059;
05.06.2025;06:27:08.274;FMWO SI 20250620 CS;SIMPLE_INSTRUMENT;EFP_IDX;USD;14;12468.24000000;24;EXCHANGE_LAST;;1;1;XEUR;7938711;7059;
05.06.2025;07:03:40.788;FMWO SI 20250620 CS;SIMPLE_INSTRUMENT;EFP_IDX;USD;21;12467.74000000;47;EXCHANGE_LAST;;1;1;XEUR;7938711;7059;
05.06.2025;07:38:02.620;FMWO SI 20250620 CS;SIMPLE_INSTRUMENT;EFP_IDX;USD;32;12467.94000000;80;EXCHANGE_LAST;;1;1;XEUR;7938711;7059;
05.06.2025;06:51:48.046;FMWQ SI 20250620 CS;SIMPLE_INSTRUMENT;EFP_IDX;USD;19;401.59300000;5;EXCHANGE_LAST;;1;1;XEUR;7940140;124310;
05.06.2025;06:44:07.075;FOAT.S.JUN25.SEP25.SPD;FUTURES_SPREAD;BLOCK;EUR;1;1.03000000;1207;EXCHANGE_LAST;;1;1;XEUR;72060810968432734;749;
