#Date;TrdTime;Contract;ContractType;TrdTyp;Currency;TesId;Prc;Qty;TrdInd;Aggressor;Buy;Sell;Exch;InstrumentId;RelatedProdId;PrcDecomp
29.05.2025;13:10:35.446;ASMH SI 20250718 CS;SIMPLE_INSTRUMENT;BLOCK;EUR;29;678.57000000;1000;EXCHANGE_LAST;;2;1;XEUR;11383290;3979;
29.05.2025;14:41:43.668;AXA SI 20281215 PS AM P 36.00 0;SIMPLE_INSTRUMENT;BLOCK;EUR;24;4.72000000;2000;EXCHANGE_LAST;;1;1;XEUR;10396110;127;
29.05.2025;11:34:16.980;B2NP SI 20250620 CS;SIMPLE_INSTRUMENT;BLOCK;EUR;24;4.79000000;1316;EXCHANGE_LAST;;1;1;XEUR;10830225;131;
29.05.2025;15:32:29.389;B2NP SI 20261218 CS;SIMPLE_INSTRUMENT;BLOCK;EUR;41;4.84500000;300;EXCHANGE_LAST;;2;1;XEUR;6798320;131;
29.05.2025;14:28:34.910;BAS SI 20260619 PS AM P 40.00 0;SIMPLE_INSTRUMENT;BLOCK;EUR;9;3.67000000;1000;EXCHANGE_LAST;;1;1;XEUR;9539321;150;
29.05.2025;14:49:13.198;BAS SI 20260619 PS AM P 40.00 0;SIMPLE_INSTRUMENT;BLOCK;EUR;10;3.67000000;500;EXCHANGE_LAST;;1;1;XEUR;9539321;150;
29.05.2025;09:58:56.973;BAY SI 20251219 PS AM P 22.00 0;SIMPLE_INSTRUMENT;BLOCK;EUR;1;1.90000000;5000;EXCHANGE_LAST;;1;2;XEUR;12231605;168;
29.05.2025;11:14:56.152;BAY SI 20250620 PS AM P 24.00 0;SIMPLE_INSTRUMENT;BLOCK;EUR;2;0.49000000;3000;EXCHANGE_LAST;;1;1;XEUR;8112563;168;
29.05.2025;11:19:10.669;BAY.O.250529.STD.000023;STANDARD_OPTION_STRATEGY;BLOCK;EUR;3;6.76000000;9000;EXCHANGE_LAST;;2;3;XEUR;72058315592511838;168;
29.05.2025;11:19:10.669;BAY SI 20251219 PS AM P 24.00 0;SIMPLE_INSTRUMENT;BLOCK;EUR;3;2.78000000;9000;PRC_DECOMP_EXCHANGE;;;;XEUR;8112387;168;EXCHANGE
29.05.2025;11:19:10.669;BAY SI 20251219 PS AM C 24.00 0;SIMPLE_INSTRUMENT;BLOCK;EUR;3;3.98000000;9000;PRC_DECOMP_EXCHANGE;;;;XEUR;8112365;168;EXCHANGE
29.05.2025;12:17:06.594;BAY SI 20250620 PS AM C 25.00 0;SIMPLE_INSTRUMENT;BLOCK;EUR;6;0.84000000;2000;EXCHANGE_LAST;;2;1;XEUR;11992382;168;
29.05.2025;12:28:37.158;BAY.O.250529.BUL.000040;STANDARD_OPTION_STRATEGY;BLOCK;EUR;7;0.90000000;4500;EXCHANGE_LAST;;3;1;XEUR;72058315592511855;168;
29.05.2025;12:28:37.158;BAY SI 20250919 PS AM C 26.00 0;SIMPLE_INSTRUMENT;BLOCK;EUR;7;1.86000000;4500;PRC_DECOMP_EXCHANGE;;;;XEUR;11873101;168;EXCHANGE
29.05.2025;12:28:37.158;BAY SI 20250919 PS AM C 29.00 0;SIMPLE_INSTRUMENT;BLOCK;EUR;7;0.96000000;4500;PRC_DECOMP_EXCHANGE;;;;XEUR;11992369;168;EXCHANGE
29.05.2025;14:24:29.535;BAY SI 20260320 PS AM C 26.00 0;SIMPLE_INSTRUMENT;BLOCK;EUR;8;3.43000000;5000;EXCHANGE_LAST;;1;1;XEUR;12997306;168;
29.05.2025;15:30:25.535;BBVD SI 20260320 PS AM P 12.00 0;SIMPLE_INSTRUMENT;BLOCK;EUR;9;0.90000000;15000;EXCHANGE_LAST;;2;1;XEUR;9914293;172;
29.05.2025;11:57:29.627;BNP SI 20260320 PS AM C 80.00 0;SIMPLE_INSTRUMENT;BLOCK;EUR;14;5.47000000;1500;EXCHANGE_LAST;;1;1;XEUR;12999071;237;
29.05.2025;11:33:48.254;BNPH SI 20250620 CS;SIMPLE_INSTRUMENT;BLOCK;EUR;23;77.06200000;15000;EXCHANGE_LAST;;1;1;XEUR;11170600;236;
29.05.2025;14:35:29.521;BSN SI 20250919 PS AM P 66.00 0;SIMPLE_INSTRUMENT;BLOCK;EUR;21;0.49000000;400;EXCHANGE_LAST;;1;1;XEUR;12888610;241;
29.05.2025;11:37:25.327;BYG SI 20281215 PS AM P 32.00 0;SIMPLE_INSTRUMENT;BLOCK;EUR;12;3.70000000;1500;EXCHANGE_LAST;;1;1;XEUR;10399872;280;
29.05.2025;10:55:36.534;C3AR SI 20250620 CS;SIMPLE_INSTRUMENT;BLOCK;EUR;18;0.92000000;99;EXCHANGE_LAST;;1;1;XEUR;10833264;256;
29.05.2025;10:55:29.836;CARG SI 20250620 CS;SIMPLE_INSTRUMENT;BLOCK;EUR;16;13.36800000;8000;EXCHANGE_LAST;;2;1;XEUR;11171232;271;
29.05.2025;15:30:04.241;CARG SI 20250620 CS;SIMPLE_INSTRUMENT;BLOCK;EUR;40;13.36800000;4000;EXCHANGE_LAST;;1;1;XEUR;11171232;271;
29.05.2025;15:36:22.100;CBK SI 20260619 PS AM P 24.00 0;SIMPLE_INSTRUMENT;BLOCK;EUR;12;3.15000000;3500;EXCHANGE_LAST;;2;1;XEUR;10982474;268;
29.05.2025;13:20:17.676;CON SI 20250620 PS AM C 78.00 0;SIMPLE_INSTRUMENT;BLOCK;EUR;8;2.01000000;2655;EXCHANGE_LAST;;1;1;XEUR;13048384;414620;
29.05.2025;13:20:17.679;CON SI 20250620 PS AM C 78.00 0;SIMPLE_INSTRUMENT;BLOCK;EUR;9;2.00000000;1845;EXCHANGE_LAST;;1;1;XEUR;13048384;414620;
29.05.2025;13:20:52.922;CON SI 20250620 PS AM C 83.00 0;SIMPLE_INSTRUMENT;BLOCK;EUR;10;0.45000000;4050;EXCHANGE_LAST;;1;1;XEUR;13376171;414620;
29.05.2025;13:20:52.946;CON SI 20250620 PS AM C 83.00 0;SIMPLE_INSTRUMENT;BLOCK;EUR;11;0.44000000;450;EXCHANGE_LAST;;1;1;XEUR;13376171;414620;
29.05.2025;13:21:22.601;CON SI 20250620 PS AM C 80.00 0;SIMPLE_INSTRUMENT;BLOCK;EUR;12;1.16000000;2592;EXCHANGE_LAST;;1;1;XEUR;11406223;414620;
29.05.2025;13:21:22.611;CON SI 20250620 PS AM C 80.00 0;SIMPLE_INSTRUMENT;BLOCK;EUR;13;1.15000000;1458;EXCHANGE_LAST;;1;1;XEUR;11406223;414620;
29.05.2025;13:22:01.724;CON SI 20250620 PS AM C 85.00 0;SIMPLE_INSTRUMENT;BLOCK;EUR;14;0.18000000;3848;EXCHANGE_LAST;;1;1;XEUR;13392841;414620;
29.05.2025;13:22:01.734;CON SI 20250620 PS AM C 85.00 0;SIMPLE_INSTRUMENT;BLOCK;EUR;15;0.17000000;202;EXCHANGE_LAST;;1;1;XEUR;13392841;414620;
29.05.2025;10:35:49.168;CRI5 SI 20260618 PS AM P 36.00 0;SIMPLE_INSTRUMENT;BLOCK;EUR;2;1.54000000;2000;EXCHANGE_LAST;;1;1;XEUR;9543498;320;
29.05.2025;10:40:55.239;DAI.O.250529.BUL.000010;STANDARD_OPTION_STRATEGY;BLOCK;EUR;1;0.07000000;1500;EXCHANGE_LAST;;1;1;XEUR;73961106363666752;443196;
29.05.2025;10:40:55.239;DAI SI 20250620 PS AM C 60.00 0;SIMPLE_INSTRUMENT;BLOCK;EUR;1;0.09000000;1500;PRC_DECOMP_EXCHANGE;;;;XEUR;7934293;443196;EXCHANGE
29.05.2025;10:40:55.239;DAI SI 20250620 PS AM C 59.00 0;SIMPLE_INSTRUMENT;BLOCK;EUR;1;0.16000000;1500;PRC_DECOMP_EXCHANGE;;;;XEUR;13049912;443196;EXCHANGE
29.05.2025;11:29:12.854;DAI SI 20251219 PS AM P 52.00 0;SIMPLE_INSTRUMENT;BLOCK;EUR;3;3.66000000;1500;EXCHANGE_LAST;;1;1;XEUR;7144530;443196;
29.05.2025;15:15:55.025;DAI.O.250529.BRT.000013;STANDARD_OPTION_STRATEGY;BLOCK;EUR;18;2.31000000;1000;EXCHANGE_LAST;;1;1;XEUR;73961106363666755;443196;
29.05.2025;15:15:55.025;DAI SI 20261218 PS AM P 50.00 0;SIMPLE_INSTRUMENT;BLOCK;EUR;18;6.02000000;1000;PRC_DECOMP_EXCHANGE;;;;XEUR;7722758;443196;EXCHANGE
29.05.2025;15:15:55.025;DAI SI 20260320 PS AM P 50.00 0;SIMPLE_INSTRUMENT;BLOCK;EUR;18;3.71000000;1000;PRC_DECOMP_EXCHANGE;;;;XEUR;13049845;443196;EXCHANGE
29.05.2025;12:46:01.018;DTE SI 20250620 PS AM P 33.00 0;SIMPLE_INSTRUMENT;BLOCK;EUR;16;0.55000000;2250;EXCHANGE_LAST;;1;1;XEUR;12038061;424;
29.05.2025;13:52:26.913;EAD SI 20260619 PS AM P 140.00 0;SIMPLE_INSTRUMENT;BLOCK;EUR;17;8.25000000;1000;EXCHANGE_LAST;;2;1;XEUR;13242425;465;
29.05.2025;15:15:01.796;EAD SI 20260619 PS AM P 140.00 0;SIMPLE_INSTRUMENT;BLOCK;EUR;25;8.25000000;300;EXCHANGE_LAST;;1;1;XEUR;13242425;465;
29.05.2025;08:14:40.673;ENR SI 20250620 PS AM P 65.00 0;SIMPLE_INSTRUMENT;BLOCK;EUR;3;0.28000000;400;EXCHANGE_LAST;;1;1;XEUR;12886454;298530;
29.05.2025;08:47:08.010;ENR FI 20250915 PS AM C 13.2200 0;FLEXIBLE_INSTRUMENT;BLOCK;EUR;5;73.66000000;2388;EXCHANGE_LAST;;1;1;XEUR;1154203681193731886;298530;
29.05.2025;08:47:12.924;ENR FI 20250915 PS AM C 13.2200 0;FLEXIBLE_INSTRUMENT;BLOCK;EUR;6;73.65000000;2387;EXCHANGE_LAST;;1;1;XEUR;1154203681193731886;298530;
29.05.2025;08:47:24.233;ENR FI 20250915 PS AM C 15.5300 0;FLEXIBLE_INSTRUMENT;BLOCK;EUR;7;71.38000000;4775;EXCHANGE_LAST;;1;1;XEUR;1154203681193731887;298530;
29.05.2025;10:31:35.355;ENR.O.250529.STD.000012;STANDARD_OPTION_STRATEGY;BLOCK;EUR;13;51.00000000;1250;EXCHANGE_LAST;;2;1;XEUR;73339770624820215;298530;
29.05.2025;10:31:35.355;ENR SI 20271217 PS AM P 92.00 0;SIMPLE_INSTRUMENT;BLOCK;EUR;13;26.52000000;1250;PRC_DECOMP_EXCHANGE;;;;XEUR;12690363;298530;EXCHANGE
29.05.2025;10:31:35.355;ENR SI 20271217 PS AM C 92.00 0;SIMPLE_INSTRUMENT;BLOCK;EUR;13;24.48000000;1250;PRC_DECOMP_EXCHANGE;;;;XEUR;12690364;298530;EXCHANGE
29.05.2025;10:51:51.217;ENR.O.250529.STD.000012;STANDARD_OPTION_STRATEGY;BLOCK;EUR;14;51.00000000;500;EXCHANGE_LAST;;1;1;XEUR;73339770624820215;298530;
29.05.2025;10:51:51.217;ENR SI 20271217 PS AM P 92.00 0;SIMPLE_INSTRUMENT;BLOCK;EUR;14;26.45000000;500;PRC_DECOMP_EXCHANGE;;;;XEUR;12690363;298530;EXCHANGE
29.05.2025;10:51:51.217;ENR SI 20271217 PS AM C 92.00 0;SIMPLE_INSTRUMENT;BLOCK;EUR;14;24.55000000;500;PRC_DECOMP_EXCHANGE;;;;XEUR;12690364;298530;EXCHANGE
29.05.2025;12:42:35.253;ENR.O.250529.BER.000013;STANDARD_OPTION_STRATEGY;BLOCK;EUR;15;2.85000000;750;EXCHANGE_LAST;;1;1;XEUR;73339770624820216;298530;
29.05.2025;12:42:35.253;ENR SI 20250620 PS AM P 85.00 0;SIMPLE_INSTRUMENT;BLOCK;EUR;15;3.67000000;750;PRC_DECOMP_EXCHANGE;;;;XEUR;13464794;298530;EXCHANGE
29.05.2025;12:42:35.253;ENR SI 20250620 PS AM P 75.00 0;SIMPLE_INSTRUMENT;BLOCK;EUR;15;0.82000000;750;PRC_DECOMP_EXCHANGE;;;;XEUR;13439527;298530;EXCHANGE
29.05.2025;11:11:01.556;ENT5.O.250529.BR23.000001;STANDARD_OPTION_STRATEGY;BLOCK;EUR;4;-2.28000000;2000;EXCHANGE_LAST;;1;3;XEUR;72059728636685279;497;
29.05.2025;11:11:01.556;ENT5 SI 20281214 PS AM P 12.00 0;SIMPLE_INSTRUMENT;BLOCK;EUR;4;1.98000000;4000;PRC_DECOMP_MEMBER;;;;XEUR;10381179;497;MEMBER
29.05.2025;11:11:01.556;ENT5 SI 20281214 PS AM P 8.00 0;SIMPLE_INSTRUMENT;BLOCK;EUR;4;0.56000000;6000;PRC_DECOMP_MEMBER;;;;XEUR;10381172;497;MEMBER
29.05.2025;15:24:26.523;ENT5 SI 20260319 PS AM P 12.00 0;SIMPLE_INSTRUMENT;BLOCK;EUR;8;0.60000000;3000;EXCHANGE_LAST;;3;1;XEUR;12988413;497;
29.05.2025;13:11:19.012;EOA SI 20261218 PS AM C 18.00 0;SIMPLE_INSTRUMENT;BLOCK;EUR;6;0.71000000;1500;EXCHANGE_LAST;;1;1;XEUR;7177804;49065;
29.05.2025;13:11:42.059;EOA SI 20261218 PS AM C 20.00 0;SIMPLE_INSTRUMENT;BLOCK;EUR;7;0.37000000;1900;EXCHANGE_LAST;;1;1;XEUR;9225475;49065;
29.05.2025;14:14:04.365;EOA SI 20250620 PS AM P 14.80 0;SIMPLE_INSTRUMENT;BLOCK;EUR;16;0.06000000;1667;EXCHANGE_LAST;;1;1;XEUR;13033482;49065;
29.05.2025;14:14:07.589;EOA SI 20250620 PS AM P 14.80 0;SIMPLE_INSTRUMENT;BLOCK;EUR;17;0.09000000;2333;EXCHANGE_LAST;;1;1;XEUR;13033482;49065;
29.05.2025;12:18:04.991;EVK SI 20251219 PS AM C 24.00 0;SIMPLE_INSTRUMENT;BLOCK;EUR;4;0.23000000;1000;EXCHANGE_LAST;;1;1;XEUR;5929083;10806;
29.05.2025;08:04:52.632;F3IA SI 20261218 CS;SIMPLE_INSTRUMENT;BLOCK;EUR;1;0.38000000;350;EXCHANGE_LAST;;1;1;XEUR;6830373;390387;
29.05.2025;08:05:01.290;F3IA SI 20261218 CS;SIMPLE_INSTRUMENT;BLOCK;EUR;2;0.37500000;500;EXCHANGE_LAST;;1;1;XEUR;6830373;390387;
29.05.2025;09:04:17.414;F3IA SI 20271217 CS;SIMPLE_INSTRUMENT;BLOCK;EUR;3;0.42500000;500;EXCHANGE_LAST;;1;1;XEUR;8422837;390387;
29.05.2025;09:03:53.412;F3IA SI 20261218 CS;SIMPLE_INSTRUMENT;BLOCK;EUR;4;0.37500000;500;EXCHANGE_LAST;;1;1;XEUR;6830373;390387;
29.05.2025;09:25:13.381;F3IA SI 20281215 CS;SIMPLE_INSTRUMENT;BLOCK;EUR;7;0.47500000;300;EXCHANGE_LAST;;1;1;XEUR;9964653;390387;
29.05.2025;09:49:08.489;F3IA SI 20261218 CS;SIMPLE_INSTRUMENT;BLOCK;EUR;8;0.37200000;625;EXCHANGE_LAST;;1;2;XEUR;6830373;390387;
29.05.2025;09:49:25.835;F3IA SI 20261218 CS;SIMPLE_INSTRUMENT;BLOCK;EUR;9;0.37300000;625;EXCHANGE_LAST;;1;2;XEUR;6830373;390387;
29.05.2025;09:49:17.773;F3IA SI 20281215 CS;SIMPLE_INSTRUMENT;BLOCK;EUR;10;0.47500000;300;EXCHANGE_LAST;;1;1;XEUR;9964653;390387;
29.05.2025;09:52:08.489;F3IA SI 20281215 CS;SIMPLE_INSTRUMENT;BLOCK;EUR;11;0.48000000;300;EXCHANGE_LAST;;1;1;XEUR;9964653;390387;
29.05.2025;09:53:23.018;F3IA SI 20261218 CS;SIMPLE_INSTRUMENT;BLOCK;EUR;12;0.37300000;250;EXCHANGE_LAST;;1;1;XEUR;6830373;390387;
29.05.2025;09:53:47.705;F3IA SI 20261218 CS;SIMPLE_INSTRUMENT;BLOCK;EUR;13;0.37200000;250;EXCHANGE_LAST;;1;1;XEUR;6830373;390387;
29.05.2025;10:18:54.046;F3IA SI 20261218 CS;SIMPLE_INSTRUMENT;BLOCK;EUR;14;0.38000000;1000;EXCHANGE_LAST;;1;1;XEUR;6830373;390387;
29.05.2025;11:25:20.340;F3IA SI 20301220 CS;SIMPLE_INSTRUMENT;BLOCK;EUR;22;0.44000000;100;EXCHANGE_LAST;;1;1;XEUR;11458565;390387;
29.05.2025;11:51:58.293;F3IA SI 20281215 CS;SIMPLE_INSTRUMENT;BLOCK;EUR;25;0.48500000;800;EXCHANGE_LAST;;2;2;XEUR;9964653;390387;
29.05.2025;07:46:59.269;FBTP SI 20250606 PS;SIMPLE_INSTRUMENT;EFP_FIN;EUR;1;120.55000000;537;EXCHANGE_LAST;;1;1;XEUR;11820365;636;
29.05.2025;07:50:39.549;FBTP SI 20250606 PS;SIMPLE_INSTRUMENT;EFP_FIN;EUR;2;120.55000000;269;EXCHANGE_LAST;;1;1;XEUR;11820365;636;
29.05.2025;08:36:03.025;FBTP SI 20250606 PS;SIMPLE_INSTRUMENT;EFP_FIN;EUR;3;120.61000000;161;EXCHANGE_LAST;;1;1;XEUR;11820365;636;
29.05.2025;08:51:09.375;FBTP SI 20250606 PS;SIMPLE_INSTRUMENT;BLOCK;EUR;4;120.60000000;2211;EXCHANGE_LAST;;1;1;XEUR;11820365;636;
29.05.2025;08:53:30.440;FBTP SI 20250606 PS;SIMPLE_INSTRUMENT;EFS;EUR;5;120.60000000;288;EXCHANGE_LAST;;1;1;XEUR;11820365;636;
29.05.2025;10:07:29.458;FBTP SI 20250606 PS;SIMPLE_INSTRUMENT;EFP_FIN;EUR;6;120.39000000;194;EXCHANGE_LAST;;1;1;XEUR;11820365;636;
29.05.2025;10:16:11.112;FBTP SI 20250606 PS;SIMPLE_INSTRUMENT;EFP_FIN;EUR;7;120.66000000;176;EXCHANGE_LAST;;1;1;XEUR;11820365;636;
29.05.2025;10:16:58.512;FBTP SI 20250606 PS;SIMPLE_INSTRUMENT;EFP_FIN;EUR;8;120.66000000;89;EXCHANGE_LAST;;1;1;XEUR;11820365;636;
29.05.2025;10:17:54.423;FBTP SI 20250606 PS;SIMPLE_INSTRUMENT;EFP_FIN;EUR;9;120.66000000;96;EXCHANGE_LAST;;1;1;XEUR;11820365;636;
29.05.2025;10:23:25.640;FBTP SI 20250606 PS;SIMPLE_INSTRUMENT;EFS;EUR;10;120.40000000;288;EXCHANGE_LAST;;1;1;XEUR;11820365;636;
29.05.2025;10:55:40.918;FBTP SI 20250908 PS;SIMPLE_INSTRUMENT;EFP_FIN;EUR;11;120.02000000;985;EXCHANGE_LAST;;1;1;XEUR;12372474;636;
29.05.2025;10:58:30.620;FBTP SI 20250606 PS;SIMPLE_INSTRUMENT;EFP_FIN;EUR;12;120.54000000;1105;EXCHANGE_LAST;;1;1;XEUR;11820365;636;
29.05.2025;11:22:39.939;FBTP SI 20250606 PS;SIMPLE_INSTRUMENT;EFP_FIN;EUR;13;120.65000000;1619;EXCHANGE_LAST;;1;1;XEUR;11820365;636;
29.05.2025;11:57:48.352;FBTP SI 20250606 PS;SIMPLE_INSTRUMENT;EFP_FIN;EUR;14;120.78000000;206;EXCHANGE_LAST;;1;1;XEUR;11820365;636;
29.05.2025;12:24:42.872;FBTP SI 20250606 PS;SIMPLE_INSTRUMENT;EFP_FIN;EUR;15;120.78000000;1235;EXCHANGE_LAST;;1;1;XEUR;11820365;636;
29.05.2025;12:28:55.328;FBTP SI 20250606 PS;SIMPLE_INSTRUMENT;EFP_FIN;EUR;16;120.82000000;179;EXCHANGE_LAST;;1;1;XEUR;11820365;636;
29.05.2025;13:14:12.482;FBTP SI 20250606 PS;SIMPLE_INSTRUMENT;EFP_FIN;EUR;17;120.97000000;823;EXCHANGE_LAST;;1;1;XEUR;11820365;636;
29.05.2025;13:16:50.362;FBTP SI 20250606 PS;SIMPLE_INSTRUMENT;EFP_FIN;EUR;18;120.98000000;804;EXCHANGE_LAST;;1;1;XEUR;11820365;636;
29.05.2025;14:08:56.333;FBTP SI 20250606 PS;SIMPLE_INSTRUMENT;EFP_FIN;EUR;19;121.00000000;311;EXCHANGE_LAST;;1;1;XEUR;11820365;636;
29.05.2025;14:12:41.018;FBTP SI 20250606 PS;SIMPLE_INSTRUMENT;EFP_FIN;EUR;20;121.06000000;884;EXCHANGE_LAST;;1;1;XEUR;11820365;636;
29.05.2025;15:07:35.896;FBTP SI 20250606 PS;SIMPLE_INSTRUMENT;EFP_FIN;EUR;21;121.07000000;88;EXCHANGE_LAST;;1;1;XEUR;11820365;636;
29.05.2025;16:01:40.135;FBTP SI 20250606 PS;SIMPLE_INSTRUMENT;EFP_FIN;EUR;22;121.20000000;230;EXCHANGE_LAST;;1;1;XEUR;11820365;636;
29.05.2025;16:22:09.549;FBTP SI 20250606 PS;SIMPLE_INSTRUMENT;EFP_FIN;EUR;23;121.15000000;91;EXCHANGE_LAST;;1;1;XEUR;11820365;636;
29.05.2025;08:23:59.523;FBTS SI 20250606 PS;SIMPLE_INSTRUMENT;EFP_FIN;EUR;7;108.05000000;958;EXCHANGE_LAST;;1;1;XEUR;11820367;639;
29.05.2025;09:10:24.928;FBTS SI 20250606 PS;SIMPLE_INSTRUMENT;BLOCK;EUR;15;108.05000000;1983;EXCHANGE_LAST;;1;1;XEUR;11820367;639;
29.05.2025;09:58:01.916;FBTS SI 20250606 PS;SIMPLE_INSTRUMENT;BLOCK;EUR;20;108.02000000;625;EXCHANGE_LAST;;1;1;XEUR;11820367;639;
29.05.2025;09:58:14.917;FBTS SI 20250606 PS;SIMPLE_INSTRUMENT;BLOCK;EUR;21;108.03000000;1875;EXCHANGE_LAST;;1;1;XEUR;11820367;639;
29.05.2025;09:58:41.921;FBTS SI 20250908 PS;SIMPLE_INSTRUMENT;BLOCK;EUR;22;107.97000000;2234;EXCHANGE_LAST;;1;1;XEUR;12372476;639;
29.05.2025;10:19:06.816;FBTS SI 20250606 PS;SIMPLE_INSTRUMENT;EFP_FIN;EUR;24;108.02000000;1226;EXCHANGE_LAST;;1;1;XEUR;11820367;639;
29.05.2025;10:32:36.580;FBTS SI 20250606 PS;SIMPLE_INSTRUMENT;EFP_FIN;EUR;25;108.02000000;1995;EXCHANGE_LAST;;1;1;XEUR;11820367;639;
29.05.2025;10:40:55.563;FBTS SI 20250908 PS;SIMPLE_INSTRUMENT;BLOCK;EUR;27;107.97000000;892;EXCHANGE_LAST;;1;1;XEUR;12372476;639;
29.05.2025;10:42:16.431;FBTS SI 20250606 PS;SIMPLE_INSTRUMENT;BLOCK;EUR;28;108.03000000;800;EXCHANGE_LAST;;1;1;XEUR;11820367;639;
29.05.2025;10:42:37.227;FBTS SI 20250606 PS;SIMPLE_INSTRUMENT;BLOCK;EUR;29;108.02000000;200;EXCHANGE_LAST;;1;1;XEUR;11820367;639;
29.05.2025;11:04:01.032;FBTS SI 20250606 PS;SIMPLE_INSTRUMENT;BLOCK;EUR;32;108.04000000;333;EXCHANGE_LAST;;1;1;XEUR;11820367;639;
29.05.2025;11:06:41.241;FBTS SI 20250606 PS;SIMPLE_INSTRUMENT;EFP_FIN;EUR;35;108.03000000;490;EXCHANGE_LAST;;1;1;XEUR;11820367;639;
29.05.2025;12:19:55.212;FBTS SI 20250606 PS;SIMPLE_INSTRUMENT;BLOCK;EUR;46;108.10000000;3000;EXCHANGE_LAST;;1;1;XEUR;11820367;639;
29.05.2025;12:21:43.588;FBTS SI 20250908 PS;SIMPLE_INSTRUMENT;BLOCK;EUR;47;108.05000000;1500;EXCHANGE_LAST;;1;1;XEUR;12372476;639;
29.05.2025;12:22:13.161;FBTS SI 20250908 PS;SIMPLE_INSTRUMENT;BLOCK;EUR;48;108.04000000;1500;EXCHANGE_LAST;;1;1;XEUR;12372476;639;
29.05.2025;12:24:03.477;FBTS SI 20250606 PS;SIMPLE_INSTRUMENT;EFP_FIN;EUR;49;108.10000000;2380;EXCHANGE_LAST;;1;1;XEUR;11820367;639;
29.05.2025;12:49:39.540;FBTS SI 20250606 PS;SIMPLE_INSTRUMENT;BLOCK;EUR;52;108.12000000;2240;EXCHANGE_LAST;;1;1;XEUR;11820367;639;
29.05.2025;12:50:42.325;FBTS SI 20250908 PS;SIMPLE_INSTRUMENT;BLOCK;EUR;54;108.06000000;1000;EXCHANGE_LAST;;1;1;XEUR;12372476;639;
29.05.2025;12:50:50.734;FBTS SI 20250908 PS;SIMPLE_INSTRUMENT;BLOCK;EUR;55;108.07000000;1000;EXCHANGE_LAST;;1;1;XEUR;12372476;639;
29.05.2025;12:57:22.132;FBTS SI 20250606 PS;SIMPLE_INSTRUMENT;BLOCK;EUR;56;108.13000000;2000;EXCHANGE_LAST;;1;1;XEUR;11820367;639;
29.05.2025;12:57:44.614;FBTS SI 20250908 PS;SIMPLE_INSTRUMENT;BLOCK;EUR;57;108.07000000;1000;EXCHANGE_LAST;;1;1;XEUR;12372476;639;
29.05.2025;12:57:44.638;FBTS SI 20250908 PS;SIMPLE_INSTRUMENT;BLOCK;EUR;58;108.08000000;1000;EXCHANGE_LAST;;1;1;XEUR;12372476;639;
29.05.2025;13:58:18.852;FBTS SI 20250606 PS;SIMPLE_INSTRUMENT;EFP_FIN;EUR;63;108.13000000;952;EXCHANGE_LAST;;1;1;XEUR;11820367;639;
29.05.2025;14:06:50.467;FBTS SI 20250606 PS;SIMPLE_INSTRUMENT;EFP_FIN;EUR;65;108.15000000;476;EXCHANGE_LAST;;1;1;XEUR;11820367;639;
29.05.2025;14:31:02.936;FBTS SI 20250606 PS;SIMPLE_INSTRUMENT;EFP_FIN;EUR;66;108.16000000;952;EXCHANGE_LAST;;1;1;XEUR;11820367;639;
29.05.2025;14:31:55.972;FBTS SI 20250606 PS;SIMPLE_INSTRUMENT;EFP_FIN;EUR;67;108.15000000;1675;EXCHANGE_LAST;;1;1;XEUR;11820367;639;
29.05.2025;14:39:52.365;FBTS SI 20250606 PS;SIMPLE_INSTRUMENT;EFP_FIN;EUR;68;108.16000000;714;EXCHANGE_LAST;;1;1;XEUR;11820367;639;
29.05.2025;14:41:32.364;FBTS SI 20250606 PS;SIMPLE_INSTRUMENT;BLOCK;EUR;69;108.15000000;476;EXCHANGE_LAST;;1;1;XEUR;11820367;639;
29.05.2025;14:42:32.482;FBTS SI 20250606 PS;SIMPLE_INSTRUMENT;EFP_FIN;EUR;70;108.15000000;571;EXCHANGE_LAST;;1;1;XEUR;11820367;639;
29.05.2025;14:50:58.877;FBTS SI 20250606 PS;SIMPLE_INSTRUMENT;EFP_FIN;EUR;71;108.16000000;952;EXCHANGE_LAST;;1;1;XEUR;11820367;639;
29.05.2025;15:11:16.475;FBTS SI 20250606 PS;SIMPLE_INSTRUMENT;EFP_FIN;EUR;72;108.16000000;324;EXCHANGE_LAST;;1;1;XEUR;11820367;639;
29.05.2025;15:11:17.734;FBTS SI 20250606 PS;SIMPLE_INSTRUMENT;EFP_FIN;EUR;73;108.15000000;4293;EXCHANGE_LAST;;1;1;XEUR;11820367;639;
29.05.2025;09:11:26.177;FCNS SI 20250616 PS;SIMPLE_INSTRUMENT;EFP_IDX;SEK;1;0.94699000;344;EXCHANGE_LAST;;1;1;XEUR;7879240;402911;
29.05.2025;09:11:26.556;FCNS SI 20250616 PS;SIMPLE_INSTRUMENT;EFP_IDX;SEK;2;0.94700000;42;EXCHANGE_LAST;;1;1;XEUR;7879240;402911;
29.05.2025;10:35:51.206;FCNS SI 20250616 PS;SIMPLE_INSTRUMENT;EFP_IDX;SEK;3;0.94673000;24;EXCHANGE_LAST;;1;1;XEUR;7879240;402911;
29.05.2025;10:35:51.584;FCNS SI 20250616 PS;SIMPLE_INSTRUMENT;EFP_IDX;SEK;4;0.94674000;56;EXCHANGE_LAST;;1;1;XEUR;7879240;402911;
29.05.2025;15:20:09.739;FDAX SI 20250620 CS;SIMPLE_INSTRUMENT;BLOCK;EUR;1;23992.00000000;500;EXCHANGE_LAST;;1;1;XEUR;7903800;589;
29.05.2025;11:59:28.348;FEBD SI 20271217 CS;SIMPLE_INSTRUMENT;BLOCK;EUR;13;9.70000000;505;EXCHANGE_LAST;;1;1;XEUR;7776307;597;
29.05.2025;13:56:59.857;FEBD SI 20251219 CS;SIMPLE_INSTRUMENT;BLOCK;EUR;18;11.26000000;250;EXCHANGE_LAST;;1;1;XEUR;5914075;597;
29.05.2025;13:57:10.968;FEBD SI 20251219 CS;SIMPLE_INSTRUMENT;BLOCK;EUR;19;11.27000000;250;EXCHANGE_LAST;;1;1;XEUR;5914075;597;
29.05.2025;14:31:12.371;FEBD SI 20271217 CS;SIMPLE_INSTRUMENT;BLOCK;EUR;21;9.69000000;700;EXCHANGE_LAST;;2;2;XEUR;7776307;597;
29.05.2025;15:37:39.186;FESL SI 20250620 CS;SIMPLE_INSTRUMENT;BLOCK;EUR;6;155.50000000;269;EXCHANGE_LAST;;1;1;XEUR;11881191;680;
29.05.2025;15:37:39.210;FESL SI 20250620 CS;SIMPLE_INSTRUMENT;BLOCK;EUR;7;155.70000000;328;EXCHANGE_LAST;;1;1;XEUR;11881191;680;
29.05.2025;13:56:30.322;FESX SI 20250620 CS;SIMPLE_INSTRUMENT;BLOCK;EUR;1;5400.00000000;4702;EXCHANGE_LAST;;1;1;XEUR;7904020;675;
29.05.2025;15:53:17.404;FESX SI 20250620 CS;SIMPLE_INSTRUMENT;EFP_IDX;EUR;2;5374.00000000;135;EXCHANGE_LAST;;1;1;XEUR;7904020;675;
29.05.2025;15:52:51.448;FESX SI 20250620 CS;SIMPLE_INSTRUMENT;EFP_IDX;EUR;3;5375.00000000;15;EXCHANGE_LAST;;1;1;XEUR;7904020;675;
29.05.2025;15:44:34.921;FESX SI 20250620 CS;SIMPLE_INSTRUMENT;EFP_IDX;EUR;4;5374.00000000;270;EXCHANGE_LAST;;1;1;XEUR;7904020;675;
29.05.2025;15:44:43.422;FESX SI 20250620 CS;SIMPLE_INSTRUMENT;EFP_IDX;EUR;5;5375.00000000;30;EXCHANGE_LAST;;1;1;XEUR;7904020;675;
29.05.2025;15:44:17.968;FESX SI 20250620 CS;SIMPLE_INSTRUMENT;EFP_IDX;EUR;6;5375.00000000;123;EXCHANGE_LAST;;1;1;XEUR;7904020;675;
29.05.2025;15:44:42.497;FESX SI 20250620 CS;SIMPLE_INSTRUMENT;EFP_IDX;EUR;7;5374.00000000;227;EXCHANGE_LAST;;1;1;XEUR;7904020;675;
29.05.2025;15:45:42.401;FESX SI 20250620 CS;SIMPLE_INSTRUMENT;EFP_IDX;EUR;8;5374.00000000;195;EXCHANGE_LAST;;1;1;XEUR;7904020;675;
29.05.2025;15:45:34.808;FESX SI 20250620 CS;SIMPLE_INSTRUMENT;EFP_IDX;EUR;9;5375.00000000;105;EXCHANGE_LAST;;1;1;XEUR;7904020;675;
29.05.2025;07:41:41.664;FESX SI 20250620 CS;SIMPLE_INSTRUMENT;VOLA;EUR;637534213;5433.00000000;410;EXCHANGE_LAST;;1;1;XEUR;7904020;675;
29.05.2025;08:34:25.512;FESX SI 20250620 CS;SIMPLE_INSTRUMENT;VOLA;EUR;637534230;5423.00000000;280;EXCHANGE_LAST;;1;1;XEUR;7904020;675;
29.05.2025;08:39:39.352;FESX SI 20250620 CS;SIMPLE_INSTRUMENT;VOLA;EUR;637534235;5410.00000000;658;EXCHANGE_LAST;;1;1;XEUR;7904020;675;
29.05.2025;09:07:59.601;FESX SI 20250620 CS;SIMPLE_INSTRUMENT;VOLA;EUR;637534240;5417.00000000;153;EXCHANGE_LAST;;1;1;XEUR;7904020;675;
29.05.2025;11:10:58.272;FESX SI 20250620 CS;SIMPLE_INSTRUMENT;VOLA;EUR;637534267;5413.00000000;10;EXCHANGE_LAST;;1;1;XEUR;7904020;675;
29.05.2025;13:44:41.692;FESX SI 20250620 CS;SIMPLE_INSTRUMENT;VOLA;EUR;637534291;5405.00000000;10;EXCHANGE_LAST;;1;1;XEUR;7904020;675;
29.05.2025;13:54:21.684;FESX SI 20250620 CS;SIMPLE_INSTRUMENT;VOLA;EUR;637534295;5405.00000000;10;EXCHANGE_LAST;;1;1;XEUR;7904020;675;
29.05.2025;13:57:44.578;FESX SI 20250620 CS;SIMPLE_INSTRUMENT;VOLA;EUR;637534296;5405.00000000;48;EXCHANGE_LAST;;1;1;XEUR;7904020;675;
29.05.2025;14:22:47.223;FESX SI 20250620 CS;SIMPLE_INSTRUMENT;VOLA;EUR;637534310;5386.00000000;113;EXCHANGE_LAST;;1;1;XEUR;7904020;675;
29.05.2025;14:22:38.119;FESX SI 20250620 CS;SIMPLE_INSTRUMENT;VOLA;EUR;637534311;5385.00000000;1021;EXCHANGE_LAST;;1;1;XEUR;7904020;675;
29.05.2025;15:39:07.569;FESX SI 20250620 CS;SIMPLE_INSTRUMENT;VOLA;EUR;637534326;5405.00000000;10;EXCHANGE_LAST;;1;1;XEUR;7904020;675;
29.05.2025;07:29:43.425;FEXD SI 20281215 CS;SIMPLE_INSTRUMENT;BLOCK;EUR;1;147.50000000;250;EXCHANGE_LAST;;1;1;XEUR;3680985;693;
29.05.2025;07:34:11.426;FEXD SI 20271217 CS;SIMPLE_INSTRUMENT;BLOCK;EUR;2;151.30000000;250;EXCHANGE_LAST;;1;1;XEUR;2848338;693;
29.05.2025;08:03:22.881;FEXD SI 20271217 CS;SIMPLE_INSTRUMENT;BLOCK;EUR;3;151.10000000;100;EXCHANGE_LAST;;1;1;XEUR;2848338;693;
29.05.2025;08:03:39.132;FEXD SI 20281215 CS;SIMPLE_INSTRUMENT;BLOCK;EUR;4;147.40000000;100;EXCHANGE_LAST;;1;1;XEUR;3680985;693;
29.05.2025;08:17:35.670;FEXD.S.DEC28.DEC29.SPD;FUTURES_SPREAD;BLOCK;EUR;5;3.10000000;400;EXCHANGE_LAST;;1;1;XEUR;72060570450264171;693;
29.05.2025;08:17:35.670;FEXD SI 20281215 CS;SIMPLE_INSTRUMENT;BLOCK;EUR;5;147.00000000;400;PRC_DECOMP_EXCHANGE;;;;XEUR;3680985;693;EXCHANGE
29.05.2025;08:17:35.670;FEXD SI 20291221 CS;SIMPLE_INSTRUMENT;BLOCK;EUR;5;143.90000000;400;PRC_DECOMP_EXCHANGE;;;;XEUR;4631968;693;EXCHANGE
29.05.2025;12:08:19.274;FEXD SI 20281215 CS;SIMPLE_INSTRUMENT;BLOCK;EUR;11;147.00000000;500;EXCHANGE_LAST;;1;1;XEUR;3680985;693;
29.05.2025;12:03:17.007;FEXD SI 20301220 CS;SIMPLE_INSTRUMENT;BLOCK;EUR;12;141.50000000;500;EXCHANGE_LAST;;1;1;XEUR;5914108;693;
29.05.2025;14:51:32.390;FEXD SI 20291221 CS;SIMPLE_INSTRUMENT;BLOCK;EUR;24;142.80000000;500;EXCHANGE_LAST;;1;1;XEUR;4631968;693;
29.05.2025;14:51:39.255;FEXD SI 20301220 CS;SIMPLE_INSTRUMENT;BLOCK;EUR;25;140.30000000;500;EXCHANGE_LAST;;1;1;XEUR;5914108;693;
29.05.2025;14:56:16.418;FEXD SI 20261218 CS;SIMPLE_INSTRUMENT;BLOCK;EUR;26;155.30000000;151;EXCHANGE_LAST;;1;1;XEUR;2163053;693;
29.05.2025;15:31:38.878;FEXD SI 20281215 CS;SIMPLE_INSTRUMENT;BLOCK;EUR;27;146.50000000;500;EXCHANGE_LAST;;1;1;XEUR;3680985;693;
29.05.2025;06:30:30.726;FGBL SI 20250606 PS;SIMPLE_INSTRUMENT;EFS;EUR;1;130.45000000;218;EXCHANGE_LAST;;1;1;XEUR;11820389;688;
29.05.2025;06:50:24.675;FGBL SI 20250606 PS;SIMPLE_INSTRUMENT;EFS;EUR;2;130.53000000;436;EXCHANGE_LAST;;1;1;XEUR;11820389;688;
29.05.2025;07:00:06.750;FGBL SI 20250606 PS;SIMPLE_INSTRUMENT;EFS;EUR;3;130.51000000;737;EXCHANGE_LAST;;1;1;XEUR;11820389;688;
29.05.2025;07:10:07.584;FGBL SI 20250606 PS;SIMPLE_INSTRUMENT;EFS;EUR;4;130.49000000;436;EXCHANGE_LAST;;1;1;XEUR;11820389;688;
29.05.2025;07:30:57.179;FGBL SI 20250606 PS;SIMPLE_INSTRUMENT;EFS;EUR;5;130.52000000;245;EXCHANGE_LAST;;1;1;XEUR;11820389;688;
29.05.2025;07:32:53.573;FGBL SI 20250606 PS;SIMPLE_INSTRUMENT;EFS;EUR;6;130.56000000;436;EXCHANGE_LAST;;1;1;XEUR;11820389;688;
29.05.2025;07:37:38.431;FGBL SI 20250606 PS;SIMPLE_INSTRUMENT;EFS;EUR;7;130.53000000;1310;EXCHANGE_LAST;;1;1;XEUR;11820389;688;
29.05.2025;07:41:18.290;FGBL SI 20250606 PS;SIMPLE_INSTRUMENT;EFS;EUR;8;130.56000000;246;EXCHANGE_LAST;;1;1;XEUR;11820389;688;
29.05.2025;07:43:14.511;FGBL SI 20250606 PS;SIMPLE_INSTRUMENT;EFS;EUR;9;130.57000000;491;EXCHANGE_LAST;;1;1;XEUR;11820389;688;
29.05.2025;07:47:05.589;FGBL SI 20250606 PS;SIMPLE_INSTRUMENT;EFS;EUR;10;130.55000000;203;EXCHANGE_LAST;;1;1;XEUR;11820389;688;
29.05.2025;08:06:15.842;FGBL SI 20250606 PS;SIMPLE_INSTRUMENT;EFS;EUR;11;130.55000000;489;EXCHANGE_LAST;;1;1;XEUR;11820389;688;
29.05.2025;08:09:37.922;FGBL SI 20250606 PS;SIMPLE_INSTRUMENT;EFS;EUR;12;130.52000000;491;EXCHANGE_LAST;;1;1;XEUR;11820389;688;
29.05.2025;08:12:33.488;FGBL SI 20250606 PS;SIMPLE_INSTRUMENT;EFS;EUR;13;130.59000000;305;EXCHANGE_LAST;;1;1;XEUR;11820389;688;
29.05.2025;08:17:24.378;FGBL SI 20250606 PS;SIMPLE_INSTRUMENT;EFS;EUR;14;130.57000000;246;EXCHANGE_LAST;;1;1;XEUR;11820389;688;
29.05.2025;08:17:44.852;FGBL SI 20250606 PS;SIMPLE_INSTRUMENT;EFS;EUR;15;130.56000000;261;EXCHANGE_LAST;;1;1;XEUR;11820389;688;
29.05.2025;08:33:15.841;FGBL SI 20250606 PS;SIMPLE_INSTRUMENT;EFS;EUR;16;130.62000000;344;EXCHANGE_LAST;;1;1;XEUR;11820389;688;
29.05.2025;08:34:17.877;FGBL SI 20250606 PS;SIMPLE_INSTRUMENT;EFS;EUR;17;130.58000000;653;EXCHANGE_LAST;;1;1;XEUR;11820389;688;
29.05.2025;08:34:29.878;FGBL SI 20250606 PS;SIMPLE_INSTRUMENT;EFS;EUR;18;130.58000000;653;EXCHANGE_LAST;;1;1;XEUR;11820389;688;
29.05.2025;08:37:31.198;FGBL SI 20250606 PS;SIMPLE_INSTRUMENT;EFS;EUR;19;130.58000000;1473;EXCHANGE_LAST;;1;1;XEUR;11820389;688;
29.05.2025;08:37:21.395;FGBL SI 20250606 PS;SIMPLE_INSTRUMENT;EFP_FIN;EUR;20;130.57000000;829;EXCHANGE_LAST;;1;1;XEUR;11820389;688;
29.05.2025;08:37:50.053;FGBL SI 20250606 PS;SIMPLE_INSTRUMENT;EFP_FIN;EUR;21;130.57000000;871;EXCHANGE_LAST;;1;1;XEUR;11820389;688;
29.05.2025;08:39:01.260;FGBL SI 20250606 PS;SIMPLE_INSTRUMENT;EFS;EUR;22;130.63000000;148;EXCHANGE_LAST;;1;1;XEUR;11820389;688;
29.05.2025;08:40:45.340;FGBL SI 20250606 PS;SIMPLE_INSTRUMENT;EFP_FIN;EUR;23;130.57000000;141;EXCHANGE_LAST;;1;1;XEUR;11820389;688;
29.05.2025;08:41:53.216;FGBL SI 20250606 PS;SIMPLE_INSTRUMENT;EFS;EUR;24;130.62000000;70;EXCHANGE_LAST;;1;1;XEUR;11820389;688;
29.05.2025;08:44:32.904;FGBL SI 20250606 PS;SIMPLE_INSTRUMENT;EFS;EUR;25;130.64000000;410;EXCHANGE_LAST;;1;1;XEUR;11820389;688;
29.05.2025;08:45:22.395;FGBL SI 20250606 PS;SIMPLE_INSTRUMENT;EFS;EUR;26;130.63000000;435;EXCHANGE_LAST;;1;1;XEUR;11820389;688;
29.05.2025;08:46:04.522;FGBL SI 20250606 PS;SIMPLE_INSTRUMENT;EFS;EUR;27;130.64000000;218;EXCHANGE_LAST;;1;1;XEUR;11820389;688;
29.05.2025;08:49:35.849;FGBL SI 20250606 PS;SIMPLE_INSTRUMENT;EFP_FIN;EUR;28;130.63000000;73;EXCHANGE_LAST;;1;1;XEUR;11820389;688;
29.05.2025;08:51:55.640;FGBL SI 20250606 PS;SIMPLE_INSTRUMENT;EFS;EUR;29;130.63000000;435;EXCHANGE_LAST;;1;1;XEUR;11820389;688;
29.05.2025;08:53:14.380;FGBL SI 20250606 PS;SIMPLE_INSTRUMENT;EFS;EUR;30;130.62000000;187;EXCHANGE_LAST;;1;1;XEUR;11820389;688;
29.05.2025;08:54:07.070;FGBL SI 20250606 PS;SIMPLE_INSTRUMENT;EFS;EUR;31;130.60000000;410;EXCHANGE_LAST;;1;1;XEUR;11820389;688;
29.05.2025;08:54:21.798;FGBL SI 20250606 PS;SIMPLE_INSTRUMENT;EFP_FIN;EUR;32;130.60000000;1870;EXCHANGE_LAST;;1;1;XEUR;11820389;688;
29.05.2025;09:00:16.042;FGBL SI 20250606 PS;SIMPLE_INSTRUMENT;EFP_FIN;EUR;33;130.62000000;1871;EXCHANGE_LAST;;1;1;XEUR;11820389;688;
29.05.2025;09:02:01.627;FGBL SI 20250606 PS;SIMPLE_INSTRUMENT;EFS;EUR;34;130.61000000;435;EXCHANGE_LAST;;1;1;XEUR;11820389;688;
29.05.2025;09:02:51.668;FGBL SI 20250606 PS;SIMPLE_INSTRUMENT;EFS;EUR;35;130.61000000;218;EXCHANGE_LAST;;1;1;XEUR;11820389;688;
29.05.2025;09:19:27.653;FGBL SI 20250606 PS;SIMPLE_INSTRUMENT;EFS;EUR;36;130.66000000;976;EXCHANGE_LAST;;1;1;XEUR;11820389;688;
29.05.2025;09:20:37.847;FGBL SI 20250908 PS;SIMPLE_INSTRUMENT;EFS;EUR;37;130.46000000;972;EXCHANGE_LAST;;1;1;XEUR;12372482;688;
29.05.2025;09:21:38.149;FGBL SI 20250606 PS;SIMPLE_INSTRUMENT;EFS;EUR;38;130.60000000;245;EXCHANGE_LAST;;1;1;XEUR;11820389;688;
29.05.2025;09:21:59.150;FGBL SI 20250606 PS;SIMPLE_INSTRUMENT;EFS;EUR;39;130.60000000;982;EXCHANGE_LAST;;1;1;XEUR;11820389;688;
29.05.2025;09:24:08.499;FGBL SI 20250606 PS;SIMPLE_INSTRUMENT;EFP_FIN;EUR;40;130.58000000;1497;EXCHANGE_LAST;;1;1;XEUR;11820389;688;
29.05.2025;09:24:53.671;FGBL SI 20250606 PS;SIMPLE_INSTRUMENT;EFS;EUR;41;130.68000000;435;EXCHANGE_LAST;;1;1;XEUR;11820389;688;
29.05.2025;09:33:04.040;FGBL SI 20250606 PS;SIMPLE_INSTRUMENT;EFS;EUR;42;130.64000000;218;EXCHANGE_LAST;;1;1;XEUR;11820389;688;
29.05.2025;09:35:08.230;FGBL SI 20250606 PS;SIMPLE_INSTRUMENT;EFS;EUR;43;130.64000000;2440;EXCHANGE_LAST;;1;1;XEUR;11820389;688;
29.05.2025;09:35:14.139;FGBL SI 20250606 PS;SIMPLE_INSTRUMENT;EFP_FIN;EUR;44;130.57000000;374;EXCHANGE_LAST;;1;1;XEUR;11820389;688;
29.05.2025;09:36:12.080;FGBL SI 20250606 PS;SIMPLE_INSTRUMENT;EFP_FIN;EUR;45;130.64000000;465;EXCHANGE_LAST;;1;1;XEUR;11820389;688;
29.05.2025;09:40:54.492;FGBL SI 20250606 PS;SIMPLE_INSTRUMENT;EFS;EUR;46;130.59000000;87;EXCHANGE_LAST;;1;1;XEUR;11820389;688;
29.05.2025;09:41:12.405;FGBL SI 20250606 PS;SIMPLE_INSTRUMENT;EFS;EUR;47;130.68000000;435;EXCHANGE_LAST;;1;1;XEUR;11820389;688;
29.05.2025;09:42:24.800;FGBL SI 20250606 PS;SIMPLE_INSTRUMENT;EFP_FIN;EUR;48;130.66000000;1497;EXCHANGE_LAST;;1;1;XEUR;11820389;688;
29.05.2025;09:45:38.719;FGBL SI 20250606 PS;SIMPLE_INSTRUMENT;EFP_FIN;EUR;49;130.54000000;93;EXCHANGE_LAST;;1;1;XEUR;11820389;688;
29.05.2025;09:45:39.357;FGBL SI 20250606 PS;SIMPLE_INSTRUMENT;EFS;EUR;50;130.66000000;2453;EXCHANGE_LAST;;1;1;XEUR;11820389;688;
29.05.2025;09:48:38.629;FGBL SI 20250908 PS;SIMPLE_INSTRUMENT;EFS;EUR;51;130.46000000;2430;EXCHANGE_LAST;;1;1;XEUR;12372482;688;
29.05.2025;09:51:35.361;FGBL SI 20250606 PS;SIMPLE_INSTRUMENT;EFS;EUR;52;130.51000000;976;EXCHANGE_LAST;;1;1;XEUR;11820389;688;
29.05.2025;09:52:16.316;FGBL SI 20250606 PS;SIMPLE_INSTRUMENT;EFS;EUR;53;130.48000000;436;EXCHANGE_LAST;;1;1;XEUR;11820389;688;
29.05.2025;09:52:45.688;FGBL SI 20250908 PS;SIMPLE_INSTRUMENT;EFS;EUR;54;130.31000000;967;EXCHANGE_LAST;;1;1;XEUR;12372482;688;
29.05.2025;09:55:54.797;FGBL SI 20250606 PS;SIMPLE_INSTRUMENT;EFS;EUR;55;130.43000000;218;EXCHANGE_LAST;;1;1;XEUR;11820389;688;
29.05.2025;10:10:37.236;FGBL SI 20250606 PS;SIMPLE_INSTRUMENT;EFP_FIN;EUR;56;130.44000000;186;EXCHANGE_LAST;;1;1;XEUR;11820389;688;
29.05.2025;09:58:30.352;FGBL SI 20250606 PS;SIMPLE_INSTRUMENT;EFP_FIN;EUR;57;130.44000000;186;EXCHANGE_LAST;;1;1;XEUR;11820389;688;
29.05.2025;10:01:39.173;FGBL SI 20250606 PS;SIMPLE_INSTRUMENT;EFS;EUR;58;130.40000000;2388;EXCHANGE_LAST;;1;1;XEUR;11820389;688;
29.05.2025;10:02:06.746;FGBL SI 20250606 PS;SIMPLE_INSTRUMENT;EFS;EUR;59;130.40000000;436;EXCHANGE_LAST;;1;1;XEUR;11820389;688;
29.05.2025;10:02:21.759;FGBL SI 20250606 PS;SIMPLE_INSTRUMENT;EFS;EUR;60;130.40000000;436;EXCHANGE_LAST;;1;1;XEUR;11820389;688;
29.05.2025;10:02:31.768;FGBL SI 20250606 PS;SIMPLE_INSTRUMENT;EFS;EUR;61;130.40000000;218;EXCHANGE_LAST;;1;1;XEUR;11820389;688;
29.05.2025;10:05:06.568;FGBL SI 20250606 PS;SIMPLE_INSTRUMENT;EFS;EUR;62;130.43000000;99;EXCHANGE_LAST;;1;1;XEUR;11820389;688;
29.05.2025;10:05:47.710;FGBL SI 20250606 PS;SIMPLE_INSTRUMENT;EFS;EUR;63;130.40000000;436;EXCHANGE_LAST;;1;1;XEUR;11820389;688;
29.05.2025;10:07:37.153;FGBL SI 20250606 PS;SIMPLE_INSTRUMENT;EFS;EUR;64;130.40000000;436;EXCHANGE_LAST;;1;1;XEUR;11820389;688;
29.05.2025;10:09:03.065;FGBL SI 20250606 PS;SIMPLE_INSTRUMENT;EFS;EUR;65;130.41000000;218;EXCHANGE_LAST;;1;1;XEUR;11820389;688;
29.05.2025;10:09:52.111;FGBL SI 20250606 PS;SIMPLE_INSTRUMENT;EFS;EUR;66;130.45000000;436;EXCHANGE_LAST;;1;1;XEUR;11820389;688;
29.05.2025;10:10:02.121;FGBL SI 20250606 PS;SIMPLE_INSTRUMENT;EFS;EUR;67;130.44000000;436;EXCHANGE_LAST;;1;1;XEUR;11820389;688;
29.05.2025;10:10:16.715;FGBL SI 20250606 PS;SIMPLE_INSTRUMENT;EFS;EUR;68;130.42000000;436;EXCHANGE_LAST;;1;1;XEUR;11820389;688;
29.05.2025;10:10:58.270;FGBL SI 20250606 PS;SIMPLE_INSTRUMENT;EFS;EUR;69;130.41000000;436;EXCHANGE_LAST;;1;1;XEUR;11820389;688;
29.05.2025;10:11:17.191;FGBL SI 20250606 PS;SIMPLE_INSTRUMENT;EFS;EUR;70;130.44000000;147;EXCHANGE_LAST;;1;1;XEUR;11820389;688;
29.05.2025;10:12:26.752;FGBL SI 20250606 PS;SIMPLE_INSTRUMENT;EFS;EUR;71;130.41000000;303;EXCHANGE_LAST;;1;1;XEUR;11820389;688;
29.05.2025;10:13:19.627;FGBL SI 20250606 PS;SIMPLE_INSTRUMENT;EFS;EUR;72;130.42000000;218;EXCHANGE_LAST;;1;1;XEUR;11820389;688;
29.05.2025;10:14:05.655;FGBL SI 20250606 PS;SIMPLE_INSTRUMENT;EFS;EUR;73;130.42000000;218;EXCHANGE_LAST;;1;1;XEUR;11820389;688;
29.05.2025;10:15:00.031;FGBL SI 20250606 PS;SIMPLE_INSTRUMENT;EFS;EUR;74;130.41000000;436;EXCHANGE_LAST;;1;1;XEUR;11820389;688;
29.05.2025;10:15:22.857;FGBL SI 20250606 PS;SIMPLE_INSTRUMENT;EFS;EUR;75;130.44000000;435;EXCHANGE_LAST;;1;1;XEUR;11820389;688;
29.05.2025;10:17:42.635;FGBL SI 20250606 PS;SIMPLE_INSTRUMENT;EFS;EUR;76;130.43000000;218;EXCHANGE_LAST;;1;1;XEUR;11820389;688;
29.05.2025;10:18:23.997;FGBL SI 20250606 PS;SIMPLE_INSTRUMENT;EFP_FIN;EUR;77;130.42000000;1202;EXCHANGE_LAST;;1;1;XEUR;11820389;688;
29.05.2025;10:19:09.740;FGBL SI 20250606 PS;SIMPLE_INSTRUMENT;EFS;EUR;78;130.41000000;436;EXCHANGE_LAST;;1;1;XEUR;11820389;688;
29.05.2025;10:26:35.007;FGBL SI 20250606 PS;SIMPLE_INSTRUMENT;EFS;EUR;79;130.41000000;345;EXCHANGE_LAST;;1;1;XEUR;11820389;688;
29.05.2025;10:24:13.127;FGBL SI 20250606 PS;SIMPLE_INSTRUMENT;EFS;EUR;80;130.41000000;460;EXCHANGE_LAST;;1;1;XEUR;11820389;688;
29.05.2025;10:26:49.856;FGBL SI 20250606 PS;SIMPLE_INSTRUMENT;EFS;EUR;81;130.53000000;218;EXCHANGE_LAST;;1;1;XEUR;11820389;688;
29.05.2025;10:33:50.380;FGBL SI 20250606 PS;SIMPLE_INSTRUMENT;EFP_FIN;EUR;82;130.45000000;83;EXCHANGE_LAST;;1;1;XEUR;11820389;688;
29.05.2025;10:36:50.436;FGBL SI 20250606 PS;SIMPLE_INSTRUMENT;EFS;EUR;83;130.54000000;2388;EXCHANGE_LAST;;1;1;XEUR;11820389;688;
29.05.2025;10:38:56.157;FGBL SI 20250606 PS;SIMPLE_INSTRUMENT;EFP_FIN;EUR;84;130.54000000;436;EXCHANGE_LAST;;1;1;XEUR;11820389;688;
29.05.2025;10:39:59.754;FGBL SI 20250606 PS;SIMPLE_INSTRUMENT;EFS;EUR;85;130.54000000;435;EXCHANGE_LAST;;1;1;XEUR;11820389;688;
29.05.2025;10:42:53.239;FGBL SI 20250606 PS;SIMPLE_INSTRUMENT;EFS;EUR;86;130.51000000;174;EXCHANGE_LAST;;1;1;XEUR;11820389;688;
29.05.2025;10:57:09.871;FGBL SI 20250606 PS;SIMPLE_INSTRUMENT;EFP_FIN;EUR;87;130.62000000;373;EXCHANGE_LAST;;1;1;XEUR;11820389;688;
29.05.2025;11:01:41.935;FGBL SI 20250606 PS;SIMPLE_INSTRUMENT;EFS;EUR;88;130.63000000;172;EXCHANGE_LAST;;1;1;XEUR;11820389;688;
29.05.2025;11:09:42.774;FGBL SI 20250606 PS;SIMPLE_INSTRUMENT;EFS;EUR;89;130.67000000;435;EXCHANGE_LAST;;1;1;XEUR;11820389;688;
29.05.2025;11:12:51.811;FGBL SI 20250606 PS;SIMPLE_INSTRUMENT;EFS;EUR;90;130.66000000;245;EXCHANGE_LAST;;1;1;XEUR;11820389;688;
29.05.2025;11:24:07.409;FGBL SI 20250606 PS;SIMPLE_INSTRUMENT;EFS;EUR;91;130.66000000;294;EXCHANGE_LAST;;1;1;XEUR;11820389;688;
29.05.2025;11:24:56.946;FGBL SI 20250606 PS;SIMPLE_INSTRUMENT;EFS;EUR;92;130.65000000;174;EXCHANGE_LAST;;1;1;XEUR;11820389;688;
29.05.2025;11:26:12.884;FGBL SI 20250606 PS;SIMPLE_INSTRUMENT;EFS;EUR;93;130.64000000;550;EXCHANGE_LAST;;1;1;XEUR;11820389;688;
29.05.2025;11:34:32.795;FGBL SI 20250606 PS;SIMPLE_INSTRUMENT;EFP_FIN;EUR;94;130.65000000;294;EXCHANGE_LAST;;1;1;XEUR;11820389;688;
29.05.2025;11:34:34.748;FGBL SI 20250606 PS;SIMPLE_INSTRUMENT;EFS;EUR;95;130.67000000;229;EXCHANGE_LAST;;1;1;XEUR;11820389;688;
29.05.2025;11:35:09.597;FGBL SI 20250606 PS;SIMPLE_INSTRUMENT;EFS;EUR;96;130.66000000;148;EXCHANGE_LAST;;1;1;XEUR;11820389;688;
29.05.2025;11:36:52.243;FGBL SI 20250606 PS;SIMPLE_INSTRUMENT;EFS;EUR;97;130.66000000;304;EXCHANGE_LAST;;1;1;XEUR;11820389;688;
29.05.2025;11:37:40.348;FGBL SI 20250606 PS;SIMPLE_INSTRUMENT;EFP_FIN;EUR;98;130.66000000;1019;EXCHANGE_LAST;;1;1;XEUR;11820389;688;
29.05.2025;11:37:47.035;FGBL SI 20250606 PS;SIMPLE_INSTRUMENT;EFP_FIN;EUR;99;130.65000000;490;EXCHANGE_LAST;;1;1;XEUR;11820389;688;
29.05.2025;11:45:06.792;FGBL SI 20250606 PS;SIMPLE_INSTRUMENT;EFS;EUR;100;130.80000000;434;EXCHANGE_LAST;;1;1;XEUR;11820389;688;
29.05.2025;11:52:37.724;FGBL SI 20250606 PS;SIMPLE_INSTRUMENT;EFS;EUR;101;130.88000000;435;EXCHANGE_LAST;;1;1;XEUR;11820389;688;
29.05.2025;11:55:09.216;FGBL SI 20250606 PS;SIMPLE_INSTRUMENT;EFS;EUR;102;130.85000000;130;EXCHANGE_LAST;;1;1;XEUR;11820389;688;
29.05.2025;12:01:16.132;FGBL SI 20250606 PS;SIMPLE_INSTRUMENT;EFS;EUR;103;130.83000000;98;EXCHANGE_LAST;;1;1;XEUR;11820389;688;
29.05.2025;12:01:38.670;FGBL SI 20250606 PS;SIMPLE_INSTRUMENT;EFS;EUR;104;130.84000000;245;EXCHANGE_LAST;;1;1;XEUR;11820389;688;
29.05.2025;12:01:48.970;FGBL SI 20250606 PS;SIMPLE_INSTRUMENT;EFS;EUR;105;130.83000000;245;EXCHANGE_LAST;;1;1;XEUR;11820389;688;
29.05.2025;12:02:38.105;FGBL SI 20250606 PS;SIMPLE_INSTRUMENT;EFS;EUR;106;130.83000000;245;EXCHANGE_LAST;;1;1;XEUR;11820389;688;
29.05.2025;12:05:54.059;FGBL SI 20250606 PS;SIMPLE_INSTRUMENT;EFS;EUR;107;130.86000000;435;EXCHANGE_LAST;;1;1;XEUR;11820389;688;
29.05.2025;12:12:43.032;FGBL SI 20250606 PS;SIMPLE_INSTRUMENT;EFS;EUR;108;130.89000000;436;EXCHANGE_LAST;;1;1;XEUR;11820389;688;
29.05.2025;12:14:16.627;FGBL SI 20250606 PS;SIMPLE_INSTRUMENT;EFP_FIN;EUR;109;130.65000000;217;EXCHANGE_LAST;;1;1;XEUR;11820389;688;
29.05.2025;12:15:14.771;FGBL SI 20250606 PS;SIMPLE_INSTRUMENT;EFP_FIN;EUR;110;130.88000000;1202;EXCHANGE_LAST;;1;1;XEUR;11820389;688;
29.05.2025;12:17:32.878;FGBL SI 20250606 PS;SIMPLE_INSTRUMENT;EFS;EUR;111;130.65000000;947;EXCHANGE_LAST;;1;1;XEUR;11820389;688;
29.05.2025;12:18:49.941;FGBL SI 20250606 PS;SIMPLE_INSTRUMENT;EFS;EUR;112;130.86000000;217;EXCHANGE_LAST;;1;1;XEUR;11820389;688;
29.05.2025;12:21:52.999;FGBL SI 20250606 PS;SIMPLE_INSTRUMENT;EFP_FIN;EUR;113;130.55000000;50;EXCHANGE_LAST;;1;1;XEUR;11820389;688;
29.05.2025;12:26:13.486;FGBL SI 20250606 PS;SIMPLE_INSTRUMENT;EFS;EUR;114;130.89000000;653;EXCHANGE_LAST;;1;1;XEUR;11820389;688;
29.05.2025;12:27:04.489;FGBL SI 20250606 PS;SIMPLE_INSTRUMENT;EFS;EUR;115;130.89000000;653;EXCHANGE_LAST;;1;1;XEUR;11820389;688;
29.05.2025;12:26:53.399;FGBL SI 20250606 PS;SIMPLE_INSTRUMENT;EFS;EUR;116;130.88000000;434;EXCHANGE_LAST;;1;1;XEUR;11820389;688;
29.05.2025;12:30:13.894;FGBL SI 20250606 PS;SIMPLE_INSTRUMENT;EFS;EUR;117;130.89000000;130;EXCHANGE_LAST;;1;1;XEUR;11820389;688;
29.05.2025;12:41:17.081;FGBL SI 20250606 PS;SIMPLE_INSTRUMENT;EFS;EUR;118;130.89000000;130;EXCHANGE_LAST;;1;1;XEUR;11820389;688;
29.05.2025;12:42:09.203;FGBL SI 20250606 PS;SIMPLE_INSTRUMENT;EFS;EUR;119;130.97000000;173;EXCHANGE_LAST;;1;1;XEUR;11820389;688;
29.05.2025;12:42:58.971;FGBL SI 20250606 PS;SIMPLE_INSTRUMENT;EFS;EUR;120;130.96000000;489;EXCHANGE_LAST;;1;1;XEUR;11820389;688;
29.05.2025;12:45:23.149;FGBL SI 20250606 PS;SIMPLE_INSTRUMENT;EFS;EUR;121;130.90000000;196;EXCHANGE_LAST;;1;1;XEUR;11820389;688;
29.05.2025;12:50:11.313;FGBL SI 20250606 PS;SIMPLE_INSTRUMENT;EFP_FIN;EUR;122;130.98000000;216;EXCHANGE_LAST;;1;1;XEUR;11820389;688;
29.05.2025;12:55:39.388;FGBL SI 20250606 PS;SIMPLE_INSTRUMENT;EFS;EUR;123;130.99000000;342;EXCHANGE_LAST;;1;1;XEUR;11820389;688;
29.05.2025;12:58:20.425;FGBL SI 20250606 PS;SIMPLE_INSTRUMENT;EFS;EUR;124;130.97000000;293;EXCHANGE_LAST;;1;1;XEUR;11820389;688;
29.05.2025;13:00:39.843;FGBL SI 20250606 PS;SIMPLE_INSTRUMENT;EFS;EUR;125;130.91000000;310;EXCHANGE_LAST;;1;1;XEUR;11820389;688;
29.05.2025;13:02:28.712;FGBL SI 20250606 PS;SIMPLE_INSTRUMENT;EFS;EUR;126;130.99000000;245;EXCHANGE_LAST;;1;1;XEUR;11820389;688;
29.05.2025;13:03:38.636;FGBL SI 20250606 PS;SIMPLE_INSTRUMENT;EFS;EUR;127;130.64000000;363;EXCHANGE_LAST;;1;1;XEUR;11820389;688;
29.05.2025;13:36:17.216;FGBL SI 20250606 PS;SIMPLE_INSTRUMENT;EFS;EUR;128;131.07000000;440;EXCHANGE_LAST;;1;1;XEUR;11820389;688;
29.05.2025;13:39:22.013;FGBL SI 20250606 PS;SIMPLE_INSTRUMENT;EFS;EUR;129;131.09000000;75;EXCHANGE_LAST;;1;1;XEUR;11820389;688;
29.05.2025;13:42:57.160;FGBL SI 20250606 PS;SIMPLE_INSTRUMENT;EFP_FIN;EUR;130;130.52000000;196;EXCHANGE_LAST;;1;1;XEUR;11820389;688;
29.05.2025;13:45:47.783;FGBL SI 20250606 PS;SIMPLE_INSTRUMENT;EFS;EUR;131;131.12000000;434;EXCHANGE_LAST;;1;1;XEUR;11820389;688;
29.05.2025;13:50:39.433;FGBL SI 20250606 PS;SIMPLE_INSTRUMENT;EFS;EUR;132;131.14000000;217;EXCHANGE_LAST;;1;1;XEUR;11820389;688;
29.05.2025;13:51:15.894;FGBL SI 20250606 PS;SIMPLE_INSTRUMENT;EFS;EUR;133;131.15000000;217;EXCHANGE_LAST;;1;1;XEUR;11820389;688;
29.05.2025;13:51:33.036;FGBL SI 20250606 PS;SIMPLE_INSTRUMENT;EFS;EUR;134;130.98000000;1545;EXCHANGE_LAST;;1;1;XEUR;11820389;688;
29.05.2025;13:53:36.393;FGBL SI 20250908 PS;SIMPLE_INSTRUMENT;EFS;EUR;135;130.77000000;1454;EXCHANGE_LAST;;1;1;XEUR;12372482;688;
29.05.2025;13:59:32.804;FGBL SI 20250606 PS;SIMPLE_INSTRUMENT;EFP_FIN;EUR;136;131.08000000;490;EXCHANGE_LAST;;1;1;XEUR;11820389;688;
29.05.2025;14:05:18.338;FGBL SI 20250908 PS;SIMPLE_INSTRUMENT;EFS;EUR;137;130.94000000;968;EXCHANGE_LAST;;1;1;XEUR;12372482;688;
29.05.2025;14:05:41.463;FGBL SI 20250908 PS;SIMPLE_INSTRUMENT;EFS;EUR;138;130.96000000;966;EXCHANGE_LAST;;1;1;XEUR;12372482;688;
29.05.2025;14:08:01.031;FGBL SI 20250606 PS;SIMPLE_INSTRUMENT;EFS;EUR;139;131.14000000;195;EXCHANGE_LAST;;1;1;XEUR;11820389;688;
29.05.2025;14:18:26.936;FGBL SI 20250606 PS;SIMPLE_INSTRUMENT;EFS;EUR;140;131.16000000;1000;EXCHANGE_LAST;;1;1;XEUR;11820389;688;
29.05.2025;14:20:05.510;FGBL SI 20250908 PS;SIMPLE_INSTRUMENT;EFS;EUR;141;130.97000000;1016;EXCHANGE_LAST;;1;1;XEUR;12372482;688;
29.05.2025;14:33:31.985;FGBL SI 20250606 PS;SIMPLE_INSTRUMENT;EFS;EUR;142;131.14000000;215;EXCHANGE_LAST;;1;1;XEUR;11820389;688;
29.05.2025;14:38:02.986;FGBL SI 20250908 PS;SIMPLE_INSTRUMENT;EFS;EUR;143;130.97000000;726;EXCHANGE_LAST;;1;1;XEUR;12372482;688;
29.05.2025;14:43:28.314;FGBL SI 20250606 PS;SIMPLE_INSTRUMENT;EFS;EUR;144;131.15000000;304;EXCHANGE_LAST;;1;1;XEUR;11820389;688;
29.05.2025;14:46:26.771;FGBL SI 20250606 PS;SIMPLE_INSTRUMENT;EFS;EUR;145;131.17000000;304;EXCHANGE_LAST;;1;1;XEUR;11820389;688;
29.05.2025;14:48:07.303;FGBL SI 20250606 PS;SIMPLE_INSTRUMENT;EFS;EUR;146;131.16000000;217;EXCHANGE_LAST;;1;1;XEUR;11820389;688;
29.05.2025;14:48:41.253;FGBL SI 20250606 PS;SIMPLE_INSTRUMENT;EFS;EUR;147;131.17000000;216;EXCHANGE_LAST;;1;1;XEUR;11820389;688;
29.05.2025;15:03:01.920;FGBL SI 20250606 PS;SIMPLE_INSTRUMENT;EFP_FIN;EUR;148;131.17000000;434;EXCHANGE_LAST;;1;1;XEUR;11820389;688;
29.05.2025;15:06:00.326;FGBL SI 20250606 PS;SIMPLE_INSTRUMENT;EFS;EUR;149;131.15000000;434;EXCHANGE_LAST;;1;1;XEUR;11820389;688;
29.05.2025;15:06:29.206;FGBL SI 20250606 PS;SIMPLE_INSTRUMENT;EFP_FIN;EUR;150;131.13000000;558;EXCHANGE_LAST;;1;1;XEUR;11820389;688;
29.05.2025;15:11:08.369;FGBL SI 20250606 PS;SIMPLE_INSTRUMENT;EFS;EUR;151;131.16000000;342;EXCHANGE_LAST;;1;1;XEUR;11820389;688;
29.05.2025;15:19:32.687;FGBL SI 20250606 PS;SIMPLE_INSTRUMENT;EFP_FIN;EUR;152;131.16000000;58;EXCHANGE_LAST;;1;1;XEUR;11820389;688;
29.05.2025;15:15:36.832;FGBL SI 20250606 PS;SIMPLE_INSTRUMENT;EFS;EUR;153;131.14000000;221;EXCHANGE_LAST;;1;1;XEUR;11820389;688;
29.05.2025;15:27:49.405;FGBL SI 20250606 PS;SIMPLE_INSTRUMENT;EFS;EUR;154;131.22000000;434;EXCHANGE_LAST;;1;1;XEUR;11820389;688;
29.05.2025;15:35:02.591;FGBL SI 20250606 PS;SIMPLE_INSTRUMENT;EFS;EUR;155;131.22000000;260;EXCHANGE_LAST;;1;1;XEUR;11820389;688;
29.05.2025;15:35:12.602;FGBL SI 20250606 PS;SIMPLE_INSTRUMENT;EFS;EUR;156;131.22000000;260;EXCHANGE_LAST;;1;1;XEUR;11820389;688;
29.05.2025;15:37:43.902;FGBL SI 20250606 PS;SIMPLE_INSTRUMENT;EFS;EUR;157;131.23000000;217;EXCHANGE_LAST;;1;1;XEUR;11820389;688;
29.05.2025;15:49:22.404;FGBL SI 20250606 PS;SIMPLE_INSTRUMENT;EFS;EUR;158;131.24000000;976;EXCHANGE_LAST;;1;1;XEUR;11820389;688;
29.05.2025;15:50:19.064;FGBL SI 20250606 PS;SIMPLE_INSTRUMENT;EFS;EUR;159;131.19000000;976;EXCHANGE_LAST;;1;1;XEUR;11820389;688;
29.05.2025;15:52:22.434;FGBL SI 20250908 PS;SIMPLE_INSTRUMENT;EFS;EUR;160;131.05000000;967;EXCHANGE_LAST;;1;1;XEUR;12372482;688;
29.05.2025;15:53:09.216;FGBL SI 20250908 PS;SIMPLE_INSTRUMENT;EFS;EUR;161;131.01000000;967;EXCHANGE_LAST;;1;1;XEUR;12372482;688;
29.05.2025;15:54:12.779;FGBL SI 20250606 PS;SIMPLE_INSTRUMENT;EFS;EUR;162;131.02000000;128;EXCHANGE_LAST;;1;1;XEUR;11820389;688;
29.05.2025;16:00:36.580;FGBL SI 20250606 PS;SIMPLE_INSTRUMENT;EFS;EUR;163;131.22000000;84;EXCHANGE_LAST;;1;1;XEUR;11820389;688;
29.05.2025;16:01:30.284;FGBL SI 20250606 PS;SIMPLE_INSTRUMENT;EFS;EUR;164;131.15000000;1952;EXCHANGE_LAST;;1;1;XEUR;11820389;688;
29.05.2025;16:02:36.546;FGBL SI 20250908 PS;SIMPLE_INSTRUMENT;EFS;EUR;165;130.97000000;1934;EXCHANGE_LAST;;1;1;XEUR;12372482;688;
29.05.2025;16:03:21.445;FGBL SI 20250606 PS;SIMPLE_INSTRUMENT;EFS;EUR;166;131.21000000;2000;EXCHANGE_LAST;;1;1;XEUR;11820389;688;
29.05.2025;16:04:17.424;FGBL SI 20250908 PS;SIMPLE_INSTRUMENT;EFS;EUR;167;131.03000000;2030;EXCHANGE_LAST;;1;1;XEUR;12372482;688;
29.05.2025;06:40:53.415;FGBL SI 20250908 PS;SIMPLE_INSTRUMENT;VOLA;EUR;268435465;130.25000000;10;EXCHANGE_LAST;;1;1;XEUR;12372482;688;
29.05.2025;06:43:51.236;FGBL SI 20250908 PS;SIMPLE_INSTRUMENT;VOLA;EUR;268435467;130.25000000;80;EXCHANGE_LAST;;1;1;XEUR;12372482;688;
29.05.2025;12:08:14.707;FGBL SI 20250908 PS;SIMPLE_INSTRUMENT;VOLA;EUR;268435502;130.69000000;85;EXCHANGE_LAST;;1;1;XEUR;12372482;688;
29.05.2025;13:53:38.634;FGBL SI 20250908 PS;SIMPLE_INSTRUMENT;VOLA;EUR;268435519;130.89000000;82;EXCHANGE_LAST;;1;1;XEUR;12372482;688;
29.05.2025;13:58:08.308;FGBL SI 20250606 PS;SIMPLE_INSTRUMENT;VOLA;EUR;268435521;131.18000000;22;EXCHANGE_LAST;;1;1;XEUR;11820389;688;
29.05.2025;07:17:00.494;FGBM SI 20250606 PS;SIMPLE_INSTRUMENT;EFS;EUR;1;118.82000000;92;EXCHANGE_LAST;;1;1;XEUR;11820390;689;
29.05.2025;07:30:47.581;FGBM SI 20250606 PS;SIMPLE_INSTRUMENT;EFS;EUR;2;118.84000000;1109;EXCHANGE_LAST;;1;1;XEUR;11820390;689;
29.05.2025;07:32:13.535;FGBM SI 20250606 PS;SIMPLE_INSTRUMENT;EFS;EUR;3;118.84000000;870;EXCHANGE_LAST;;1;1;XEUR;11820390;689;
29.05.2025;07:36:55.189;FGBM SI 20250606 PS;SIMPLE_INSTRUMENT;EFS;EUR;4;118.81000000;1387;EXCHANGE_LAST;;1;1;XEUR;11820390;689;
29.05.2025;08:16:30.727;FGBM SI 20250606 PS;SIMPLE_INSTRUMENT;EFS;EUR;5;118.82000000;1479;EXCHANGE_LAST;;1;1;XEUR;11820390;689;
29.05.2025;08:25:18.851;FGBM SI 20250606 PS;SIMPLE_INSTRUMENT;EFS;EUR;6;118.85000000;1230;EXCHANGE_LAST;;1;1;XEUR;11820390;689;
29.05.2025;08:25:41.853;FGBM SI 20250606 PS;SIMPLE_INSTRUMENT;EFS;EUR;7;118.85000000;1230;EXCHANGE_LAST;;1;1;XEUR;11820390;689;
29.05.2025;08:26:06.299;FGBM SI 20250606 PS;SIMPLE_INSTRUMENT;EFP_FIN;EUR;8;118.84000000;603;EXCHANGE_LAST;;1;1;XEUR;11820390;689;
29.05.2025;08:29:33.727;FGBM SI 20250606 PS;SIMPLE_INSTRUMENT;EFP_FIN;EUR;9;118.84000000;185;EXCHANGE_LAST;;1;1;XEUR;11820390;689;
29.05.2025;08:41:23.570;FGBM SI 20250606 PS;SIMPLE_INSTRUMENT;EFP_FIN;EUR;10;118.84000000;94;EXCHANGE_LAST;;1;1;XEUR;11820390;689;
29.05.2025;08:49:21.527;FGBM SI 20250606 PS;SIMPLE_INSTRUMENT;EFP_FIN;EUR;11;118.84000000;260;EXCHANGE_LAST;;1;1;XEUR;11820390;689;
29.05.2025;08:48:50.908;FGBM SI 20250606 PS;SIMPLE_INSTRUMENT;EFS;EUR;12;118.86000000;924;EXCHANGE_LAST;;1;1;XEUR;11820390;689;
29.05.2025;08:49:38.697;FGBM SI 20250606 PS;SIMPLE_INSTRUMENT;EFP_FIN;EUR;13;118.85000000;992;EXCHANGE_LAST;;1;1;XEUR;11820390;689;
29.05.2025;08:53:03.379;FGBM SI 20250606 PS;SIMPLE_INSTRUMENT;EFS;EUR;14;118.86000000;353;EXCHANGE_LAST;;1;1;XEUR;11820390;689;
29.05.2025;08:57:37.324;FGBM SI 20250606 PS;SIMPLE_INSTRUMENT;EFS;EUR;15;118.85000000;424;EXCHANGE_LAST;;1;1;XEUR;11820390;689;
29.05.2025;09:08:31.930;FGBM SI 20250606 PS;SIMPLE_INSTRUMENT;EFS;EUR;16;118.88000000;435;EXCHANGE_LAST;;1;1;XEUR;11820390;689;
29.05.2025;09:19:56.142;FGBM SI 20250606 PS;SIMPLE_INSTRUMENT;EFS;EUR;17;118.86000000;462;EXCHANGE_LAST;;1;1;XEUR;11820390;689;
29.05.2025;09:20:23.144;FGBM SI 20250606 PS;SIMPLE_INSTRUMENT;EFS;EUR;18;118.86000000;1848;EXCHANGE_LAST;;1;1;XEUR;11820390;689;
29.05.2025;09:32:35.158;FGBM SI 20250606 PS;SIMPLE_INSTRUMENT;EFP_FIN;EUR;19;118.86000000;227;EXCHANGE_LAST;;1;1;XEUR;11820390;689;
29.05.2025;09:42:10.395;FGBM SI 20250606 PS;SIMPLE_INSTRUMENT;EFP_FIN;EUR;20;118.85000000;301;EXCHANGE_LAST;;1;1;XEUR;11820390;689;
29.05.2025;09:43:23.048;FGBM SI 20250606 PS;SIMPLE_INSTRUMENT;EFP_FIN;EUR;21;118.86000000;1506;EXCHANGE_LAST;;1;1;XEUR;11820390;689;
29.05.2025;10:15:01.868;FGBM SI 20250606 PS;SIMPLE_INSTRUMENT;EFP_FIN;EUR;22;118.87000000;85;EXCHANGE_LAST;;1;1;XEUR;11820390;689;
29.05.2025;10:20:41.449;FGBM SI 20250606 PS;SIMPLE_INSTRUMENT;EFS;EUR;23;118.78000000;435;EXCHANGE_LAST;;1;1;XEUR;11820390;689;
29.05.2025;10:22:35.792;FGBM SI 20250606 PS;SIMPLE_INSTRUMENT;EFS;EUR;24;118.76000000;1727;EXCHANGE_LAST;;1;1;XEUR;11820390;689;
29.05.2025;10:45:41.140;FGBM SI 20250606 PS;SIMPLE_INSTRUMENT;EFP_FIN;EUR;25;118.79000000;1278;EXCHANGE_LAST;;1;1;XEUR;11820390;689;
29.05.2025;10:56:50.671;FGBM SI 20250606 PS;SIMPLE_INSTRUMENT;EFS;EUR;26;118.87000000;1894;EXCHANGE_LAST;;1;1;XEUR;11820390;689;
29.05.2025;10:57:53.096;FGBM SI 20250908 PS;SIMPLE_INSTRUMENT;EFS;EUR;27;117.85000000;2009;EXCHANGE_LAST;;1;1;XEUR;12372483;689;
29.05.2025;11:01:31.286;FGBM SI 20250606 PS;SIMPLE_INSTRUMENT;EFS;EUR;28;118.88000000;554;EXCHANGE_LAST;;1;1;XEUR;11820390;689;
29.05.2025;11:12:54.396;FGBM SI 20250606 PS;SIMPLE_INSTRUMENT;EFS;EUR;29;118.89000000;435;EXCHANGE_LAST;;1;1;XEUR;11820390;689;
29.05.2025;11:15:32.443;FGBM SI 20250606 PS;SIMPLE_INSTRUMENT;EFS;EUR;30;118.88000000;435;EXCHANGE_LAST;;1;1;XEUR;11820390;689;
29.05.2025;11:23:15.401;FGBM SI 20250606 PS;SIMPLE_INSTRUMENT;EFS;EUR;31;118.86000000;412;EXCHANGE_LAST;;1;1;XEUR;11820390;689;
29.05.2025;11:25:00.694;FGBM SI 20250606 PS;SIMPLE_INSTRUMENT;EFS;EUR;32;118.87000000;1034;EXCHANGE_LAST;;1;1;XEUR;11820390;689;
29.05.2025;11:32:59.854;FGBM SI 20250606 PS;SIMPLE_INSTRUMENT;EFS;EUR;33;118.91000000;435;EXCHANGE_LAST;;1;1;XEUR;11820390;689;
29.05.2025;11:35:55.972;FGBM SI 20250606 PS;SIMPLE_INSTRUMENT;EFS;EUR;34;118.89000000;861;EXCHANGE_LAST;;1;1;XEUR;11820390;689;
29.05.2025;11:40:30.778;FGBM SI 20250606 PS;SIMPLE_INSTRUMENT;EFS;EUR;35;118.86000000;217;EXCHANGE_LAST;;1;1;XEUR;11820390;689;
29.05.2025;11:43:11.389;FGBM SI 20250606 PS;SIMPLE_INSTRUMENT;EFS;EUR;36;118.92000000;435;EXCHANGE_LAST;;1;1;XEUR;11820390;689;
29.05.2025;11:43:15.614;FGBM SI 20250606 PS;SIMPLE_INSTRUMENT;EFP_FIN;EUR;37;118.79000000;1414;EXCHANGE_LAST;;1;1;XEUR;11820390;689;
29.05.2025;11:43:40.564;FGBM SI 20250606 PS;SIMPLE_INSTRUMENT;EFS;EUR;38;118.92000000;435;EXCHANGE_LAST;;1;1;XEUR;11820390;689;
29.05.2025;11:44:02.931;FGBM SI 20250606 PS;SIMPLE_INSTRUMENT;EFP_FIN;EUR;39;118.93000000;484;EXCHANGE_LAST;;1;1;XEUR;11820390;689;
29.05.2025;12:07:28.770;FGBM SI 20250606 PS;SIMPLE_INSTRUMENT;EFS;EUR;40;118.95000000;462;EXCHANGE_LAST;;1;1;XEUR;11820390;689;
29.05.2025;12:08:58.458;FGBM SI 20250606 PS;SIMPLE_INSTRUMENT;EFS;EUR;41;118.99000000;435;EXCHANGE_LAST;;1;1;XEUR;11820390;689;
29.05.2025;12:15:53.716;FGBM SI 20250606 PS;SIMPLE_INSTRUMENT;EFP_FIN;EUR;42;118.87000000;426;EXCHANGE_LAST;;1;1;XEUR;11820390;689;
29.05.2025;12:17:42.877;FGBM SI 20250606 PS;SIMPLE_INSTRUMENT;EFP_FIN;EUR;43;119.00000000;484;EXCHANGE_LAST;;1;1;XEUR;11820390;689;
29.05.2025;12:19:23.884;FGBM SI 20250606 PS;SIMPLE_INSTRUMENT;EFS;EUR;44;118.88000000;1780;EXCHANGE_LAST;;1;1;XEUR;11820390;689;
29.05.2025;12:26:05.276;FGBM SI 20250606 PS;SIMPLE_INSTRUMENT;EFS;EUR;45;119.00000000;435;EXCHANGE_LAST;;1;1;XEUR;11820390;689;
29.05.2025;12:26:08.775;FGBM SI 20250606 PS;SIMPLE_INSTRUMENT;EFS;EUR;46;118.98000000;1638;EXCHANGE_LAST;;1;1;XEUR;11820390;689;
29.05.2025;12:46:01.182;FGBM SI 20250606 PS;SIMPLE_INSTRUMENT;EFS;EUR;47;119.02000000;435;EXCHANGE_LAST;;1;1;XEUR;11820390;689;
29.05.2025;12:49:57.924;FGBM SI 20250606 PS;SIMPLE_INSTRUMENT;EFS;EUR;48;118.98000000;920;EXCHANGE_LAST;;1;1;XEUR;11820390;689;
29.05.2025;12:51:46.804;FGBM SI 20250606 PS;SIMPLE_INSTRUMENT;EFS;EUR;49;119.00000000;2723;EXCHANGE_LAST;;1;1;XEUR;11820390;689;
29.05.2025;13:19:29.628;FGBM SI 20250606 PS;SIMPLE_INSTRUMENT;EFS;EUR;50;119.06000000;869;EXCHANGE_LAST;;1;1;XEUR;11820390;689;
29.05.2025;13:23:06.764;FGBM SI 20250606 PS;SIMPLE_INSTRUMENT;EFP_FIN;EUR;51;119.06000000;5425;EXCHANGE_LAST;;1;1;XEUR;11820390;689;
29.05.2025;13:23:23.297;FGBM SI 20250606 PS;SIMPLE_INSTRUMENT;EFP_FIN;EUR;52;119.05000000;5424;EXCHANGE_LAST;;1;1;XEUR;11820390;689;
29.05.2025;13:33:33.338;FGBM SI 20250606 PS;SIMPLE_INSTRUMENT;EFS;EUR;53;119.06000000;553;EXCHANGE_LAST;;1;1;XEUR;11820390;689;
29.05.2025;13:36:17.216;FGBM SI 20250606 PS;SIMPLE_INSTRUMENT;EFS;EUR;54;119.06000000;828;EXCHANGE_LAST;;1;1;XEUR;11820390;689;
29.05.2025;13:45:27.210;FGBM SI 20250606 PS;SIMPLE_INSTRUMENT;EFP_FIN;EUR;55;119.09000000;918;EXCHANGE_LAST;;1;1;XEUR;11820390;689;
29.05.2025;13:48:00.029;FGBM SI 20250606 PS;SIMPLE_INSTRUMENT;EFP_FIN;EUR;56;118.99000000;3407;EXCHANGE_LAST;;1;1;XEUR;11820390;689;
29.05.2025;13:54:10.820;FGBM SI 20250606 PS;SIMPLE_INSTRUMENT;EFP_FIN;EUR;57;119.09000000;1704;EXCHANGE_LAST;;1;1;XEUR;11820390;689;
29.05.2025;14:04:13.458;FGBM SI 20250606 PS;SIMPLE_INSTRUMENT;EFS;EUR;58;119.12000000;922;EXCHANGE_LAST;;1;1;XEUR;11820390;689;
29.05.2025;14:12:06.793;FGBM SI 20250606 PS;SIMPLE_INSTRUMENT;EFP_FIN;EUR;59;119.07000000;339;EXCHANGE_LAST;;1;1;XEUR;11820390;689;
29.05.2025;14:12:27.305;FGBM SI 20250606 PS;SIMPLE_INSTRUMENT;EFP_FIN;EUR;60;119.07000000;339;EXCHANGE_LAST;;1;1;XEUR;11820390;689;
29.05.2025;14:13:30.505;FGBM SI 20250606 PS;SIMPLE_INSTRUMENT;EFP_FIN;EUR;61;118.89000000;426;EXCHANGE_LAST;;1;1;XEUR;11820390;689;
29.05.2025;14:33:46.880;FGBM SI 20250606 PS;SIMPLE_INSTRUMENT;EFS;EUR;62;119.09000000;869;EXCHANGE_LAST;;1;1;XEUR;11820390;689;
29.05.2025;14:46:48.027;FGBM SI 20250606 PS;SIMPLE_INSTRUMENT;EFS;EUR;63;119.09000000;917;EXCHANGE_LAST;;1;1;XEUR;11820390;689;
29.05.2025;15:09:27.916;FGBM SI 20250606 PS;SIMPLE_INSTRUMENT;EFP_FIN;EUR;64;119.11000000;918;EXCHANGE_LAST;;1;1;XEUR;11820390;689;
29.05.2025;15:14:05.110;FGBM SI 20250606 PS;SIMPLE_INSTRUMENT;EFS;EUR;65;119.13000000;2764;EXCHANGE_LAST;;1;1;XEUR;11820390;689;
29.05.2025;15:21:08.659;FGBM SI 20250606 PS;SIMPLE_INSTRUMENT;EFP_FIN;EUR;66;119.12000000;68;EXCHANGE_LAST;;1;1;XEUR;11820390;689;
29.05.2025;15:22:09.208;FGBM SI 20250606 PS;SIMPLE_INSTRUMENT;EFP_FIN;EUR;67;119.14000000;639;EXCHANGE_LAST;;1;1;XEUR;11820390;689;
29.05.2025;15:27:04.295;FGBM SI 20250606 PS;SIMPLE_INSTRUMENT;EFS;EUR;68;119.16000000;817;EXCHANGE_LAST;;1;1;XEUR;11820390;689;
29.05.2025;15:40:34.740;FGBM SI 20250606 PS;SIMPLE_INSTRUMENT;EFP_FIN;EUR;69;119.14000000;464;EXCHANGE_LAST;;1;1;XEUR;11820390;689;
29.05.2025;15:54:07.013;FGBM SI 20250606 PS;SIMPLE_INSTRUMENT;EFP_FIN;EUR;70;119.15000000;639;EXCHANGE_LAST;;1;1;XEUR;11820390;689;
29.05.2025;15:58:49.276;FGBM SI 20250606 PS;SIMPLE_INSTRUMENT;EFS;EUR;71;119.13000000;243;EXCHANGE_LAST;;1;1;XEUR;11820390;689;
29.05.2025;16:18:14.349;FGBM SI 20250606 PS;SIMPLE_INSTRUMENT;EFS;EUR;72;119.17000000;1215;EXCHANGE_LAST;;1;1;XEUR;11820390;689;
29.05.2025;16:25:27.158;FGBM SI 20250606 PS;SIMPLE_INSTRUMENT;EFS;EUR;73;119.14000000;324;EXCHANGE_LAST;;1;1;XEUR;11820390;689;
29.05.2025;17:19:47.237;FGBM SI 20250606 PS;SIMPLE_INSTRUMENT;EFS;EUR;74;119.14000000;1843;EXCHANGE_LAST;;1;1;XEUR;11820390;689;
29.05.2025;07:43:32.033;FGBS SI 20250606 PS;SIMPLE_INSTRUMENT;EFP_FIN;EUR;1;107.29000000;469;EXCHANGE_LAST;;1;1;XEUR;11820391;690;
29.05.2025;08:04:49.707;FGBS SI 20250606 PS;SIMPLE_INSTRUMENT;EFS;EUR;2;107.28000000;2999;EXCHANGE_LAST;;1;1;XEUR;11820391;690;
29.05.2025;08:24:43.414;FGBS SI 20250606 PS;SIMPLE_INSTRUMENT;EFP_FIN;EUR;3;107.31000000;1877;EXCHANGE_LAST;;1;1;XEUR;11820391;690;
29.05.2025;08:31:11.762;FGBS SI 20250606 PS;SIMPLE_INSTRUMENT;EFS;EUR;4;107.29500000;1908;EXCHANGE_LAST;;1;1;XEUR;11820391;690;
29.05.2025;08:36:31.683;FGBS SI 20250606 PS;SIMPLE_INSTRUMENT;EFP_FIN;EUR;5;107.29000000;1130;EXCHANGE_LAST;;1;1;XEUR;11820391;690;
29.05.2025;08:46:14.726;FGBS SI 20250606 PS;SIMPLE_INSTRUMENT;BLOCK;EUR;6;107.29500000;8000;EXCHANGE_LAST;;1;1;XEUR;11820391;690;
29.05.2025;08:47:22.382;FGBS SI 20250606 PS;SIMPLE_INSTRUMENT;EFS;EUR;7;107.29000000;2726;EXCHANGE_LAST;;1;1;XEUR;11820391;690;
29.05.2025;08:47:41.362;FGBS SI 20250908 PS;SIMPLE_INSTRUMENT;BLOCK;EUR;8;107.35500000;4000;EXCHANGE_LAST;;1;1;XEUR;12372484;690;
29.05.2025;08:47:52.737;FGBS SI 20250908 PS;SIMPLE_INSTRUMENT;BLOCK;EUR;9;107.36000000;4000;EXCHANGE_LAST;;1;1;XEUR;12372484;690;
29.05.2025;09:13:48.606;FGBS SI 20250606 PS;SIMPLE_INSTRUMENT;EFP_FIN;EUR;10;107.29500000;938;EXCHANGE_LAST;;1;1;XEUR;11820391;690;
29.05.2025;09:18:54.051;FGBS SI 20250606 PS;SIMPLE_INSTRUMENT;EFP_FIN;EUR;11;107.29000000;469;EXCHANGE_LAST;;1;1;XEUR;11820391;690;
29.05.2025;09:18:59.747;FGBS SI 20250606 PS;SIMPLE_INSTRUMENT;EFP_FIN;EUR;12;107.28000000;2628;EXCHANGE_LAST;;1;1;XEUR;11820391;690;
29.05.2025;09:40:36.781;FGBS SI 20250908 PS;SIMPLE_INSTRUMENT;EFP_FIN;EUR;13;107.35000000;1860;EXCHANGE_LAST;;1;1;XEUR;12372484;690;
29.05.2025;09:44:28.527;FGBS SI 20250606 PS;SIMPLE_INSTRUMENT;EFP_FIN;EUR;14;107.29000000;213;EXCHANGE_LAST;;1;1;XEUR;11820391;690;
29.05.2025;10:10:07.948;FGBS SI 20250606 PS;SIMPLE_INSTRUMENT;EFS;EUR;15;107.27500000;2418;EXCHANGE_LAST;;1;1;XEUR;11820391;690;
29.05.2025;10:10:57.748;FGBS SI 20250606 PS;SIMPLE_INSTRUMENT;EFS;EUR;16;107.28000000;1677;EXCHANGE_LAST;;1;1;XEUR;11820391;690;
29.05.2025;10:16:10.618;FGBS SI 20250606 PS;SIMPLE_INSTRUMENT;EFP_FIN;EUR;17;107.28000000;1382;EXCHANGE_LAST;;1;1;XEUR;11820391;690;
29.05.2025;10:21:36.052;FGBS SI 20250606 PS;SIMPLE_INSTRUMENT;EFS;EUR;19;107.27000000;2534;EXCHANGE_LAST;;1;1;XEUR;11820391;690;
29.05.2025;10:46:24.274;FGBS SI 20250606 PS;SIMPLE_INSTRUMENT;EFP_FIN;EUR;20;107.29000000;1408;EXCHANGE_LAST;;1;1;XEUR;11820391;690;
29.05.2025;10:52:35.053;FGBS SI 20250606 PS;SIMPLE_INSTRUMENT;EFP_FIN;EUR;21;107.29000000;938;EXCHANGE_LAST;;1;1;XEUR;11820391;690;
29.05.2025;11:33:07.959;FGBS SI 20250606 PS;SIMPLE_INSTRUMENT;EFS;EUR;22;107.30500000;1270;EXCHANGE_LAST;;1;1;XEUR;11820391;690;
29.05.2025;11:56:36.029;FGBS SI 20250606 PS;SIMPLE_INSTRUMENT;EFS;EUR;23;107.34000000;958;EXCHANGE_LAST;;1;1;XEUR;11820391;690;
29.05.2025;11:57:18.238;FGBS SI 20250606 PS;SIMPLE_INSTRUMENT;EFS;EUR;24;107.34500000;1634;EXCHANGE_LAST;;1;1;XEUR;11820391;690;
29.05.2025;12:01:38.282;FGBS SI 20250606 PS;SIMPLE_INSTRUMENT;EFP_FIN;EUR;25;107.34000000;1382;EXCHANGE_LAST;;1;1;XEUR;11820391;690;
29.05.2025;12:05:26.157;FGBS SI 20250606 PS;SIMPLE_INSTRUMENT;EFP_FIN;EUR;26;107.35000000;1729;EXCHANGE_LAST;;1;1;XEUR;11820391;690;
29.05.2025;12:05:32.348;FGBS SI 20250606 PS;SIMPLE_INSTRUMENT;EFP_FIN;EUR;27;107.34000000;1382;EXCHANGE_LAST;;1;1;XEUR;11820391;690;
29.05.2025;12:21:56.692;FGBS SI 20250606 PS;SIMPLE_INSTRUMENT;EFP_FIN;EUR;28;107.34000000;702;EXCHANGE_LAST;;1;1;XEUR;11820391;690;
29.05.2025;12:22:20.262;FGBS SI 20250606 PS;SIMPLE_INSTRUMENT;EFP_FIN;EUR;29;107.34000000;1175;EXCHANGE_LAST;;1;1;XEUR;11820391;690;
29.05.2025;12:24:06.168;FGBS SI 20250908 PS;SIMPLE_INSTRUMENT;EFS;EUR;30;107.40000000;1206;EXCHANGE_LAST;;1;1;XEUR;12372484;690;
29.05.2025;12:24:35.170;FGBS SI 20250908 PS;SIMPLE_INSTRUMENT;EFS;EUR;31;107.40000000;1206;EXCHANGE_LAST;;1;1;XEUR;12372484;690;
29.05.2025;12:49:57.924;FGBS SI 20250606 PS;SIMPLE_INSTRUMENT;EFS;EUR;32;107.34000000;2720;EXCHANGE_LAST;;1;1;XEUR;11820391;690;
29.05.2025;13:05:24.722;FGBS SI 20250606 PS;SIMPLE_INSTRUMENT;EFP_FIN;EUR;33;107.35500000;469;EXCHANGE_LAST;;1;1;XEUR;11820391;690;
29.05.2025;13:06:40.090;FGBS SI 20250606 PS;SIMPLE_INSTRUMENT;EFP_FIN;EUR;34;107.35000000;652;EXCHANGE_LAST;;1;1;XEUR;11820391;690;
29.05.2025;13:20:29.705;FGBS SI 20250606 PS;SIMPLE_INSTRUMENT;EFP_FIN;EUR;35;107.36000000;469;EXCHANGE_LAST;;1;1;XEUR;11820391;690;
29.05.2025;13:33:33.317;FGBS SI 20250606 PS;SIMPLE_INSTRUMENT;EFS;EUR;36;107.36000000;1634;EXCHANGE_LAST;;1;1;XEUR;11820391;690;
29.05.2025;13:38:03.817;FGBS SI 20250606 PS;SIMPLE_INSTRUMENT;EFP_FIN;EUR;37;107.35500000;469;EXCHANGE_LAST;;1;1;XEUR;11820391;690;
29.05.2025;13:42:40.916;FGBS SI 20250606 PS;SIMPLE_INSTRUMENT;EFP_FIN;EUR;38;107.35500000;1059;EXCHANGE_LAST;;1;1;XEUR;11820391;690;
29.05.2025;13:44:13.372;FGBS SI 20250606 PS;SIMPLE_INSTRUMENT;EFP_FIN;EUR;39;107.36000000;1361;EXCHANGE_LAST;;1;1;XEUR;11820391;690;
29.05.2025;14:15:26.378;FGBS SI 20250606 PS;SIMPLE_INSTRUMENT;EFP_FIN;EUR;40;107.36000000;426;EXCHANGE_LAST;;1;1;XEUR;11820391;690;
29.05.2025;14:00:11.168;FGBS SI 20250606 PS;SIMPLE_INSTRUMENT;EFP_FIN;EUR;41;107.35000000;4690;EXCHANGE_LAST;;1;1;XEUR;11820391;690;
29.05.2025;14:02:52.453;FGBS SI 20250606 PS;SIMPLE_INSTRUMENT;EFS;EUR;42;107.37000000;2723;EXCHANGE_LAST;;1;1;XEUR;11820391;690;
29.05.2025;14:04:57.401;FGBS SI 20250606 PS;SIMPLE_INSTRUMENT;EFP_FIN;EUR;43;107.36000000;113;EXCHANGE_LAST;;1;1;XEUR;11820391;690;
29.05.2025;14:05:19.256;FGBS SI 20250606 PS;SIMPLE_INSTRUMENT;EFP_FIN;EUR;44;107.36000000;508;EXCHANGE_LAST;;1;1;XEUR;11820391;690;
29.05.2025;14:05:36.927;FGBS SI 20250606 PS;SIMPLE_INSTRUMENT;EFP_FIN;EUR;45;107.36000000;282;EXCHANGE_LAST;;1;1;XEUR;11820391;690;
29.05.2025;14:05:52.836;FGBS SI 20250606 PS;SIMPLE_INSTRUMENT;EFP_FIN;EUR;46;107.36000000;226;EXCHANGE_LAST;;1;1;XEUR;11820391;690;
29.05.2025;14:09:38.429;FGBS SI 20250606 PS;SIMPLE_INSTRUMENT;EFP_FIN;EUR;47;107.36000000;938;EXCHANGE_LAST;;1;1;XEUR;11820391;690;
29.05.2025;14:11:10.917;FGBS SI 20250606 PS;SIMPLE_INSTRUMENT;EFP_FIN;EUR;48;107.36000000;529;EXCHANGE_LAST;;1;1;XEUR;11820391;690;
29.05.2025;14:14:48.960;FGBS SI 20250606 PS;SIMPLE_INSTRUMENT;EFP_FIN;EUR;49;107.37000000;470;EXCHANGE_LAST;;1;1;XEUR;11820391;690;
29.05.2025;14:19:37.499;FGBS SI 20250606 PS;SIMPLE_INSTRUMENT;EFP_FIN;EUR;50;107.37000000;1877;EXCHANGE_LAST;;1;1;XEUR;11820391;690;
29.05.2025;14:32:14.980;FGBS SI 20250606 PS;SIMPLE_INSTRUMENT;EFP_FIN;EUR;51;107.36000000;658;EXCHANGE_LAST;;1;1;XEUR;11820391;690;
29.05.2025;14:33:48.487;FGBS SI 20250606 PS;SIMPLE_INSTRUMENT;EFP_FIN;EUR;52;107.36000000;469;EXCHANGE_LAST;;1;1;XEUR;11820391;690;
29.05.2025;14:34:05.157;FGBS SI 20250606 PS;SIMPLE_INSTRUMENT;EFP_FIN;EUR;53;107.36000000;1407;EXCHANGE_LAST;;1;1;XEUR;11820391;690;
29.05.2025;14:34:23.248;FGBS SI 20250606 PS;SIMPLE_INSTRUMENT;EFP_FIN;EUR;54;107.36000000;938;EXCHANGE_LAST;;1;1;XEUR;11820391;690;
29.05.2025;14:35:38.851;FGBS SI 20250606 PS;SIMPLE_INSTRUMENT;EFP_FIN;EUR;55;107.36000000;3755;EXCHANGE_LAST;;1;1;XEUR;11820391;690;
29.05.2025;14:41:44.263;FGBS SI 20250606 PS;SIMPLE_INSTRUMENT;EFP_FIN;EUR;56;107.36000000;1408;EXCHANGE_LAST;;1;1;XEUR;11820391;690;
29.05.2025;14:44:59.624;FGBS SI 20250606 PS;SIMPLE_INSTRUMENT;EFP_FIN;EUR;57;107.36000000;366;EXCHANGE_LAST;;1;1;XEUR;11820391;690;
29.05.2025;14:46:52.528;FGBS SI 20250606 PS;SIMPLE_INSTRUMENT;EFS;EUR;58;107.34000000;2733;EXCHANGE_LAST;;1;1;XEUR;11820391;690;
29.05.2025;14:48:51.774;FGBS SI 20250606 PS;SIMPLE_INSTRUMENT;EFP_FIN;EUR;59;107.36000000;366;EXCHANGE_LAST;;1;1;XEUR;11820391;690;
29.05.2025;14:49:26.120;FGBS SI 20250606 PS;SIMPLE_INSTRUMENT;BLOCK;EUR;60;107.36000000;9120;EXCHANGE_LAST;;1;1;XEUR;11820391;690;
29.05.2025;14:51:20.147;FGBS SI 20250908 PS;SIMPLE_INSTRUMENT;BLOCK;EUR;61;107.42500000;4000;EXCHANGE_LAST;;1;1;XEUR;12372484;690;
29.05.2025;14:51:33.345;FGBS SI 20250908 PS;SIMPLE_INSTRUMENT;BLOCK;EUR;62;107.43000000;4000;EXCHANGE_LAST;;1;1;XEUR;12372484;690;
29.05.2025;15:00:10.539;FGBS SI 20250606 PS;SIMPLE_INSTRUMENT;EFP_FIN;EUR;63;107.35000000;1407;EXCHANGE_LAST;;1;1;XEUR;11820391;690;
29.05.2025;15:14:40.823;FGBS SI 20250606 PS;SIMPLE_INSTRUMENT;EFS;EUR;64;107.36000000;1232;EXCHANGE_LAST;;1;1;XEUR;11820391;690;
29.05.2025;15:21:26.971;FGBS SI 20250606 PS;SIMPLE_INSTRUMENT;EFP_FIN;EUR;65;107.37000000;1408;EXCHANGE_LAST;;1;1;XEUR;11820391;690;
29.05.2025;15:29:45.865;FGBS SI 20250606 PS;SIMPLE_INSTRUMENT;EFP_FIN;EUR;66;107.37500000;375;EXCHANGE_LAST;;1;1;XEUR;11820391;690;
29.05.2025;15:48:26.308;FGBS SI 20250606 PS;SIMPLE_INSTRUMENT;EFS;EUR;67;107.38000000;500;EXCHANGE_LAST;;1;1;XEUR;11820391;690;
29.05.2025;15:50:20.013;FGBS SI 20250908 PS;SIMPLE_INSTRUMENT;EFS;EUR;68;107.45000000;1360;EXCHANGE_LAST;;1;1;XEUR;12372484;690;
29.05.2025;16:08:01.433;FGBS SI 20250908 PS;SIMPLE_INSTRUMENT;EFS;EUR;69;107.44500000;2393;EXCHANGE_LAST;;1;1;XEUR;12372484;690;
29.05.2025;16:18:03.347;FGBS SI 20250606 PS;SIMPLE_INSTRUMENT;EFS;EUR;70;107.38000000;3590;EXCHANGE_LAST;;1;1;XEUR;11820391;690;
29.05.2025;16:50:39.962;FGBS SI 20250908 PS;SIMPLE_INSTRUMENT;EFS;EUR;71;107.45000000;1195;EXCHANGE_LAST;;1;1;XEUR;12372484;690;
29.05.2025;17:21:05.041;FGBS SI 20250606 PS;SIMPLE_INSTRUMENT;EFS;EUR;72;107.37500000;5445;EXCHANGE_LAST;;1;1;XEUR;11820391;690;
29.05.2025;07:11:46.590;FGBX SI 20250606 PS;SIMPLE_INSTRUMENT;EFS;EUR;1;120.24000000;185;EXCHANGE_LAST;;1;1;XEUR;11820392;691;
29.05.2025;07:14:01.791;FGBX SI 20250606 PS;SIMPLE_INSTRUMENT;EFS;EUR;2;120.24000000;230;EXCHANGE_LAST;;1;1;XEUR;11820392;691;
29.05.2025;07:42:53.884;FGBX SI 20250606 PS;SIMPLE_INSTRUMENT;EFS;EUR;3;120.24000000;68;EXCHANGE_LAST;;1;1;XEUR;11820392;691;
29.05.2025;08:07:06.666;FGBX SI 20250606 PS;SIMPLE_INSTRUMENT;EFS;EUR;4;120.20000000;198;EXCHANGE_LAST;;1;1;XEUR;11820392;691;
29.05.2025;08:14:11.273;FGBX SI 20250606 PS;SIMPLE_INSTRUMENT;EFP_FIN;EUR;5;120.18000000;298;EXCHANGE_LAST;;1;1;XEUR;11820392;691;
29.05.2025;08:17:34.424;FGBX SI 20250606 PS;SIMPLE_INSTRUMENT;EFP_FIN;EUR;6;120.26000000;558;EXCHANGE_LAST;;1;1;XEUR;11820392;691;
29.05.2025;08:32:22.578;FGBX SI 20250606 PS;SIMPLE_INSTRUMENT;EFP_FIN;EUR;8;120.32000000;104;EXCHANGE_LAST;;1;1;XEUR;11820392;691;
29.05.2025;08:39:02.339;FGBX.S.JUN25.SEP25.SPD;FUTURES_SPREAD;BLOCK;EUR;9;0.66000000;583;EXCHANGE_LAST;;1;1;XEUR;72060561860329566;691;
29.05.2025;08:39:02.339;FGBX SI 20250908 PS;SIMPLE_INSTRUMENT;BLOCK;EUR;9;119.72000000;583;PRC_DECOMP_EXCHANGE;;;;XEUR;12372485;691;EXCHANGE
29.05.2025;08:39:02.339;FGBX SI 20250606 PS;SIMPLE_INSTRUMENT;BLOCK;EUR;9;120.38000000;583;PRC_DECOMP_EXCHANGE;;;;XEUR;11820392;691;EXCHANGE
29.05.2025;08:38:45.338;FGBX.S.JUN25.SEP25.SPD;FUTURES_SPREAD;BLOCK;EUR;10;0.68000000;583;EXCHANGE_LAST;;1;1;XEUR;72060561860329566;691;
29.05.2025;08:38:45.338;FGBX SI 20250908 PS;SIMPLE_INSTRUMENT;BLOCK;EUR;10;119.72000000;583;PRC_DECOMP_EXCHANGE;;;;XEUR;12372485;691;EXCHANGE
29.05.2025;08:38:45.338;FGBX SI 20250606 PS;SIMPLE_INSTRUMENT;BLOCK;EUR;10;120.40000000;583;PRC_DECOMP_EXCHANGE;;;;XEUR;11820392;691;EXCHANGE
29.05.2025;08:35:40.880;FGBX SI 20250606 PS;SIMPLE_INSTRUMENT;EFP_FIN;EUR;11;120.28000000;74;EXCHANGE_LAST;;1;1;XEUR;11820392;691;
29.05.2025;08:36:27.846;FGBX SI 20250606 PS;SIMPLE_INSTRUMENT;EFS;EUR;12;120.28000000;626;EXCHANGE_LAST;;1;1;XEUR;11820392;691;
29.05.2025;08:39:09.141;FGBX SI 20250606 PS;SIMPLE_INSTRUMENT;EFP_FIN;EUR;13;120.28000000;279;EXCHANGE_LAST;;1;1;XEUR;11820392;691;
29.05.2025;08:47:30.615;FGBX SI 20250606 PS;SIMPLE_INSTRUMENT;EFP_FIN;EUR;14;120.34000000;186;EXCHANGE_LAST;;1;1;XEUR;11820392;691;
29.05.2025;09:43:30.214;FGBX SI 20250606 PS;SIMPLE_INSTRUMENT;EFS;EUR;16;120.46000000;185;EXCHANGE_LAST;;1;1;XEUR;11820392;691;
29.05.2025;09:44:19.465;FGBX SI 20250606 PS;SIMPLE_INSTRUMENT;EFS;EUR;17;120.18000000;183;EXCHANGE_LAST;;1;1;XEUR;11820392;691;
29.05.2025;09:48:56.743;FGBX SI 20250606 PS;SIMPLE_INSTRUMENT;EFP_FIN;EUR;18;120.14000000;132;EXCHANGE_LAST;;1;1;XEUR;11820392;691;
29.05.2025;09:50:29.249;FGBX SI 20250606 PS;SIMPLE_INSTRUMENT;EFS;EUR;19;120.46000000;418;EXCHANGE_LAST;;1;1;XEUR;11820392;691;
29.05.2025;10:17:34.013;FGBX SI 20250606 PS;SIMPLE_INSTRUMENT;BLOCK;EUR;23;119.70000000;496;EXCHANGE_LAST;;1;1;XEUR;11820392;691;
29.05.2025;10:35:22.652;FGBX SI 20250606 PS;SIMPLE_INSTRUMENT;EFP_FIN;EUR;26;119.82000000;59;EXCHANGE_LAST;;1;1;XEUR;11820392;691;
29.05.2025;10:44:32.233;FGBX SI 20250606 PS;SIMPLE_INSTRUMENT;EFP_FIN;EUR;30;119.82000000;66;EXCHANGE_LAST;;1;1;XEUR;11820392;691;
29.05.2025;10:45:07.221;FGBX SI 20250606 PS;SIMPLE_INSTRUMENT;EFP_FIN;EUR;31;119.82000000;285;EXCHANGE_LAST;;1;1;XEUR;11820392;691;
29.05.2025;11:03:53.633;FGBX SI 20250606 PS;SIMPLE_INSTRUMENT;BLOCK;EUR;33;120.32000000;250;EXCHANGE_LAST;;1;1;XEUR;11820392;691;
29.05.2025;11:04:52.161;FGBX SI 20250606 PS;SIMPLE_INSTRUMENT;BLOCK;EUR;34;120.24000000;209;EXCHANGE_LAST;;1;1;XEUR;11820392;691;
29.05.2025;11:13:59.709;FGBX SI 20250606 PS;SIMPLE_INSTRUMENT;EFS;EUR;36;120.24000000;104;EXCHANGE_LAST;;1;1;XEUR;11820392;691;
29.05.2025;11:14:10.290;FGBX SI 20250606 PS;SIMPLE_INSTRUMENT;EFP_FIN;EUR;37;120.22000000;223;EXCHANGE_LAST;;1;1;XEUR;11820392;691;
29.05.2025;11:14:32.820;FGBX SI 20250606 PS;SIMPLE_INSTRUMENT;EFP_FIN;EUR;38;120.20000000;223;EXCHANGE_LAST;;1;1;XEUR;11820392;691;
29.05.2025;11:27:12.572;FGBX SI 20250606 PS;SIMPLE_INSTRUMENT;EFS;EUR;40;120.32000000;578;EXCHANGE_LAST;;1;1;XEUR;11820392;691;
29.05.2025;11:39:44.042;FGBX SI 20250606 PS;SIMPLE_INSTRUMENT;EFS;EUR;41;120.40000000;153;EXCHANGE_LAST;;1;1;XEUR;11820392;691;
29.05.2025;12:02:25.104;FGBX SI 20250606 PS;SIMPLE_INSTRUMENT;BLOCK;EUR;42;120.78000000;208;EXCHANGE_LAST;;1;1;XEUR;11820392;691;
29.05.2025;12:04:18.000;FGBX SI 20250606 PS;SIMPLE_INSTRUMENT;BLOCK;EUR;43;120.68000000;864;EXCHANGE_LAST;;1;1;XEUR;11820392;691;
29.05.2025;12:12:35.314;FGBX SI 20250606 PS;SIMPLE_INSTRUMENT;EFS;EUR;44;120.62000000;374;EXCHANGE_LAST;;1;1;XEUR;11820392;691;
29.05.2025;12:14:36.538;FGBX SI 20250606 PS;SIMPLE_INSTRUMENT;BLOCK;EUR;45;120.74000000;496;EXCHANGE_LAST;;1;1;XEUR;11820392;691;
29.05.2025;12:31:33.858;FGBX SI 20250606 PS;SIMPLE_INSTRUMENT;BLOCK;EUR;50;120.82000000;744;EXCHANGE_LAST;;1;1;XEUR;11820392;691;
29.05.2025;12:39:36.308;FGBX SI 20250606 PS;SIMPLE_INSTRUMENT;EFP_FIN;EUR;51;120.82000000;78;EXCHANGE_LAST;;1;1;XEUR;11820392;691;
29.05.2025;12:50:00.040;FGBX SI 20250606 PS;SIMPLE_INSTRUMENT;BLOCK;EUR;53;120.84000000;612;EXCHANGE_LAST;;1;1;XEUR;11820392;691;
29.05.2025;13:23:15.510;FGBX SI 20250606 PS;SIMPLE_INSTRUMENT;BLOCK;EUR;59;121.54000000;2451;EXCHANGE_LAST;;1;1;XEUR;11820392;691;
29.05.2025;13:46:29.868;FGBX SI 20250606 PS;SIMPLE_INSTRUMENT;EFP_FIN;EUR;60;120.98000000;149;EXCHANGE_LAST;;1;1;XEUR;11820392;691;
29.05.2025;13:48:14.020;FGBX SI 20250606 PS;SIMPLE_INSTRUMENT;EFP_FIN;EUR;61;120.82000000;115;EXCHANGE_LAST;;1;1;XEUR;11820392;691;
29.05.2025;13:56:53.075;FGBX SI 20250606 PS;SIMPLE_INSTRUMENT;BLOCK;EUR;62;121.44000000;210;EXCHANGE_LAST;;1;1;XEUR;11820392;691;
29.05.2025;13:58:53.779;FGBX SI 20250606 PS;SIMPLE_INSTRUMENT;EFP_FIN;EUR;64;121.24000000;224;EXCHANGE_LAST;;1;1;XEUR;11820392;691;
29.05.2025;15:52:16.338;FGBX SI 20250606 PS;SIMPLE_INSTRUMENT;EFS;EUR;74;121.62000000;794;EXCHANGE_LAST;;1;1;XEUR;11820392;691;
29.05.2025;15:53:17.091;FGBX SI 20250908 PS;SIMPLE_INSTRUMENT;EFS;EUR;75;120.94000000;794;EXCHANGE_LAST;;1;1;XEUR;12372485;691;
29.05.2025;15:59:34.095;FGBX.S.JUN25.SEP25.SPD;FUTURES_SPREAD;BLOCK;EUR;77;0.68000000;208;EXCHANGE_LAST;;1;1;XEUR;72060561860329566;691;
29.05.2025;15:59:34.095;FGBX SI 20250606 PS;SIMPLE_INSTRUMENT;BLOCK;EUR;77;121.76000000;208;PRC_DECOMP_EXCHANGE;;;;XEUR;11820392;691;EXCHANGE
29.05.2025;15:59:34.095;FGBX SI 20250908 PS;SIMPLE_INSTRUMENT;BLOCK;EUR;77;121.08000000;208;PRC_DECOMP_EXCHANGE;;;;XEUR;12372485;691;EXCHANGE
29.05.2025;16:02:01.072;FGBX SI 20250606 PS;SIMPLE_INSTRUMENT;EFS;EUR;78;121.64000000;33;EXCHANGE_LAST;;1;1;XEUR;11820392;691;
29.05.2025;06:15:18.416;FMAE SI 20250620 CS;SIMPLE_INSTRUMENT;EFP_IDX;EUR;5;397.98000000;713;EXCHANGE_LAST;;1;1;XEUR;7939684;48921;
29.05.2025;04:28:16.330;FMAU SI 20250620 CS;SIMPLE_INSTRUMENT;BLOCK;USD;1;5956.93300000;43;EXCHANGE_LAST;;1;2;XEUR;7939462;45287;
29.05.2025;07:31:20.414;FMCH SI 20250620 CS;SIMPLE_INSTRUMENT;BLOCK;USD;20;578.43700000;700;EXCHANGE_LAST;;3;2;XEUR;7940815;402909;
29.05.2025;07:55:41.456;FMCH SI 20250620 CS;SIMPLE_INSTRUMENT;BLOCK;USD;23;587.40000000;177;EXCHANGE_LAST;;1;1;XEUR;7940815;402909;
29.05.2025;06:55:53.783;FMED SI 20250620 CS;SIMPLE_INSTRUMENT;BLOCK;USD;9;10976.80000000;130;EXCHANGE_LAST;;1;1;XEUR;7939645;48144;
29.05.2025;08:36:40.475;FMEE SI 20250620 CS;SIMPLE_INSTRUMENT;BLOCK;USD;24;350.85900000;925;EXCHANGE_LAST;;2;1;XEUR;7938810;12396;
29.05.2025;06:48:55.239;FMEL SI 20250620 CS;SIMPLE_INSTRUMENT;BLOCK;USD;8;588.69900000;300;EXCHANGE_LAST;;1;1;XEUR;7938814;12397;
29.05.2025;07:07:59.240;FMEN SI 20250620 CS;SIMPLE_INSTRUMENT;EFP_IDX;EUR;15;521.65700000;5;EXCHANGE_LAST;;1;1;XEUR;7939172;30652;
29.05.2025;06:48:13.583;FMEU SI 20250620 CS;SIMPLE_INSTRUMENT;BLOCK;EUR;7;369.97000000;1000;EXCHANGE_LAST;;1;1;XEUR;7938710;7058;
29.05.2025;06:46:44.425;FMGC SI 20250620 CS;SIMPLE_INSTRUMENT;EFP_IDX;USD;6;14102.98000000;6;EXCHANGE_LAST;;1;1;XEUR;7939680;48916;
29.05.2025;15:50:28.474;FMGC SI 20250620 CS;SIMPLE_INSTRUMENT;BLOCK;USD;29;14085.00000000;710;EXCHANGE_LAST;;1;2;XEUR;7939680;48916;
29.05.2025;15:50:46.355;FMGC SI 20250919 CS;SIMPLE_INSTRUMENT;BLOCK;USD;30;14255.00000000;702;EXCHANGE_LAST;;2;1;XEUR;8428578;48916;
29.05.2025;16:04:54.821;FMGC SI 20250620 CS;SIMPLE_INSTRUMENT;BLOCK;USD;31;14065.00000000;711;EXCHANGE_LAST;;1;1;XEUR;7939680;48916;
29.05.2025;16:05:19.181;FMGC SI 20250919 CS;SIMPLE_INSTRUMENT;BLOCK;USD;32;14235.00000000;703;EXCHANGE_LAST;;1;1;XEUR;8428578;48916;
29.05.2025;16:59:36.156;FMGC SI 20250620 CS;SIMPLE_INSTRUMENT;BLOCK;USD;36;14090.00000000;1420;EXCHANGE_LAST;;1;1;XEUR;7939680;48916;
29.05.2025;16:59:56.625;FMGC SI 20250919 CS;SIMPLE_INSTRUMENT;BLOCK;USD;37;14260.00000000;1404;EXCHANGE_LAST;;1;1;XEUR;8428578;48916;
29.05.2025;07:02:22.410;FMGO SI 20250620 CS;SIMPLE_INSTRUMENT;BLOCK;USD;12;5562.31000000;541;EXCHANGE_LAST;;1;1;XEUR;8609371;583623;
29.05.2025;13:54:35.002;FMGO SI 20250620 CS;SIMPLE_INSTRUMENT;BLOCK;USD;27;5581.00000000;57;EXCHANGE_LAST;;1;1;XEUR;8609371;583623;
29.05.2025;07:20:34.453;FMGQ SI 20250620 CS;SIMPLE_INSTRUMENT;EFP_IDX;USD;17;5054.47900000;58;EXCHANGE_LAST;;1;1;XEUR;8609386;583625;
29.05.2025;00:41:03.251;FMID SI 20250620 CS;SIMPLE_INSTRUMENT;EFP_IDX;USD;1;1602.14300000;124;EXCHANGE_LAST;;1;1;XEUR;7939464;45289;
29.05.2025;04:50:46.042;FMID SI 20250620 CS;SIMPLE_INSTRUMENT;BLOCK;USD;2;1601.90300000;125;EXCHANGE_LAST;;1;1;XEUR;7939464;45289;
29.05.2025;04:53:38.867;FMID SI 20250620 CS;SIMPLE_INSTRUMENT;BLOCK;USD;3;1601.90300000;65;EXCHANGE_LAST;;1;1;XEUR;7939464;45289;
29.05.2025;04:30:37.796;FMJP SI 20250620 CS;SIMPLE_INSTRUMENT;EFP_IDX;USD;2;9345.57800000;35;EXCHANGE_LAST;;1;1;XEUR;7937445;661;
29.05.2025;07:42:44.806;FMJP SI 20250620 CS;SIMPLE_INSTRUMENT;EFP_IDX;USD;22;9350.19000000;547;EXCHANGE_LAST;;1;1;XEUR;7937445;661;
29.05.2025;16:00:50.061;FMKW SI 20250620 CS;SIMPLE_INSTRUMENT;EFP_IDX;USD;4;1818.11700000;41;EXCHANGE_LAST;;1;1;XEUR;7940358;221298;
29.05.2025;15:02:51.646;FMMX SI 20250620 CS;SIMPLE_INSTRUMENT;BLOCK;USD;28;753.98000000;424;EXCHANGE_LAST;;1;1;XEUR;7938855;12545;
29.05.2025;07:01:22.186;FMOG SI 20250620 CS;SIMPLE_INSTRUMENT;BLOCK;USD;11;12240.75000000;28;EXCHANGE_LAST;;1;1;XEUR;7939783;51877;
29.05.2025;16:04:25.802;FMQA SI 20250620 CS;SIMPLE_INSTRUMENT;EFP_IDX;USD;5;1723.77400000;42;EXCHANGE_LAST;;1;1;XEUR;7939461;45285;
29.05.2025;16:07:40.427;FMSA SI 20250620 CS;SIMPLE_INSTRUMENT;EFP_IDX;USD;33;1692.47600000;30;EXCHANGE_LAST;;1;1;XEUR;7940199;134861;
29.05.2025;16:10:03.735;FMSA SI 20250620 CS;SIMPLE_INSTRUMENT;EFP_IDX;USD;34;1690.28200000;156;EXCHANGE_LAST;;1;1;XEUR;7940199;134861;
29.05.2025;16:20:49.786;FMSJ SI 20250620 CS;SIMPLE_INSTRUMENT;EFP_IDX;USD;35;2768.33500000;28;EXCHANGE_LAST;;1;1;XEUR;7940335;208341;
29.05.2025;07:01:12.006;FMWN SI 20250620 CS;SIMPLE_INSTRUMENT;BLOCK;EUR;10;556.60000000;115;EXCHANGE_LAST;;1;1;XEUR;7939177;30654;
29.05.2025;12:50:55.258;FMWN SI 20260320 CS;SIMPLE_INSTRUMENT;BLOCK;EUR;26;571.00000000;875;EXCHANGE_LAST;;1;1;XEUR;9209376;30654;
29.05.2025;06:07:11.054;FMWO SI 20250620 CS;SIMPLE_INSTRUMENT;EFP_IDX;USD;3;12288.93000000;11;EXCHANGE_LAST;;1;1;XEUR;7938711;7059;
29.05.2025;06:07:54.344;FMWO SI 20250620 CS;SIMPLE_INSTRUMENT;EFP_IDX;USD;4;12289.92000000;112;EXCHANGE_LAST;;1;1;XEUR;7938711;7059;
29.05.2025;07:07:21.543;FMWO SI 20250620 CS;SIMPLE_INSTRUMENT;BLOCK;USD;13;12289.42000000;228;EXCHANGE_LAST;;1;1;XEUR;7938711;7059;
29.05.2025;07:07:55.366;FMWO SI 20250620 CS;SIMPLE_INSTRUMENT;BLOCK;USD;14;12289.42000000;1372;EXCHANGE_LAST;;1;1;XEUR;7938711;7059;
29.05.2025;07:21:37.550;FMWO SI 20250620 CS;SIMPLE_INSTRUMENT;BLOCK;USD;18;12289.42000000;500;EXCHANGE_LAST;;1;1;XEUR;7938711;7059;
29.05.2025;07:27:12.086;FMWO SI 20250620 CS;SIMPLE_INSTRUMENT;EFP_IDX;USD;19;12289.82000000;245;EXCHANGE_LAST;;1;1;XEUR;7938711;7059;
29.05.2025;07:35:01.071;FMWO SI 20250620 CS;SIMPLE_INSTRUMENT;EFP_IDX;USD;21;12288.42000000;51;EXCHANGE_LAST;;1;1;XEUR;7938711;7059;
29.05.2025;09:26:51.898;FMWO SI 20250620 CS;SIMPLE_INSTRUMENT;BLOCK;USD;25;12289.42000000;1000;EXCHANGE_LAST;;1;1;XEUR;7938711;7059;
29.05.2025;07:24:19.733;FOAT SI 20250606 PS;SIMPLE_INSTRUMENT;EFP_FIN;EUR;1;125.00000000;236;EXCHANGE_LAST;;1;1;XEUR;11820393;749;
29.05.2025;07:35:39.545;FOAT SI 20250606 PS;SIMPLE_INSTRUMENT;EFP_FIN;EUR;2;125.01000000;413;EXCHANGE_LAST;;1;1;XEUR;11820393;749;
29.05.2025;07:36:51.230;FOAT SI 20250606 PS;SIMPLE_INSTRUMENT;EFP_FIN;EUR;3;125.00000000;53;EXCHANGE_LAST;;1;1;XEUR;11820393;749;
29.05.2025;07:46:49.785;FOAT SI 20250606 PS;SIMPLE_INSTRUMENT;EFP_FIN;EUR;4;125.01000000;413;EXCHANGE_LAST;;1;1;XEUR;11820393;749;
29.05.2025;07:50:47.191;FOAT SI 20250606 PS;SIMPLE_INSTRUMENT;EFP_FIN;EUR;5;125.00000000;413;EXCHANGE_LAST;;1;1;XEUR;11820393;749;
29.05.2025;08:00:09.452;FOAT SI 20250606 PS;SIMPLE_INSTRUMENT;EFP_FIN;EUR;6;124.97000000;1647;EXCHANGE_LAST;;1;1;XEUR;11820393;749;
29.05.2025;08:16:02.839;FOAT SI 20250606 PS;SIMPLE_INSTRUMENT;BLOCK;EUR;7;124.98000000;493;EXCHANGE_LAST;;1;1;XEUR;11820393;749;
29.05.2025;08:17:07.538;FOAT SI 20250606 PS;SIMPLE_INSTRUMENT;EFP_FIN;EUR;8;125.04000000;1239;EXCHANGE_LAST;;1;1;XEUR;11820393;749;
29.05.2025;08:22:46.325;FOAT SI 20250606 PS;SIMPLE_INSTRUMENT;EFP_FIN;EUR;9;125.06000000;142;EXCHANGE_LAST;;1;1;XEUR;11820393;749;
29.05.2025;08:44:20.906;FOAT SI 20250606 PS;SIMPLE_INSTRUMENT;EFP_FIN;EUR;10;125.07000000;394;EXCHANGE_LAST;;1;1;XEUR;11820393;749;
29.05.2025;08:50:45.091;FOAT SI 20250606 PS;SIMPLE_INSTRUMENT;EFP_FIN;EUR;11;125.01000000;95;EXCHANGE_LAST;;1;1;XEUR;11820393;749;
29.05.2025;08:51:00.227;FOAT SI 20250606 PS;SIMPLE_INSTRUMENT;EFP_FIN;EUR;12;125.01000000;189;EXCHANGE_LAST;;1;1;XEUR;11820393;749;
29.05.2025;08:56:45.534;FOAT SI 20250606 PS;SIMPLE_INSTRUMENT;EFP_FIN;EUR;13;125.00000000;248;EXCHANGE_LAST;;1;1;XEUR;11820393;749;
29.05.2025;09:03:30.683;FOAT SI 20250606 PS;SIMPLE_INSTRUMENT;EFP_FIN;EUR;14;125.00000000;413;EXCHANGE_LAST;;1;1;XEUR;11820393;749;
29.05.2025;09:12:54.980;FOAT SI 20250606 PS;SIMPLE_INSTRUMENT;EFP_FIN;EUR;15;125.07000000;1239;EXCHANGE_LAST;;1;1;XEUR;11820393;749;
29.05.2025;09:13:27.956;FOAT SI 20250606 PS;SIMPLE_INSTRUMENT;EFP_FIN;EUR;16;125.01000000;660;EXCHANGE_LAST;;1;1;XEUR;11820393;749;
29.05.2025;09:15:20.445;FOAT SI 20250606 PS;SIMPLE_INSTRUMENT;EFP_FIN;EUR;17;125.10000000;740;EXCHANGE_LAST;;1;1;XEUR;11820393;749;
29.05.2025;09:22:44.673;FOAT SI 20250606 PS;SIMPLE_INSTRUMENT;EFP_FIN;EUR;18;125.10000000;982;EXCHANGE_LAST;;1;1;XEUR;11820393;749;
29.05.2025;09:27:55.131;FOAT SI 20250606 PS;SIMPLE_INSTRUMENT;EFP_FIN;EUR;19;125.05000000;788;EXCHANGE_LAST;;1;1;XEUR;11820393;749;
29.05.2025;09:38:23.900;FOAT SI 20250606 PS;SIMPLE_INSTRUMENT;EFP_FIN;EUR;20;125.05000000;788;EXCHANGE_LAST;;1;1;XEUR;11820393;749;
29.05.2025;09:41:46.436;FOAT SI 20250606 PS;SIMPLE_INSTRUMENT;EFP_FIN;EUR;21;125.10000000;655;EXCHANGE_LAST;;1;1;XEUR;11820393;749;
29.05.2025;09:55:01.486;FOAT SI 20250606 PS;SIMPLE_INSTRUMENT;EFP_FIN;EUR;22;125.07000000;77;EXCHANGE_LAST;;1;1;XEUR;11820393;749;
29.05.2025;09:57:25.375;FOAT SI 20250606 PS;SIMPLE_INSTRUMENT;EFP_FIN;EUR;23;125.07000000;78;EXCHANGE_LAST;;1;1;XEUR;11820393;749;
29.05.2025;10:02:43.604;FOAT SI 20250606 PS;SIMPLE_INSTRUMENT;EFP_FIN;EUR;24;125.07000000;1416;EXCHANGE_LAST;;1;1;XEUR;11820393;749;
29.05.2025;10:03:24.581;FOAT SI 20250606 PS;SIMPLE_INSTRUMENT;EFP_FIN;EUR;25;124.91000000;912;EXCHANGE_LAST;;1;1;XEUR;11820393;749;
29.05.2025;10:11:35.013;FOAT SI 20250606 PS;SIMPLE_INSTRUMENT;EFP_FIN;EUR;26;125.07000000;538;EXCHANGE_LAST;;1;1;XEUR;11820393;749;
29.05.2025;10:14:22.195;FOAT SI 20250606 PS;SIMPLE_INSTRUMENT;EFP_FIN;EUR;27;124.80000000;412;EXCHANGE_LAST;;1;1;XEUR;11820393;749;
29.05.2025;10:35:40.257;FOAT SI 20250606 PS;SIMPLE_INSTRUMENT;EFP_FIN;EUR;28;124.80000000;356;EXCHANGE_LAST;;1;1;XEUR;11820393;749;
29.05.2025;10:50:17.537;FOAT SI 20250606 PS;SIMPLE_INSTRUMENT;EFP_FIN;EUR;29;125.00000000;2364;EXCHANGE_LAST;;1;1;XEUR;11820393;749;
29.05.2025;10:57:58.002;FOAT SI 20250606 PS;SIMPLE_INSTRUMENT;EFP_FIN;EUR;30;124.94000000;591;EXCHANGE_LAST;;1;1;XEUR;11820393;749;
29.05.2025;11:16:58.539;FOAT SI 20250606 PS;SIMPLE_INSTRUMENT;EFP_FIN;EUR;31;124.99000000;761;EXCHANGE_LAST;;1;1;XEUR;11820393;749;
29.05.2025;11:24:25.071;FOAT SI 20250606 PS;SIMPLE_INSTRUMENT;EFP_FIN;EUR;32;125.05000000;1576;EXCHANGE_LAST;;1;1;XEUR;11820393;749;
29.05.2025;11:45:16.643;FOAT SI 20250606 PS;SIMPLE_INSTRUMENT;EFP_FIN;EUR;33;125.09000000;394;EXCHANGE_LAST;;1;1;XEUR;11820393;749;
29.05.2025;11:47:08.770;FOAT SI 20250606 PS;SIMPLE_INSTRUMENT;EFP_FIN;EUR;34;125.05000000;788;EXCHANGE_LAST;;1;1;XEUR;11820393;749;
29.05.2025;12:21:08.307;FOAT SI 20250606 PS;SIMPLE_INSTRUMENT;EFP_FIN;EUR;35;125.25000000;274;EXCHANGE_LAST;;1;1;XEUR;11820393;749;
29.05.2025;12:22:15.092;FOAT SI 20250606 PS;SIMPLE_INSTRUMENT;EFP_FIN;EUR;36;125.25000000;276;EXCHANGE_LAST;;1;1;XEUR;11820393;749;
29.05.2025;12:27:27.140;FOAT SI 20250606 PS;SIMPLE_INSTRUMENT;EFP_FIN;EUR;37;125.12000000;1182;EXCHANGE_LAST;;1;1;XEUR;11820393;749;
29.05.2025;13:00:19.086;FOAT SI 20250606 PS;SIMPLE_INSTRUMENT;EFP_FIN;EUR;38;125.05000000;2364;EXCHANGE_LAST;;1;1;XEUR;11820393;749;
29.05.2025;13:02:10.580;FOAT SI 20250606 PS;SIMPLE_INSTRUMENT;EFP_FIN;EUR;39;125.36000000;274;EXCHANGE_LAST;;1;1;XEUR;11820393;749;
29.05.2025;13:21:59.333;FOAT SI 20250606 PS;SIMPLE_INSTRUMENT;EFP_FIN;EUR;40;125.50000000;216;EXCHANGE_LAST;;1;1;XEUR;11820393;749;
29.05.2025;14:05:05.328;FOAT SI 20250606 PS;SIMPLE_INSTRUMENT;EFP_FIN;EUR;41;125.62000000;218;EXCHANGE_LAST;;1;1;XEUR;11820393;749;
29.05.2025;14:34:28.474;FOAT SI 20250606 PS;SIMPLE_INSTRUMENT;EFP_FIN;EUR;42;125.58000000;1182;EXCHANGE_LAST;;1;1;XEUR;11820393;749;
29.05.2025;14:36:43.271;FOAT SI 20250606 PS;SIMPLE_INSTRUMENT;EFP_FIN;EUR;44;125.60000000;217;EXCHANGE_LAST;;1;1;XEUR;11820393;749;
29.05.2025;14:37:05.028;FOAT SI 20250606 PS;SIMPLE_INSTRUMENT;EFP_FIN;EUR;45;125.58000000;945;EXCHANGE_LAST;;1;1;XEUR;11820393;749;
29.05.2025;15:08:04.904;FOAT SI 20250606 PS;SIMPLE_INSTRUMENT;EFP_FIN;EUR;46;125.59000000;394;EXCHANGE_LAST;;1;1;XEUR;11820393;749;
29.05.2025;15:12:22.820;FOAT SI 20250606 PS;SIMPLE_INSTRUMENT;EFP_FIN;EUR;47;125.60000000;394;EXCHANGE_LAST;;1;1;XEUR;11820393;749;
29.05.2025;15:15:51.828;FOAT SI 20250606 PS;SIMPLE_INSTRUMENT;EFP_FIN;EUR;48;125.62000000;215;EXCHANGE_LAST;;1;1;XEUR;11820393;749;
29.05.2025;15:45:48.059;FOAT SI 20250606 PS;SIMPLE_INSTRUMENT;EFS;EUR;49;125.67000000;245;EXCHANGE_LAST;;1;1;XEUR;11820393;749;
29.05.2025;15:46:06.646;FOAT SI 20250606 PS;SIMPLE_INSTRUMENT;EFS;EUR;50;125.69000000;245;EXCHANGE_LAST;;1;1;XEUR;11820393;749;
29.05.2025;15:54:07.077;FOAT.S.JUN25.SEP25.SPD;FUTURES_SPREAD;BLOCK;EUR;51;1.02000000;271;EXCHANGE_LAST;;1;1;XEUR;72060810968432734;749;
29.05.2025;15:54:07.077;FOAT SI 20250606 PS;SIMPLE_INSTRUMENT;BLOCK;EUR;51;125.71000000;271;PRC_DECOMP_EXCHANGE;;;;XEUR;11820393;749;EXCHANGE
29.05.2025;15:54:07.077;FOAT SI 20250908 PS;SIMPLE_INSTRUMENT;BLOCK;EUR;51;124.69000000;271;PRC_DECOMP_EXCHANGE;;;;XEUR;12372486;749;EXCHANGE
29.05.2025;13:46:43.052;FRE.O.250529.BER.000007;STANDARD_OPTION_STRATEGY;BLOCK;EUR;1;0.08000000;720;EXCHANGE_LAST;;1;1;XEUR;72060858213109203;760;
29.05.2025;13:46:43.052;FRE SI 20250606 PS AM P 41.00 0;SIMPLE_INSTRUMENT;BLOCK;EUR;1;0.13000000;720;PRC_DECOMP_MEMBER;;;;XEUR;13314534;760;MEMBER
29.05.2025;13:46:43.052;FRE SI 20250606 PS AM P 40.00 0;SIMPLE_INSTRUMENT;BLOCK;EUR;1;0.05000000;720;PRC_DECOMP_MEMBER;;;;XEUR;13314530;760;MEMBER
29.05.2025;15:56:07.542;FSCP SI 20250620 CS;SIMPLE_INSTRUMENT;EFP_IDX;EUR;32;354.60000000;75;EXCHANGE_LAST;;1;1;XEUR;11881879;764;
29.05.2025;15:56:29.666;FSCP SI 20250620 CS;SIMPLE_INSTRUMENT;EFP_IDX;EUR;33;354.50000000;50;EXCHANGE_LAST;;1;1;XEUR;11881879;764;
29.05.2025;15:42:08.436;FSEG SI 20250620 CS;SIMPLE_INSTRUMENT;EFP_IDX;EUR;30;201.60000000;18;EXCHANGE_LAST;;1;1;XEUR;11913120;109977;
29.05.2025;15:42:22.621;FSEG SI 20250620 CS;SIMPLE_INSTRUMENT;EFP_IDX;EUR;31;201.50000000;26;EXCHANGE_LAST;;1;1;XEUR;11913120;109977;
29.05.2025;14:35:07.708;FSLS SI 20250620 CS;SIMPLE_INSTRUMENT;BLOCK;EUR;22;157.90000000;60;EXCHANGE_LAST;;1;1;XEUR;11914927;173550;
29.05.2025;10:01:54.744;FSMX SI 20250620 CS;SIMPLE_INSTRUMENT;BLOCK;EUR;8;31020.00000000;1000;EXCHANGE_LAST;;1;1;XEUR;11923155;396422;
29.05.2025;12:33:28.728;FSMX SI 20250620 CS;SIMPLE_INSTRUMENT;BLOCK;EUR;14;30995.00000000;900;EXCHANGE_LAST;;1;1;XEUR;11923155;396422;
29.05.2025;14:41:58.411;FSMX SI 20250620 CS;SIMPLE_INSTRUMENT;BLOCK;EUR;23;30790.00000000;900;EXCHANGE_LAST;;1;1;XEUR;11923155;396422;
29.05.2025;13:54:43.232;FSTA SI 20250620 CS;SIMPLE_INSTRUMENT;BLOCK;EUR;4;545.60000000;370;EXCHANGE_LAST;;1;1;XEUR;11881326;715;
29.05.2025;15:39:08.044;FSTB SI 20250620 CS;SIMPLE_INSTRUMENT;BLOCK;EUR;28;277.20000000;1032;EXCHANGE_LAST;;1;1;XEUR;11881325;714;
29.05.2025;15:39:24.779;FSTB SI 20250620 CS;SIMPLE_INSTRUMENT;BLOCK;EUR;29;277.10000000;646;EXCHANGE_LAST;;1;1;XEUR;11881325;714;
29.05.2025;15:02:34.265;FSTE SI 20250620 CS;SIMPLE_INSTRUMENT;BLOCK;EUR;5;345.60000000;290;EXCHANGE_LAST;;1;1;XEUR;11881330;719;
29.05.2025;16:07:16.894;FSTL SI 20250620 CS;SIMPLE_INSTRUMENT;EFP_IDX;EUR;34;133.60000000;747;EXCHANGE_LAST;;1;1;XEUR;11881317;706;
29.05.2025;16:07:40.439;FSTL SI 20250620 CS;SIMPLE_INSTRUMENT;EFP_IDX;EUR;35;133.50000000;748;EXCHANGE_LAST;;1;1;XEUR;11881317;706;
29.05.2025;11:27:38.210;FSTU SI 20250620 CS;SIMPLE_INSTRUMENT;EFP_IDX;EUR;9;439.60000000;164;EXCHANGE_LAST;;1;1;XEUR;11881333;730;
29.05.2025;11:27:52.912;FSTU SI 20250620 CS;SIMPLE_INSTRUMENT;EFP_IDX;EUR;10;439.70000000;164;EXCHANGE_LAST;;1;1;XEUR;11881333;730;
29.05.2025;12:53:12.782;FSTV SI 20250620 CS;SIMPLE_INSTRUMENT;BLOCK;EUR;3;262.30000000;400;EXCHANGE_LAST;;1;1;XEUR;11881334;731;
29.05.2025;11:25:16.871;FSTY SI 20250620 CS;SIMPLE_INSTRUMENT;EFP_IDX;EUR;1;848.90000000;125;EXCHANGE_LAST;;1;1;XEUR;11881335;729;
29.05.2025;11:25:32.513;FSTY SI 20250620 CS;SIMPLE_INSTRUMENT;EFP_IDX;EUR;2;849.00000000;125;EXCHANGE_LAST;;1;1;XEUR;11881335;729;
29.05.2025;08:47:13.543;GLJE SI 20260619 PS EU P 28.00 0;SIMPLE_INSTRUMENT;BLOCK;EUR;8;13.86000000;1400;EXCHANGE_LAST;;1;1;XEUR;10048715;724767;
29.05.2025;07:59:20.387;GZF SI 20250919 PS AM P 14.00 0;SIMPLE_INSTRUMENT;BLOCK;EUR;3;0.05000000;3000;EXCHANGE_LAST;;1;1;XEUR;11883276;855;
29.05.2025;14:36:06.977;HEN3.O.250529.STD.000002;STANDARD_OPTION_STRATEGY;BLOCK;EUR;11;6.25000000;4500;EXCHANGE_LAST;;3;1;XEUR;72061206105443654;841;
29.05.2025;14:36:06.977;HEN3 SI 20250919 PS AM P 72.00 0;SIMPLE_INSTRUMENT;BLOCK;EUR;11;3.65000000;4500;PRC_DECOMP_MEMBER;;;;XEUR;11882800;841;MEMBER
29.05.2025;14:36:06.977;HEN3 SI 20250919 PS AM C 72.00 0;SIMPLE_INSTRUMENT;BLOCK;EUR;11;2.60000000;4500;PRC_DECOMP_MEMBER;;;;XEUR;11882763;841;MEMBER
29.05.2025;12:07:54.757;HNK SI 20250620 PS AM P 76.00 0;SIMPLE_INSTRUMENT;BLOCK;EUR;5;0.78000000;450;EXCHANGE_LAST;;1;1;XEUR;11363299;947;
29.05.2025;13:01:07.093;HNK SI 20250620 PS AM C 80.00 0;SIMPLE_INSTRUMENT;BLOCK;EUR;7;0.52000000;450;EXCHANGE_LAST;;1;1;XEUR;7906197;947;
29.05.2025;15:17:23.035;I3ES SI 20271217 CS;SIMPLE_INSTRUMENT;BLOCK;EUR;39;0.31900000;1000;EXCHANGE_LAST;;1;1;XEUR;8383274;913;
29.05.2025;12:17:38.262;IES5 SI 20251218 PS AM P 4.40 0;SIMPLE_INSTRUMENT;BLOCK;EUR;6;0.21250000;1000;EXCHANGE_LAST;;1;1;XEUR;12421874;900;
29.05.2025;07:47:16.586;IFX SI 20250530 PS AM C 36.00 0;SIMPLE_INSTRUMENT;BLOCK;EUR;2;0.24000000;1491;EXCHANGE_LAST;;1;1;XEUR;13370674;902;
29.05.2025;07:47:18.004;IFX SI 20250620 PS AM C 38.00 0;SIMPLE_INSTRUMENT;BLOCK;EUR;3;0.42000000;1800;EXCHANGE_LAST;;1;1;XEUR;11362366;902;
29.05.2025;07:47:18.990;IFX SI 20250530 PS AM C 36.00 0;SIMPLE_INSTRUMENT;BLOCK;EUR;4;0.21000000;1296;EXCHANGE_LAST;;1;1;XEUR;13370674;902;
29.05.2025;10:57:13.716;ISPA SI 20250620 PS AM C 27.50 0;SIMPLE_INSTRUMENT;BLOCK;EUR;3;0.83000000;2000;EXCHANGE_LAST;;1;1;XEUR;13009345;1004;
29.05.2025;09:10:35.845;M2ON SI 20250620 CS;SIMPLE_INSTRUMENT;BLOCK;EUR;6;1.30000000;875;EXCHANGE_LAST;;1;1;XEUR;10872533;151287;
29.05.2025;07:24:59.814;MOH SI 20250606 PS AM C 510.00 0;SIMPLE_INSTRUMENT;BLOCK;EUR;1;4.10000000;345;EXCHANGE_LAST;;1;1;XEUR;13315183;1074;
29.05.2025;08:06:11.647;MOH SI 20250606 PS AM C 510.00 0;SIMPLE_INSTRUMENT;BLOCK;EUR;4;2.91000000;103;EXCHANGE_LAST;;1;1;XEUR;13315183;1074;
29.05.2025;08:36:03.330;MOH SI 20250606 PS AM C 510.00 0;SIMPLE_INSTRUMENT;BLOCK;EUR;7;2.37000000;241;EXCHANGE_LAST;;1;1;XEUR;13315183;1074;
29.05.2025;11:34:31.400;MOH.N.250529.000017;NON_STANDARD_OPTION_STRATEGY;BLOCK;EUR;10;-45.25000000;100;EXCHANGE_LAST;;1;1;XEUR;72062206832835226;1074;
29.05.2025;11:34:31.400;MOH SI 20250919 PS AM P 560.00 0;SIMPLE_INSTRUMENT;BLOCK;EUR;10;77.41000000;100;PRC_DECOMP_EXCHANGE;;;;XEUR;11886601;1074;EXCHANGE
29.05.2025;11:34:31.400;MOH SI 20251219 PS AM C 520.00 0;SIMPLE_INSTRUMENT;BLOCK;EUR;10;32.16000000;100;PRC_DECOMP_EXCHANGE;;;;XEUR;12447729;1074;EXCHANGE
29.05.2025;14:09:42.824;MOH SI 20260320 PS AM P 440.00 0;SIMPLE_INSTRUMENT;BLOCK;EUR;19;27.60000000;300;EXCHANGE_LAST;;1;1;XEUR;13010739;1074;
29.05.2025;09:09:59.041;MONF SI 20250619 CS;SIMPLE_INSTRUMENT;BLOCK;EUR;5;55.69040000;1000;EXCHANGE_LAST;;1;1;XEUR;11163663;31804;
29.05.2025;15:05:52.389;MUV2 SI 20250919 PS AM P 480.00 0;SIMPLE_INSTRUMENT;BLOCK;EUR;2;6.50000000;500;EXCHANGE_LAST;;1;2;XEUR;11890748;1234;
29.05.2025;14:31:49.822;N2DB SI 20261218 CS;SIMPLE_INSTRUMENT;BLOCK;EUR;34;1.08000000;500;EXCHANGE_LAST;;1;1;XEUR;6822151;57102;
29.05.2025;10:56:12.706;ODAX SI 20250919 CS EU P 22500 0;SIMPLE_INSTRUMENT;BLOCK;EUR;5;407.00000000;750;EXCHANGE_LAST;;1;1;XEUR;12716518;1176;
29.05.2025;12:01:52.261;ODAX.O.250529.BER.000243;STANDARD_OPTION_STRATEGY;BLOCK;EUR;7;68.60000000;1950;EXCHANGE_LAST;;1;1;XEUR;72062644920441206;1176;
29.05.2025;12:01:52.261;ODAX SI 20250919 CS EU P 19200 0;SIMPLE_INSTRUMENT;BLOCK;EUR;7;118.00000000;1950;PRC_DECOMP_MEMBER;;;;XEUR;9641093;1176;MEMBER
29.05.2025;12:01:52.261;ODAX SI 20250919 CS EU P 20500 0;SIMPLE_INSTRUMENT;BLOCK;EUR;7;186.60000000;1950;PRC_DECOMP_MEMBER;;;;XEUR;11100568;1176;MEMBER
29.05.2025;12:01:59.661;ODAX.O.250529.BER.000243;STANDARD_OPTION_STRATEGY;BLOCK;EUR;8;68.70000000;1800;EXCHANGE_LAST;;1;1;XEUR;72062644920441206;1176;
29.05.2025;12:01:59.661;ODAX SI 20250919 CS EU P 20500 0;SIMPLE_INSTRUMENT;BLOCK;EUR;8;186.70000000;1800;PRC_DECOMP_MEMBER;;;;XEUR;11100568;1176;MEMBER
29.05.2025;12:01:59.661;ODAX SI 20250919 CS EU P 19200 0;SIMPLE_INSTRUMENT;BLOCK;EUR;8;118.00000000;1800;PRC_DECOMP_MEMBER;;;;XEUR;9641093;1176;MEMBER
29.05.2025;07:44:33.952;ODAX.V.250529.BER+U.000171;OPTION_VOLATILITY_STRATEGY;BLOCK;EUR;671088641;550.40000000;4;EXCHANGE_LAST;;1;1;XEUR;72062644920441134;1176;
29.05.2025;07:44:33.952;ODAX SI 20250620 CS EU P 23000 0;SIMPLE_INSTRUMENT;BLOCK;EUR;671088641;92.00000000;400;PRC_DECOMP_EXCHANGE;;;;XEUR;9849739;1176;EXCHANGE
29.05.2025;07:44:33.952;ODAX SI 20250620 CS EU P 24700 0;SIMPLE_INSTRUMENT;BLOCK;EUR;671088641;642.40000000;400;PRC_DECOMP_EXCHANGE;;;;XEUR;12895349;1176;EXCHANGE
29.05.2025;07:44:33.952;FDAX SI 20250620 CS;SIMPLE_INSTRUMENT;BLOCK;EUR;671088641;24210.00000000;44;PRC_DECOMP_EXCHANGE;;;;XEUR;7903800;1176;EXCHANGE
29.05.2025;08:11:46.596;ODAX.V.250529.COMBO+U.000194;OPTION_VOLATILITY_STRATEGY;BLOCK;EUR;671088642;343.20000000;1;EXCHANGE_LAST;;1;1;XEUR;72062644920441157;1176;
29.05.2025;08:11:46.596;ODAX SI 20251219 CS EU C 26500 0;SIMPLE_INSTRUMENT;BLOCK;EUR;671088642;376.40000000;350;PRC_DECOMP_EXCHANGE;;;;XEUR;12396834;1176;EXCHANGE
29.05.2025;08:11:46.596;ODAX SI 20251219 CS EU P 23000 0;SIMPLE_INSTRUMENT;BLOCK;EUR;671088642;719.60000000;350;PRC_DECOMP_EXCHANGE;;;;XEUR;10977226;1176;EXCHANGE
29.05.2025;08:11:46.596;FDAX SI 20250620 CS;SIMPLE_INSTRUMENT;BLOCK;EUR;671088642;24240.00000000;37;PRC_DECOMP_EXCHANGE;;;;XEUR;7903800;1176;EXCHANGE
29.05.2025;10:32:20.862;ODAX.V.250529.PUT+U.000226;OPTION_VOLATILITY_STRATEGY;BLOCK;EUR;671088643;166.60000000;2;EXCHANGE_LAST;;1;1;XEUR;72062644920441189;1176;
29.05.2025;10:32:20.862;ODAX SI 20250815 CS EU P 21250 0;SIMPLE_INSTRUMENT;BLOCK;EUR;671088643;166.60000000;364;PRC_DECOMP_EXCHANGE;;;;XEUR;13416937;1176;EXCHANGE
29.05.2025;10:32:20.862;FDAX SI 20250620 CS;SIMPLE_INSTRUMENT;BLOCK;EUR;671088643;24145.00000000;8;PRC_DECOMP_EXCHANGE;;;;XEUR;7903800;1176;EXCHANGE
29.05.2025;10:52:53.244;ODAX.V.250529.PUT+U.000234;OPTION_VOLATILITY_STRATEGY;BLOCK;EUR;671088644;136.80000000;5;EXCHANGE_LAST;;1;1;XEUR;72062644920441197;1176;
29.05.2025;10:52:53.244;ODAX SI 20250620 CS EU P 23200 0;SIMPLE_INSTRUMENT;BLOCK;EUR;671088644;136.80000000;500;PRC_DECOMP_EXCHANGE;;;;XEUR;12362248;1176;EXCHANGE
29.05.2025;10:52:53.244;FDAX SI 20250620 CS;SIMPLE_INSTRUMENT;BLOCK;EUR;671088644;24150.00000000;20;PRC_DECOMP_EXCHANGE;;;;XEUR;7903800;1176;EXCHANGE
29.05.2025;10:55:54.226;ODAX.V.250529.PUT+U.000221;OPTION_VOLATILITY_STRATEGY;BLOCK;EUR;671088646;992.00000000;2;EXCHANGE_LAST;;1;1;XEUR;72062644920441184;1176;
29.05.2025;10:55:54.226;FDAX SI 20250620 CS;SIMPLE_INSTRUMENT;BLOCK;EUR;671088646;24150.00000000;18;PRC_DECOMP_EXCHANGE;;;;XEUR;7903800;1176;EXCHANGE
29.05.2025;10:55:54.226;ODAX SI 20250919 CS EU P 24500 0;SIMPLE_INSTRUMENT;BLOCK;EUR;671088646;992.00000000;500;PRC_DECOMP_EXCHANGE;;;;XEUR;12895321;1176;EXCHANGE
29.05.2025;14:29:23.842;ODAX.V.250529.BRT+U.000280;OPTION_VOLATILITY_STRATEGY;BLOCK;EUR;671088649;167.60000000;2;EXCHANGE_LAST;;1;1;XEUR;72062644920441243;1176;
29.05.2025;14:29:23.842;ODAX SI 20250718 CS EU P 23000 0;SIMPLE_INSTRUMENT;BLOCK;EUR;671088649;308.00000000;650;PRC_DECOMP_EXCHANGE;;;;XEUR;13249601;1176;EXCHANGE
29.05.2025;14:29:23.842;FDAX SI 20250620 CS;SIMPLE_INSTRUMENT;BLOCK;EUR;671088649;23990.00000000;10;PRC_DECOMP_EXCHANGE;;;;XEUR;7903800;1176;EXCHANGE
29.05.2025;14:29:23.842;ODAX SI 20250620 CS EU P 23000 0;SIMPLE_INSTRUMENT;BLOCK;EUR;671088649;140.40000000;650;PRC_DECOMP_EXCHANGE;;;;XEUR;9849739;1176;EXCHANGE
29.05.2025;15:05:38.448;ODAX.V.250529.CALL-U.000297;OPTION_VOLATILITY_STRATEGY;BLOCK;EUR;671088650;78.10000000;1;EXCHANGE_LAST;;1;1;XEUR;72062644920441260;1176;
29.05.2025;15:05:38.448;FDAX SI 20250620 CS;SIMPLE_INSTRUMENT;BLOCK;EUR;671088650;23995.00000000;21;PRC_DECOMP_EXCHANGE;;;;XEUR;7903800;1176;EXCHANGE
29.05.2025;15:05:38.448;ODAX SI 20250718 CS EU C 25600 0;SIMPLE_INSTRUMENT;BLOCK;EUR;671088650;78.10000000;830;PRC_DECOMP_EXCHANGE;;;;XEUR;13297487;1176;EXCHANGE
29.05.2025;15:36:52.531;OESB SI 20250815 CS EU C 210.0 0;SIMPLE_INSTRUMENT;BLOCK;EUR;26;5.15000000;12150;EXCHANGE_LAST;;1;1;XEUR;13416752;1195;
29.05.2025;15:37:05.162;OESB SI 20250815 CS EU P 177.0 0;SIMPLE_INSTRUMENT;BLOCK;EUR;27;2.50000000;6000;EXCHANGE_LAST;;1;1;XEUR;13416351;1195;
29.05.2025;08:21:13.853;OESB.V.250529.CALL-U.000012;OPTION_VOLATILITY_STRATEGY;BLOCK;EUR;603979780;3.85000000;60;EXCHANGE_LAST;;1;1;XEUR;72062726523986432;1195;
29.05.2025;08:21:13.853;FESB SI 20250620 CS;SIMPLE_INSTRUMENT;BLOCK;EUR;603979780;202.30000000;1560;PRC_DECOMP_EXCHANGE;;;;XEUR;11880665;1195;EXCHANGE
29.05.2025;08:21:13.853;OESB SI 20250919 CS EU C 220.0 0;SIMPLE_INSTRUMENT;BLOCK;EUR;603979780;3.85000000;6000;PRC_DECOMP_EXCHANGE;;;;XEUR;12795855;1195;EXCHANGE
29.05.2025;12:40:53.146;OESB.D.250529.000030;NON_STANDARD_OVS;BLOCK;EUR;603979796;105.00000000;60;EXCHANGE_LAST;;1;1;XEUR;72062726523986450;1195;
29.05.2025;12:40:53.146;OESB SI 20250919 CS EU P 165.0 0;SIMPLE_INSTRUMENT;BLOCK;EUR;603979796;2.10000000;6000;PRC_DECOMP_EXCHANGE;;;;XEUR;11368611;1195;EXCHANGE
29.05.2025;12:40:53.146;OESB SI 20250919 CS EU P 170.0 0;SIMPLE_INSTRUMENT;BLOCK;EUR;603979796;2.50000000;4500;PRC_DECOMP_EXCHANGE;;;;XEUR;11368604;1195;EXCHANGE
29.05.2025;12:40:53.146;OESB SI 20250919 CS EU P 170.0 0;SIMPLE_INSTRUMENT;BLOCK;EUR;603979796;2.55000000;3000;PRC_DECOMP_EXCHANGE;;;;XEUR;11368604;1195;EXCHANGE
29.05.2025;12:40:53.146;FESB SI 20250620 CS;SIMPLE_INSTRUMENT;BLOCK;EUR;603979796;203.15000000;360;PRC_DECOMP_EXCHANGE;;;;XEUR;11880665;1195;EXCHANGE
29.05.2025;12:37:38.674;OESB.V.250529.BUL-U.000031;OPTION_VOLATILITY_STRATEGY;BLOCK;EUR;603979797;2.15000000;60;EXCHANGE_LAST;;1;1;XEUR;72062726523986451;1195;
29.05.2025;12:37:38.674;OESB SI 20250919 CS EU C 230.0 0;SIMPLE_INSTRUMENT;BLOCK;EUR;603979797;1.60000000;6000;PRC_DECOMP_EXCHANGE;;;;XEUR;12884719;1195;EXCHANGE
29.05.2025;12:37:38.674;OESB SI 20250919 CS EU C 220.0 0;SIMPLE_INSTRUMENT;BLOCK;EUR;603979797;3.75000000;6000;PRC_DECOMP_EXCHANGE;;;;XEUR;12795855;1195;EXCHANGE
29.05.2025;12:37:38.674;FESB SI 20250620 CS;SIMPLE_INSTRUMENT;BLOCK;EUR;603979797;203.15000000;780;PRC_DECOMP_EXCHANGE;;;;XEUR;11880665;1195;EXCHANGE
29.05.2025;13:31:22.157;OESB.V.250529.PUT+U.000032;OPTION_VOLATILITY_STRATEGY;BLOCK;EUR;603979799;4.60000000;60;EXCHANGE_LAST;;1;1;XEUR;72062726523986452;1195;
29.05.2025;13:31:22.157;FESB SI 20250620 CS;SIMPLE_INSTRUMENT;BLOCK;EUR;603979799;201.45000000;1920;PRC_DECOMP_EXCHANGE;;;;XEUR;11880665;1195;EXCHANGE
29.05.2025;13:31:22.157;OESB SI 20250718 CS EU P 195.0 0;SIMPLE_INSTRUMENT;BLOCK;EUR;603979799;4.60000000;6000;PRC_DECOMP_EXCHANGE;;;;XEUR;13249197;1195;EXCHANGE
29.05.2025;07:40:24.240;OESX SI 20250530 CS EU C 5425 0;SIMPLE_INSTRUMENT;BLOCK;EUR;2;19.00000000;1000;EXCHANGE_LAST;;1;1;XEUR;12896911;1210;
29.05.2025;07:40:47.225;OESX SI 20250620 CS EU C 5475 0;SIMPLE_INSTRUMENT;BLOCK;EUR;3;57.30000000;1000;EXCHANGE_LAST;;1;1;XEUR;12453332;1210;
29.05.2025;08:22:53.390;OESX SI 20250606 CS EU P 5150 0;SIMPLE_INSTRUMENT;BLOCK;EUR;17;4.00000000;1500;EXCHANGE_LAST;;1;1;XEUR;13105058;1210;
29.05.2025;08:33:05.705;OESX SI 20250620 CS EU P 5250 0;SIMPLE_INSTRUMENT;BLOCK;EUR;21;32.00000000;1387;EXCHANGE_LAST;;1;1;XEUR;11283763;1210;
29.05.2025;08:38:42.515;OESX SI 20250919 CS EU C 5500 0;SIMPLE_INSTRUMENT;BLOCK;EUR;26;156.50000000;1463;EXCHANGE_LAST;;1;1;XEUR;9746593;1210;
29.05.2025;09:06:46.087;OESX SI 20250620 CS EU P 5400 0;SIMPLE_INSTRUMENT;BLOCK;EUR;29;73.00000000;1700;EXCHANGE_LAST;;1;1;XEUR;9298219;1210;
29.05.2025;09:06:49.362;OESX SI 20250718 CS EU P 5250 0;SIMPLE_INSTRUMENT;BLOCK;EUR;30;71.10000000;1000;EXCHANGE_LAST;;1;1;XEUR;11543508;1210;
29.05.2025;09:06:53.375;OESX SI 20250718 CS EU P 5250 0;SIMPLE_INSTRUMENT;BLOCK;EUR;31;70.80000000;1200;EXCHANGE_LAST;;1;1;XEUR;11543508;1210;
29.05.2025;10:11:06.078;OESX.O.250529.PLAD.000271;STANDARD_OPTION_STRATEGY;BLOCK;EUR;41;-0.50000000;20000;EXCHANGE_LAST;;8;1;XEUR;72062790950261749;1210;
29.05.2025;10:11:06.078;OESX SI 20250620 CS EU P 4500 0;SIMPLE_INSTRUMENT;BLOCK;EUR;41;3.20000000;20000;PRC_DECOMP_MEMBER;;;;XEUR;7798342;1210;MEMBER
29.05.2025;10:11:06.078;OESX SI 20250620 CS EU P 4700 0;SIMPLE_INSTRUMENT;BLOCK;EUR;41;4.80000000;20000;PRC_DECOMP_MEMBER;;;;XEUR;7798336;1210;MEMBER
