#Date;TrdTime;Contract;ContractType;TrdTyp;Currency;TesId;Prc;Qty;TrdInd;Aggressor;Buy;Sell;Exch;InstrumentId;RelatedProdId;PrcDecomp
29.01.2025;12:40:37.257;2FE SI 20260618 PS AM P 400.00 0;SIMPLE_INSTRUMENT;BLOCK;EUR;13;38.40000000;100;EXCHANGE_LAST;;1;1;XEUR;11340402;57129;
29.01.2025;10:06:15.817;A2SG SI 20251219 CS;SIMPLE_INSTRUMENT;BLOCK;EUR;19;1.49000000;400;EXCHANGE_LAST;;1;1;XEUR;5914262;14;
29.01.2025;09:08:10.067;A2SM SI 20251219 CS;SIMPLE_INSTRUMENT;BLOCK;EUR;2;6.70000000;475;EXCHANGE_LAST;;3;3;XEUR;5914264;15;
29.01.2025;11:20:24.768;A2SM SI 20251219 CS;SIMPLE_INSTRUMENT;BLOCK;EUR;32;6.70000000;150;EXCHANGE_LAST;;1;1;XEUR;5914264;15;
29.01.2025;14:42:17.604;ABBG SI 20250321 CS;SIMPLE_INSTRUMENT;BLOCK;CHF;74;51.34500000;4500;EXCHANGE_LAST;;1;1;XEUR;10736154;574520;
29.01.2025;11:03:12.496;ABBN SI 20250221 PS AM C 54.00 0;SIMPLE_INSTRUMENT;BLOCK;CHF;15;0.55000000;4000;EXCHANGE_LAST;;3;1;XEUR;12279663;574517;
29.01.2025;12:39:37.664;ABBN SI 20250620 PS AM C 53.00 0;SIMPLE_INSTRUMENT;BLOCK;CHF;35;2.01000000;2000;EXCHANGE_LAST;;1;1;XEUR;11849035;574517;
29.01.2025;13:22:01.836;ABBN SI 20250321 PS AM C 52.00 0;SIMPLE_INSTRUMENT;BLOCK;CHF;38;1.61000000;1343;EXCHANGE_LAST;;1;1;XEUR;10886859;574517;
29.01.2025;16:25:29.172;ABBN.O.250129.BER.000003;STANDARD_OPTION_STRATEGY;BLOCK;CHF;63;3.33000000;3000;EXCHANGE_LAST;;1;1;XEUR;74525125763937646;574517;
29.01.2025;16:25:29.172;ABBN SI 20250620 PS AM P 53.00 0;SIMPLE_INSTRUMENT;BLOCK;CHF;63;4.42000000;3000;PRC_DECOMP_EXCHANGE;;;;XEUR;11849029;574517;EXCHANGE
29.01.2025;16:25:29.172;ABBN SI 20250620 PS AM P 45.00 0;SIMPLE_INSTRUMENT;BLOCK;CHF;63;1.09000000;3000;PRC_DECOMP_EXCHANGE;;;;XEUR;11849021;574517;EXCHANGE
29.01.2025;09:31:35.671;ADEN SI 20250919 PS AM P 18.00 0;SIMPLE_INSTRUMENT;BLOCK;CHF;5;0.88000000;750;EXCHANGE_LAST;;1;1;XEUR;11870282;44;
29.01.2025;09:31:42.378;ADEN SI 20250919 PS AM P 18.00 0;SIMPLE_INSTRUMENT;BLOCK;CHF;6;0.89000000;750;EXCHANGE_LAST;;1;1;XEUR;11870282;44;
29.01.2025;12:18:06.584;ADEN.O.250129.COMBO.000004;STANDARD_OPTION_STRATEGY;BLOCK;CHF;30;1.60000000;2000;EXCHANGE_LAST;;1;1;XEUR;72057783016515704;44;
29.01.2025;12:18:06.584;ADEN SI 20250620 PS AM C 24.00 0;SIMPLE_INSTRUMENT;BLOCK;CHF;30;0.63000000;2000;PRC_DECOMP_EXCHANGE;;;;XEUR;7897565;44;EXCHANGE
29.01.2025;12:18:06.584;ADEN SI 20250620 PS AM P 22.00 0;SIMPLE_INSTRUMENT;BLOCK;CHF;30;2.23000000;2000;PRC_DECOMP_EXCHANGE;;;;XEUR;11347907;44;EXCHANGE
29.01.2025;09:03:51.796;AHOI SI 20250321 CS;SIMPLE_INSTRUMENT;BLOCK;EUR;1;34.11500000;3000;EXCHANGE_LAST;;1;1;XEUR;10721266;48791;
29.01.2025;11:06:41.318;AIR SI 20250620 PS AM C 170.00 0;SIMPLE_INSTRUMENT;BLOCK;EUR;18;6.13000000;300;EXCHANGE_LAST;;1;1;XEUR;11348793;64;
29.01.2025;11:06:43.638;AIR SI 20250620 PS AM P 160.00 0;SIMPLE_INSTRUMENT;BLOCK;EUR;19;5.31000000;300;EXCHANGE_LAST;;1;1;XEUR;11290294;64;
29.01.2025;12:27:10.991;ALV SI 20260619 PS AM P 280.00 0;SIMPLE_INSTRUMENT;BLOCK;EUR;1;16.94000000;800;EXCHANGE_LAST;;1;1;XEUR;9537500;74;
29.01.2025;12:29:27.691;ALV.O.250129.STD.000005;STANDARD_OPTION_STRATEGY;BLOCK;EUR;2;53.00000000;350;EXCHANGE_LAST;;1;1;XEUR;72057911865569183;74;
29.01.2025;12:29:27.691;ALV SI 20251219 PS AM C 280.00 0;SIMPLE_INSTRUMENT;BLOCK;EUR;2;42.24000000;350;PRC_DECOMP_EXCHANGE;;;;XEUR;5920783;74;EXCHANGE
29.01.2025;12:29:27.691;ALV SI 20251219 PS AM P 280.00 0;SIMPLE_INSTRUMENT;BLOCK;EUR;2;10.76000000;350;PRC_DECOMP_EXCHANGE;;;;XEUR;5920784;74;EXCHANGE
29.01.2025;09:08:42.337;ANN SI 20251219 PS AM P 24.00 0;SIMPLE_INSTRUMENT;BLOCK;EUR;2;1.42000000;2400;EXCHANGE_LAST;;1;1;XEUR;7733120;45202;
29.01.2025;09:08:52.055;ANN SI 20251219 PS AM P 24.00 0;SIMPLE_INSTRUMENT;BLOCK;EUR;3;1.43000000;1600;EXCHANGE_LAST;;1;1;XEUR;7733120;45202;
29.01.2025;08:24:07.241;ASM SI 20250321 PS AM C 790.00 0;SIMPLE_INSTRUMENT;BLOCK;EUR;1;16.50000000;300;EXCHANGE_LAST;;1;1;XEUR;12432556;107;
29.01.2025;08:25:00.767;ASM SI 20250221 PS AM C 840.00 0;SIMPLE_INSTRUMENT;BLOCK;EUR;2;2.45000000;300;EXCHANGE_LAST;;1;1;XEUR;12338948;107;
29.01.2025;11:25:43.793;ASM SI 20250620 PS AM P 680.00 0;SIMPLE_INSTRUMENT;BLOCK;EUR;7;50.64000000;200;EXCHANGE_LAST;;1;1;XEUR;11349933;107;
29.01.2025;13:19:21.670;ASM.O.250129.BRT.000010;STANDARD_OPTION_STRATEGY;BLOCK;EUR;14;50.70000000;250;EXCHANGE_LAST;;1;1;XEUR;72058053599446369;107;
29.01.2025;13:19:21.670;ASM SI 20251219 PS AM P 680.00 0;SIMPLE_INSTRUMENT;BLOCK;EUR;14;83.48000000;250;PRC_DECOMP_EXCHANGE;;;;XEUR;12432513;107;EXCHANGE
29.01.2025;13:19:21.670;ASM SI 20250321 PS AM P 680.00 0;SIMPLE_INSTRUMENT;BLOCK;EUR;14;32.78000000;250;PRC_DECOMP_EXCHANGE;;;;XEUR;10830128;107;EXCHANGE
29.01.2025;09:57:14.988;AXA SI 20251219 PS AM P 34.00 0;SIMPLE_INSTRUMENT;BLOCK;EUR;13;2.10000000;2500;EXCHANGE_LAST;;1;1;XEUR;11960008;127;
29.01.2025;12:43:50.690;AXA SI 20261218 PS AM C 40.00 0;SIMPLE_INSTRUMENT;BLOCK;EUR;26;1.79000000;2000;EXCHANGE_LAST;;1;1;XEUR;7227098;127;
29.01.2025;13:03:16.221;AXA.O.250129.PDIA.000001;STANDARD_OPTION_STRATEGY;BLOCK;EUR;27;1.70000000;13500;EXCHANGE_LAST;;1;1;XEUR;72058139498795259;127;
29.01.2025;13:03:16.221;AXA SI 20251219 PS AM P 28.00 0;SIMPLE_INSTRUMENT;BLOCK;EUR;27;0.60000000;13500;PRC_DECOMP_MEMBER;;;;XEUR;5921734;127;MEMBER
29.01.2025;13:03:16.221;AXA SI 20260619 PS AM P 32.00 0;SIMPLE_INSTRUMENT;BLOCK;EUR;27;2.30000000;13500;PRC_DECOMP_MEMBER;;;;XEUR;9538765;127;MEMBER
29.01.2025;15:03:08.109;B2MW SI 20261218 CS;SIMPLE_INSTRUMENT;BLOCK;EUR;80;4.15000000;100;EXCHANGE_LAST;;2;1;XEUR;4632168;128;
29.01.2025;09:08:59.061;B2NP SI 20271217 CS;SIMPLE_INSTRUMENT;BLOCK;EUR;3;4.23000000;500;EXCHANGE_LAST;;1;1;XEUR;7086925;131;
29.01.2025;09:08:54.703;B2NP SI 20271217 CS;SIMPLE_INSTRUMENT;BLOCK;EUR;5;4.24000000;500;EXCHANGE_LAST;;1;1;XEUR;7086925;131;
29.01.2025;09:40:31.945;B2NP SI 20261218 CS;SIMPLE_INSTRUMENT;BLOCK;EUR;8;4.80000000;300;EXCHANGE_LAST;;1;1;XEUR;6798320;131;
29.01.2025;10:27:52.771;B2NP SI 20261218 CS;SIMPLE_INSTRUMENT;BLOCK;EUR;20;4.82000000;270;EXCHANGE_LAST;;1;1;XEUR;6798320;131;
29.01.2025;11:24:07.131;B2NP SI 20251219 CS;SIMPLE_INSTRUMENT;BLOCK;EUR;33;5.39000000;100;EXCHANGE_LAST;;1;1;XEUR;5914355;131;
29.01.2025;11:43:25.903;B2NP SI 20251219 CS;SIMPLE_INSTRUMENT;BLOCK;EUR;39;5.39000000;250;EXCHANGE_LAST;;1;1;XEUR;5914355;131;
29.01.2025;12:00:32.768;B2NP SI 20261218 CS;SIMPLE_INSTRUMENT;BLOCK;EUR;42;4.86000000;100;EXCHANGE_LAST;;1;1;XEUR;6798320;131;
29.01.2025;12:14:52.080;B2NP SI 20251219 CS;SIMPLE_INSTRUMENT;BLOCK;EUR;44;5.40000000;100;EXCHANGE_LAST;;1;1;XEUR;5914355;131;
29.01.2025;12:26:12.334;B2NP SI 20261218 CS;SIMPLE_INSTRUMENT;BLOCK;EUR;47;4.87000000;250;EXCHANGE_LAST;;1;1;XEUR;6798320;131;
29.01.2025;15:38:45.904;B2NP SI 20251219 CS;SIMPLE_INSTRUMENT;BLOCK;EUR;89;5.44000000;50;EXCHANGE_LAST;;1;1;XEUR;5914355;131;
29.01.2025;16:33:18.016;BAEN SI 20250620 PS AM C 64.00 0;SIMPLE_INSTRUMENT;BLOCK;CHF;65;3.32000000;2130;EXCHANGE_LAST;;1;1;XEUR;11350944;159;
29.01.2025;16:33:18.019;BAEN SI 20250620 PS AM C 64.00 0;SIMPLE_INSTRUMENT;BLOCK;CHF;66;3.31000000;870;EXCHANGE_LAST;;1;1;XEUR;11350944;159;
29.01.2025;10:25:45.687;BARN SI 20250620 PS AM P 960.00 0;SIMPLE_INSTRUMENT;BLOCK;CHF;13;37.46000000;300;EXCHANGE_LAST;;1;1;XEUR;9539090;149;
29.01.2025;10:25:46.467;BARN SI 20250620 PS AM P 520.00 0;SIMPLE_INSTRUMENT;BLOCK;CHF;14;0.82000000;900;EXCHANGE_LAST;;1;1;XEUR;12597361;149;
29.01.2025;10:59:08.159;BARN SI 20250620 PS AM P 880.00 0;SIMPLE_INSTRUMENT;BLOCK;CHF;16;15.85000000;800;EXCHANGE_LAST;;1;1;XEUR;9617213;149;
29.01.2025;10:59:09.883;BARN SI 20250620 PS AM P 600.00 0;SIMPLE_INSTRUMENT;BLOCK;CHF;17;1.85000000;800;EXCHANGE_LAST;;1;1;XEUR;12577708;149;
29.01.2025;13:08:13.030;BARN SI 20251219 PS AM P 920.00 0;SIMPLE_INSTRUMENT;BLOCK;CHF;36;52.00000000;400;EXCHANGE_LAST;;2;1;XEUR;12433090;149;
29.01.2025;11:19:51.445;BAS SI 20250221 PS AM C 48.00 0;SIMPLE_INSTRUMENT;BLOCK;EUR;1;0.81000000;1000;EXCHANGE_LAST;;2;2;XEUR;12238967;150;
29.01.2025;16:17:32.252;BAS.O.250129.STD.000014;STANDARD_OPTION_STRATEGY;BLOCK;EUR;5;2.53000000;500;EXCHANGE_LAST;;1;1;XEUR;72058238283091549;150;
29.01.2025;16:17:32.252;BAS SI 20250221 PS AM C 48.00 0;SIMPLE_INSTRUMENT;BLOCK;EUR;5;0.71000000;500;PRC_DECOMP_EXCHANGE;;;;XEUR;12238967;150;EXCHANGE
29.01.2025;16:17:32.252;BAS SI 20250221 PS AM P 48.00 0;SIMPLE_INSTRUMENT;BLOCK;EUR;5;1.82000000;500;PRC_DECOMP_EXCHANGE;;;;XEUR;12238966;150;EXCHANGE
29.01.2025;16:46:53.018;BAS.O.250129.BLT.000015;STANDARD_OPTION_STRATEGY;BLOCK;EUR;6;1.15000000;500;EXCHANGE_LAST;;1;1;XEUR;72058238283091550;150;
29.01.2025;16:46:53.018;BAS SI 20251219 PS AM C 48.00 0;SIMPLE_INSTRUMENT;BLOCK;EUR;6;3.43000000;500;PRC_DECOMP_EXCHANGE;;;;XEUR;5922203;150;EXCHANGE
29.01.2025;16:46:53.018;BAS SI 20250620 PS AM C 48.00 0;SIMPLE_INSTRUMENT;BLOCK;EUR;6;2.28000000;500;PRC_DECOMP_EXCHANGE;;;;XEUR;7898967;150;EXCHANGE
29.01.2025;14:16:36.039;BAY.O.250129.CDIA.000009;STANDARD_OPTION_STRATEGY;BLOCK;EUR;4;0.01000000;854;EXCHANGE_LAST;;1;1;XEUR;72058315592508358;168;
29.01.2025;14:16:36.039;BAY SI 20250221 PS AM C 19.60 0;SIMPLE_INSTRUMENT;BLOCK;EUR;4;2.02000000;854;PRC_DECOMP_EXCHANGE;;;;XEUR;12239204;168;EXCHANGE
29.01.2025;14:16:36.039;BAY SI 20250131 PS AM C 19.40 0;SIMPLE_INSTRUMENT;BLOCK;EUR;4;2.01000000;854;PRC_DECOMP_EXCHANGE;;;;XEUR;12433642;168;EXCHANGE
29.01.2025;10:16:33.526;BMW.O.250129.STG.000002;STANDARD_OPTION_STRATEGY;BLOCK;EUR;6;3.50000000;700;EXCHANGE_LAST;;1;1;XEUR;72058495981109238;210;
29.01.2025;10:16:33.526;BMW SI 20250221 PS AM P 78.00 0;SIMPLE_INSTRUMENT;BLOCK;EUR;6;1.79000000;700;PRC_DECOMP_EXCHANGE;;;;XEUR;12239983;210;EXCHANGE
29.01.2025;10:16:33.526;BMW SI 20250221 PS AM C 81.00 0;SIMPLE_INSTRUMENT;BLOCK;EUR;6;1.71000000;700;PRC_DECOMP_EXCHANGE;;;;XEUR;12339274;210;EXCHANGE
29.01.2025;11:39:02.535;BMW SI 20250321 PS AM P 78.00 0;SIMPLE_INSTRUMENT;BLOCK;EUR;11;3.05000000;400;EXCHANGE_LAST;;1;1;XEUR;12434863;210;
29.01.2025;09:57:10.107;BNP.O.250129.BRT.000002;STANDARD_OPTION_STRATEGY;BLOCK;EUR;12;3.62000000;2000;EXCHANGE_LAST;;1;1;XEUR;72058611945199838;237;
29.01.2025;09:57:10.107;BNP SI 20260619 PS AM P 64.00 0;SIMPLE_INSTRUMENT;BLOCK;EUR;12;9.73000000;2000;PRC_DECOMP_MEMBER;;;;XEUR;9541709;237;MEMBER
29.01.2025;09:57:10.107;BNP SI 20250919 PS AM P 64.00 0;SIMPLE_INSTRUMENT;BLOCK;EUR;12;6.11000000;2000;PRC_DECOMP_MEMBER;;;;XEUR;11875028;237;MEMBER
29.01.2025;10:41:26.585;BNP SI 20250321 PS AM C 69.00 0;SIMPLE_INSTRUMENT;BLOCK;EUR;15;0.91000000;2450;EXCHANGE_LAST;;1;1;XEUR;12536827;237;
29.01.2025;10:41:36.586;BNP SI 20250321 PS AM C 69.00 0;SIMPLE_INSTRUMENT;BLOCK;EUR;16;0.90000000;1050;EXCHANGE_LAST;;1;1;XEUR;12536827;237;
29.01.2025;13:19:41.636;BNP.O.250129.COMBO.000004;STANDARD_OPTION_STRATEGY;BLOCK;EUR;28;2.75000000;2000;EXCHANGE_LAST;;1;2;XEUR;72058611945199840;237;
29.01.2025;13:19:41.636;BNP SI 20251219 PS AM C 70.00 0;SIMPLE_INSTRUMENT;BLOCK;EUR;28;2.21000000;2000;PRC_DECOMP_EXCHANGE;;;;XEUR;12372401;237;EXCHANGE
29.01.2025;13:19:41.636;BNP SI 20251219 PS AM P 60.00 0;SIMPLE_INSTRUMENT;BLOCK;EUR;28;4.96000000;2000;PRC_DECOMP_EXCHANGE;;;;XEUR;5995681;237;EXCHANGE
29.01.2025;15:28:08.191;BSNH SI 20250321 CS;SIMPLE_INSTRUMENT;BLOCK;EUR;84;67.29000000;1500;EXCHANGE_LAST;;1;1;XEUR;10696288;274;
29.01.2025;09:01:46.585;BYG SI 20251219 PS AM P 26.00 0;SIMPLE_INSTRUMENT;BLOCK;EUR;7;0.98000000;4000;EXCHANGE_LAST;;1;1;XEUR;11675710;280;
29.01.2025;16:01:49.768;C4RI SI 20271217 CS;SIMPLE_INSTRUMENT;BLOCK;EUR;98;2.65000000;200;EXCHANGE_LAST;;1;2;XEUR;8408414;50862;
29.01.2025;11:49:06.356;CBK.O.250129.STD.000005;STANDARD_OPTION_STRATEGY;BLOCK;EUR;6;2.36000000;4000;EXCHANGE_LAST;;2;1;XEUR;72058745089203443;268;
29.01.2025;11:49:06.356;CBK SI 20250417 PS AM C 17.00 0;SIMPLE_INSTRUMENT;BLOCK;EUR;6;1.95000000;4000;PRC_DECOMP_EXCHANGE;;;;XEUR;12617452;268;EXCHANGE
29.01.2025;11:49:06.356;CBK SI 20250417 PS AM P 17.00 0;SIMPLE_INSTRUMENT;BLOCK;EUR;6;0.41000000;4000;PRC_DECOMP_EXCHANGE;;;;XEUR;12617368;268;EXCHANGE
29.01.2025;16:39:26.727;CBK FI 20250919 PS AM C 21.0000 0;FLEXIBLE_INSTRUMENT;BLOCK;EUR;12;0.70000000;15000;EXCHANGE_LAST;;1;1;XEUR;1152922655658096368;268;
29.01.2025;16:42:34.049;CBK SI 20250919 PS AM C 19.00 0;SIMPLE_INSTRUMENT;BLOCK;EUR;13;1.41000000;30000;EXCHANGE_LAST;;1;1;XEUR;11875664;268;
29.01.2025;16:42:36.431;CBK SI 20250919 PS AM C 17.00 0;SIMPLE_INSTRUMENT;BLOCK;EUR;14;2.55000000;15000;EXCHANGE_LAST;;1;1;XEUR;11875653;268;
29.01.2025;16:42:36.667;CBK SI 20250919 PS AM P 13.20 0;SIMPLE_INSTRUMENT;BLOCK;EUR;15;0.37000000;15000;EXCHANGE_LAST;;1;1;XEUR;12582813;268;
29.01.2025;16:42:37.262;CBK SI 20250919 PS AM P 15.00 0;SIMPLE_INSTRUMENT;BLOCK;EUR;16;0.63000000;11250;EXCHANGE_LAST;;1;1;XEUR;11875640;268;
29.01.2025;16:42:39.337;CBK SI 20250919 PS AM P 15.00 0;SIMPLE_INSTRUMENT;BLOCK;EUR;17;0.65000000;3750;EXCHANGE_LAST;;1;1;XEUR;11875640;268;
29.01.2025;10:08:09.188;CGM SI 20250620 PS AM P 160.00 0;SIMPLE_INSTRUMENT;BLOCK;EUR;14;8.10000000;1550;EXCHANGE_LAST;;1;3;XEUR;7900821;317;
29.01.2025;15:36:39.600;CGMF SI 20250321 CS;SIMPLE_INSTRUMENT;BLOCK;EUR;86;172.74000000;500;EXCHANGE_LAST;;1;1;XEUR;10696787;318;
29.01.2025;09:49:16.262;DAI SI 20250321 PS AM C 60.00 0;SIMPLE_INSTRUMENT;BLOCK;EUR;3;1.96000000;3500;EXCHANGE_LAST;;3;2;XEUR;10884520;443196;
29.01.2025;10:56:14.257;DBK SI 20250321 PS AM C 20.00 0;SIMPLE_INSTRUMENT;BLOCK;EUR;3;0.65000000;7000;EXCHANGE_LAST;;2;2;XEUR;10835588;362;
29.01.2025;14:54:59.643;DBK SI 20260619 PS AM P 14.00 0;SIMPLE_INSTRUMENT;BLOCK;EUR;9;0.86000000;2500;EXCHANGE_LAST;;1;1;XEUR;9544013;362;
29.01.2025;14:09:49.525;DTE SI 20250221 PS AM C 30.00 0;SIMPLE_INSTRUMENT;BLOCK;EUR;17;1.68000000;2699;EXCHANGE_LAST;;1;1;XEUR;12242888;424;
29.01.2025;14:09:50.187;DTE SI 20250221 PS AM C 31.50 0;SIMPLE_INSTRUMENT;BLOCK;EUR;18;0.61000000;2699;EXCHANGE_LAST;;1;1;XEUR;12243005;424;
29.01.2025;16:34:14.579;DTE.O.250129.COMBO.000024;STANDARD_OPTION_STRATEGY;BLOCK;EUR;23;-0.25000000;7000;EXCHANGE_LAST;;2;1;XEUR;72059415104107445;424;
29.01.2025;16:34:14.579;DTE SI 20251219 PS AM C 36.00 0;SIMPLE_INSTRUMENT;BLOCK;EUR;23;0.79000000;7000;PRC_DECOMP_EXCHANGE;;;;XEUR;8215292;424;EXCHANGE
29.01.2025;16:34:14.579;DTE SI 20251219 PS AM P 26.00 0;SIMPLE_INSTRUMENT;BLOCK;EUR;23;0.54000000;7000;PRC_DECOMP_EXCHANGE;;;;XEUR;12057162;424;EXCHANGE
29.01.2025;14:36:29.123;DTG SI 20250417 PS AM C 48.00 0;SIMPLE_INSTRUMENT;BLOCK;EUR;17;0.60000000;1083;EXCHANGE_LAST;;1;1;XEUR;12676615;455942;
29.01.2025;14:36:33.124;DTG SI 20250417 PS AM C 48.00 0;SIMPLE_INSTRUMENT;BLOCK;EUR;18;0.65000000;2729;EXCHANGE_LAST;;1;1;XEUR;12676615;455942;
29.01.2025;09:46:07.272;E2NL SI 20250321 CS;SIMPLE_INSTRUMENT;BLOCK;EUR;10;0.21500000;4375;EXCHANGE_LAST;;1;1;XEUR;10403435;471;
29.01.2025;09:47:22.082;E2NL SI 20250321 CS;SIMPLE_INSTRUMENT;BLOCK;EUR;13;0.21500000;4375;EXCHANGE_LAST;;1;1;XEUR;10403435;471;
29.01.2025;14:05:30.687;E2NT SI 20261218 CS;SIMPLE_INSTRUMENT;BLOCK;EUR;65;0.99000000;100;EXCHANGE_LAST;;1;1;XEUR;4632357;470;
29.01.2025;14:24:41.112;E2NT SI 20281215 CS;SIMPLE_INSTRUMENT;BLOCK;EUR;67;0.84000000;600;EXCHANGE_LAST;;1;1;XEUR;6802271;470;
29.01.2025;14:33:12.588;E2NT SI 20261218 CS;SIMPLE_INSTRUMENT;BLOCK;EUR;73;0.99000000;500;EXCHANGE_LAST;;1;1;XEUR;4632357;470;
29.01.2025;08:50:04.961;EAD SI 20250620 PS AM C 185.00 0;SIMPLE_INSTRUMENT;BLOCK;EUR;3;4.10000000;2000;EXCHANGE_LAST;;1;3;XEUR;12602530;465;
29.01.2025;15:09:26.232;ELQD SI 20250321 PS EU P 97.50 0;SIMPLE_INSTRUMENT;BLOCK;USD;6;0.30000000;5000;EXCHANGE_LAST;;1;1;XEUR;10875984;217219;
29.01.2025;09:46:06.002;ENLH SI 20250320 CS;SIMPLE_INSTRUMENT;BLOCK;EUR;9;6.81860000;10000;EXCHANGE_LAST;;1;1;XEUR;10690796;524976;
29.01.2025;09:46:41.523;ENLH SI 20250320 CS;SIMPLE_INSTRUMENT;BLOCK;EUR;11;6.80660000;10000;EXCHANGE_LAST;;1;1;XEUR;10690796;524976;
29.01.2025;11:26:44.015;ENLH SI 20250320 CS;SIMPLE_INSTRUMENT;BLOCK;EUR;35;6.79500000;2000;EXCHANGE_LAST;;1;1;XEUR;10690796;524976;
29.01.2025;11:55:07.555;ENR SI 20250321 PS AM C 56.00 0;SIMPLE_INSTRUMENT;BLOCK;EUR;7;4.05000000;250;EXCHANGE_LAST;;1;1;XEUR;12137781;298530;
29.01.2025;12:19:47.581;ENR.O.250129.BRT.000006;STANDARD_OPTION_STRATEGY;BLOCK;EUR;8;1.15000000;1500;EXCHANGE_LAST;;1;1;XEUR;73339770624817837;298530;
29.01.2025;12:19:47.581;ENR SI 20250321 PS AM P 54.00 0;SIMPLE_INSTRUMENT;BLOCK;EUR;8;4.89000000;1500;PRC_DECOMP_EXCHANGE;;;;XEUR;12484033;298530;EXCHANGE
29.01.2025;12:19:47.581;ENR SI 20250221 PS AM P 54.00 0;SIMPLE_INSTRUMENT;BLOCK;EUR;8;3.74000000;1500;PRC_DECOMP_EXCHANGE;;;;XEUR;12273417;298530;EXCHANGE
29.01.2025;13:09:06.931;ENR SI 20250321 PS AM C 60.00 0;SIMPLE_INSTRUMENT;BLOCK;EUR;10;2.76000000;1500;EXCHANGE_LAST;;1;1;XEUR;12193252;298530;
29.01.2025;13:09:21.576;ENR SI 20250321 PS AM C 60.00 0;SIMPLE_INSTRUMENT;BLOCK;EUR;11;2.75000000;1500;EXCHANGE_LAST;;1;1;XEUR;12193252;298530;
29.01.2025;13:09:40.371;ENR SI 20250321 PS AM C 70.00 0;SIMPLE_INSTRUMENT;BLOCK;EUR;12;0.99000000;4500;EXCHANGE_LAST;;1;1;XEUR;12573860;298530;
29.01.2025;13:56:58.678;ENR SI 20251219 PS AM P 42.00 0;SIMPLE_INSTRUMENT;BLOCK;EUR;14;4.50000000;2000;EXCHANGE_LAST;;1;1;XEUR;12483990;298530;
29.01.2025;14:23:50.672;ENR SI 20250321 PS AM C 60.00 0;SIMPLE_INSTRUMENT;BLOCK;EUR;19;2.75000000;4700;EXCHANGE_LAST;;1;1;XEUR;12193252;298530;
29.01.2025;14:24:20.867;ENR SI 20250321 PS AM C 70.00 0;SIMPLE_INSTRUMENT;BLOCK;EUR;20;0.97000000;7050;EXCHANGE_LAST;;1;1;XEUR;12573860;298530;
29.01.2025;10:34:44.132;F3TE SI 20281215 CS;SIMPLE_INSTRUMENT;BLOCK;EUR;22;0.61500000;500;EXCHANGE_LAST;;1;1;XEUR;6830366;390379;
29.01.2025;15:45:32.193;F3TE SI 20251219 CS;SIMPLE_INSTRUMENT;BLOCK;EUR;92;0.74800000;500;EXCHANGE_LAST;;1;1;XEUR;6633903;390379;
29.01.2025;15:45:41.691;F3TE SI 20251219 CS;SIMPLE_INSTRUMENT;BLOCK;EUR;93;0.74700000;500;EXCHANGE_LAST;;1;1;XEUR;6633903;390379;
29.01.2025;16:29:11.063;F3TE SI 20271217 CS;SIMPLE_INSTRUMENT;BLOCK;EUR;105;0.67500000;750;EXCHANGE_LAST;;2;1;XEUR;6633916;390379;
29.01.2025;09:09:50.306;FBTP SI 20250306 PS;SIMPLE_INSTRUMENT;EFP_FIN;EUR;1;119.28000000;70;EXCHANGE_LAST;;1;1;XEUR;11286675;636;
29.01.2025;10:32:47.172;FBTP SI 20250306 PS;SIMPLE_INSTRUMENT;BLOCK;EUR;2;119.28000000;1124;EXCHANGE_LAST;;1;1;XEUR;11286675;636;
29.01.2025;10:37:08.271;FBTP SI 20250306 PS;SIMPLE_INSTRUMENT;EFP_FIN;EUR;3;119.30000000;339;EXCHANGE_LAST;;1;1;XEUR;11286675;636;
29.01.2025;11:03:57.425;FBTP SI 20250306 PS;SIMPLE_INSTRUMENT;EFP_FIN;EUR;4;119.32000000;457;EXCHANGE_LAST;;1;1;XEUR;11286675;636;
29.01.2025;11:15:34.066;FBTP SI 20250306 PS;SIMPLE_INSTRUMENT;EFP_FIN;EUR;5;119.32000000;50;EXCHANGE_LAST;;1;1;XEUR;11286675;636;
29.01.2025;11:17:26.669;FBTP SI 20250306 PS;SIMPLE_INSTRUMENT;EFP_FIN;EUR;6;119.32000000;90;EXCHANGE_LAST;;1;1;XEUR;11286675;636;
29.01.2025;11:42:16.702;FBTP SI 20250306 PS;SIMPLE_INSTRUMENT;EFP_FIN;EUR;7;119.30000000;149;EXCHANGE_LAST;;1;1;XEUR;11286675;636;
29.01.2025;12:01:28.089;FBTP SI 20250306 PS;SIMPLE_INSTRUMENT;BLOCK;EUR;8;119.14000000;1752;EXCHANGE_LAST;;1;1;XEUR;11286675;636;
29.01.2025;12:46:01.215;FBTP SI 20250306 PS;SIMPLE_INSTRUMENT;EFP_FIN;EUR;9;119.27000000;1102;EXCHANGE_LAST;;1;1;XEUR;11286675;636;
29.01.2025;13:25:59.559;FBTP SI 20250306 PS;SIMPLE_INSTRUMENT;EFP_FIN;EUR;10;119.18000000;242;EXCHANGE_LAST;;1;1;XEUR;11286675;636;
29.01.2025;13:35:53.919;FBTP SI 20250306 PS;SIMPLE_INSTRUMENT;EFP_FIN;EUR;11;119.16000000;478;EXCHANGE_LAST;;1;1;XEUR;11286675;636;
29.01.2025;13:38:35.813;FBTP SI 20250306 PS;SIMPLE_INSTRUMENT;EFP_FIN;EUR;12;119.19000000;170;EXCHANGE_LAST;;1;1;XEUR;11286675;636;
29.01.2025;13:39:13.665;FBTP SI 20250306 PS;SIMPLE_INSTRUMENT;EFP_FIN;EUR;13;119.19000000;1791;EXCHANGE_LAST;;1;1;XEUR;11286675;636;
29.01.2025;13:44:21.903;FBTP SI 20250306 PS;SIMPLE_INSTRUMENT;EFP_FIN;EUR;14;119.18000000;145;EXCHANGE_LAST;;1;1;XEUR;11286675;636;
29.01.2025;13:59:36.447;FBTP SI 20250306 PS;SIMPLE_INSTRUMENT;EFP_FIN;EUR;15;119.13000000;917;EXCHANGE_LAST;;1;1;XEUR;11286675;636;
29.01.2025;14:08:39.071;FBTP SI 20250306 PS;SIMPLE_INSTRUMENT;EFP_FIN;EUR;16;119.15000000;224;EXCHANGE_LAST;;1;1;XEUR;11286675;636;
29.01.2025;14:24:00.196;FBTP SI 20250306 PS;SIMPLE_INSTRUMENT;EFP_FIN;EUR;17;119.22000000;99;EXCHANGE_LAST;;1;1;XEUR;11286675;636;
29.01.2025;14:25:30.759;FBTP SI 20250306 PS;SIMPLE_INSTRUMENT;EFP_FIN;EUR;18;119.16000000;484;EXCHANGE_LAST;;1;1;XEUR;11286675;636;
29.01.2025;14:40:22.373;FBTP SI 20250306 PS;SIMPLE_INSTRUMENT;EFP_FIN;EUR;19;119.17000000;226;EXCHANGE_LAST;;1;1;XEUR;11286675;636;
29.01.2025;14:57:06.817;FBTP SI 20250306 PS;SIMPLE_INSTRUMENT;BLOCK;EUR;20;119.14000000;1000;EXCHANGE_LAST;;1;1;XEUR;11286675;636;
29.01.2025;15:02:24.539;FBTP SI 20250306 PS;SIMPLE_INSTRUMENT;EFP_FIN;EUR;21;119.14000000;277;EXCHANGE_LAST;;1;1;XEUR;11286675;636;
29.01.2025;15:18:29.531;FBTP SI 20250306 PS;SIMPLE_INSTRUMENT;EFP_FIN;EUR;22;119.18000000;137;EXCHANGE_LAST;;1;1;XEUR;11286675;636;
29.01.2025;15:40:19.935;FBTP SI 20250306 PS;SIMPLE_INSTRUMENT;EFP_FIN;EUR;23;119.13000000;50;EXCHANGE_LAST;;1;1;XEUR;11286675;636;
29.01.2025;15:56:03.788;FBTP SI 20250306 PS;SIMPLE_INSTRUMENT;EFP_FIN;EUR;24;119.15000000;507;EXCHANGE_LAST;;1;1;XEUR;11286675;636;
29.01.2025;16:07:29.826;FBTP SI 20250306 PS;SIMPLE_INSTRUMENT;EFP_FIN;EUR;25;118.97000000;99;EXCHANGE_LAST;;1;1;XEUR;11286675;636;
29.01.2025;16:13:50.905;FBTP SI 20250306 PS;SIMPLE_INSTRUMENT;BLOCK;EUR;26;118.96000000;339;EXCHANGE_LAST;;1;1;XEUR;11286675;636;
29.01.2025;16:46:21.458;FBTP SI 20250306 PS;SIMPLE_INSTRUMENT;BLOCK;EUR;27;118.95000000;870;EXCHANGE_LAST;;1;1;XEUR;11286675;636;
29.01.2025;10:14:00.891;FBTP SI 20250306 PS;SIMPLE_INSTRUMENT;VOLA;EUR;268435473;119.38000000;26;EXCHANGE_LAST;;1;1;XEUR;11286675;636;
29.01.2025;10:11:53.276;FBTS SI 20250306 PS;SIMPLE_INSTRUMENT;EFP_FIN;EUR;3;107.13000000;2044;EXCHANGE_LAST;;1;1;XEUR;11286677;639;
29.01.2025;10:17:18.895;FBTS SI 20250306 PS;SIMPLE_INSTRUMENT;EFP_FIN;EUR;5;107.13000000;153;EXCHANGE_LAST;;1;1;XEUR;11286677;639;
29.01.2025;10:23:44.594;FBTS SI 20250306 PS;SIMPLE_INSTRUMENT;BLOCK;EUR;6;107.13000000;635;EXCHANGE_LAST;;1;1;XEUR;11286677;639;
29.01.2025;10:28:52.123;FBTS SI 20250306 PS;SIMPLE_INSTRUMENT;EFP_FIN;EUR;8;107.12000000;2113;EXCHANGE_LAST;;1;1;XEUR;11286677;639;
29.01.2025;10:36:29.341;FBTS SI 20250306 PS;SIMPLE_INSTRUMENT;EFP_FIN;EUR;9;107.12000000;2113;EXCHANGE_LAST;;1;1;XEUR;11286677;639;
29.01.2025;10:38:44.025;FBTS SI 20250306 PS;SIMPLE_INSTRUMENT;EFP_FIN;EUR;10;107.12000000;1057;EXCHANGE_LAST;;1;1;XEUR;11286677;639;
29.01.2025;10:53:38.847;FBTS SI 20250306 PS;SIMPLE_INSTRUMENT;EFP_FIN;EUR;11;107.14000000;441;EXCHANGE_LAST;;1;1;XEUR;11286677;639;
29.01.2025;10:53:55.620;FBTS SI 20250306 PS;SIMPLE_INSTRUMENT;EFP_FIN;EUR;12;107.14000000;441;EXCHANGE_LAST;;1;1;XEUR;11286677;639;
29.01.2025;10:54:16.597;FBTS SI 20250306 PS;SIMPLE_INSTRUMENT;EFP_FIN;EUR;13;107.14000000;441;EXCHANGE_LAST;;1;1;XEUR;11286677;639;
29.01.2025;10:57:18.724;FBTS SI 20250306 PS;SIMPLE_INSTRUMENT;EFP_FIN;EUR;14;107.13000000;441;EXCHANGE_LAST;;1;1;XEUR;11286677;639;
29.01.2025;11:14:12.666;FBTS SI 20250306 PS;SIMPLE_INSTRUMENT;EFP_FIN;EUR;15;107.12000000;441;EXCHANGE_LAST;;1;1;XEUR;11286677;639;
29.01.2025;11:47:06.546;FBTS SI 20250306 PS;SIMPLE_INSTRUMENT;EFS;EUR;16;107.12000000;3000;EXCHANGE_LAST;;1;1;XEUR;11286677;639;
29.01.2025;12:03:10.598;FBTS SI 20250306 PS;SIMPLE_INSTRUMENT;BLOCK;EUR;17;107.12000000;278;EXCHANGE_LAST;;1;1;XEUR;11286677;639;
29.01.2025;12:32:20.956;FBTS SI 20250306 PS;SIMPLE_INSTRUMENT;BLOCK;EUR;19;107.12000000;227;EXCHANGE_LAST;;1;1;XEUR;11286677;639;
29.01.2025;12:36:43.980;FBTS SI 20250306 PS;SIMPLE_INSTRUMENT;BLOCK;EUR;20;107.12000000;454;EXCHANGE_LAST;;1;1;XEUR;11286677;639;
29.01.2025;12:45:36.315;FBTS SI 20250306 PS;SIMPLE_INSTRUMENT;EFP_FIN;EUR;21;107.12000000;1108;EXCHANGE_LAST;;1;1;XEUR;11286677;639;
29.01.2025;13:16:07.070;FBTS SI 20250306 PS;SIMPLE_INSTRUMENT;BLOCK;EUR;22;107.12000000;686;EXCHANGE_LAST;;1;1;XEUR;11286677;639;
29.01.2025;13:51:07.371;FBTS SI 20250306 PS;SIMPLE_INSTRUMENT;EFP_FIN;EUR;23;107.13000000;276;EXCHANGE_LAST;;1;1;XEUR;11286677;639;
29.01.2025;14:05:15.491;FBTS SI 20250306 PS;SIMPLE_INSTRUMENT;EFP_FIN;EUR;24;107.12000000;145;EXCHANGE_LAST;;1;1;XEUR;11286677;639;
29.01.2025;14:12:46.630;FBTS SI 20250306 PS;SIMPLE_INSTRUMENT;EFP_FIN;EUR;25;107.12000000;1100;EXCHANGE_LAST;;1;1;XEUR;11286677;639;
29.01.2025;14:15:41.789;FBTS SI 20250306 PS;SIMPLE_INSTRUMENT;EFP_FIN;EUR;26;107.13000000;1119;EXCHANGE_LAST;;1;1;XEUR;11286677;639;
29.01.2025;14:19:31.797;FBTS SI 20250306 PS;SIMPLE_INSTRUMENT;EFP_FIN;EUR;27;107.13000000;171;EXCHANGE_LAST;;1;1;XEUR;11286677;639;
29.01.2025;14:24:23.584;FBTS SI 20250306 PS;SIMPLE_INSTRUMENT;EFP_FIN;EUR;28;107.13000000;78;EXCHANGE_LAST;;1;1;XEUR;11286677;639;
29.01.2025;14:31:39.190;FBTS SI 20250306 PS;SIMPLE_INSTRUMENT;EFP_FIN;EUR;30;107.10000000;908;EXCHANGE_LAST;;1;1;XEUR;11286677;639;
29.01.2025;14:59:46.187;FBTS SI 20250306 PS;SIMPLE_INSTRUMENT;EFP_FIN;EUR;32;107.11000000;95;EXCHANGE_LAST;;1;1;XEUR;11286677;639;
29.01.2025;15:03:01.719;FBTS SI 20250306 PS;SIMPLE_INSTRUMENT;EFP_FIN;EUR;33;107.10000000;1061;EXCHANGE_LAST;;1;1;XEUR;11286677;639;
29.01.2025;15:11:42.006;FBTS SI 20250306 PS;SIMPLE_INSTRUMENT;EFP_FIN;EUR;34;107.10000000;687;EXCHANGE_LAST;;1;1;XEUR;11286677;639;
29.01.2025;15:24:49.698;FBTS SI 20250306 PS;SIMPLE_INSTRUMENT;EFP_FIN;EUR;37;107.11000000;682;EXCHANGE_LAST;;1;1;XEUR;11286677;639;
29.01.2025;15:53:31.600;FBTS SI 20250306 PS;SIMPLE_INSTRUMENT;EFP_FIN;EUR;42;107.07000000;894;EXCHANGE_LAST;;1;1;XEUR;11286677;639;
29.01.2025;15:55:52.787;FBTS SI 20250306 PS;SIMPLE_INSTRUMENT;EFP_FIN;EUR;43;107.10000000;3113;EXCHANGE_LAST;;1;1;XEUR;11286677;639;
29.01.2025;15:57:42.004;FBTS SI 20250306 PS;SIMPLE_INSTRUMENT;BLOCK;EUR;45;107.12000000;454;EXCHANGE_LAST;;1;1;XEUR;11286677;639;
29.01.2025;16:48:59.886;FBTS SI 20250306 PS;SIMPLE_INSTRUMENT;EFP_FIN;EUR;53;107.06000000;106;EXCHANGE_LAST;;1;1;XEUR;11286677;639;
29.01.2025;14:12:06.353;FCBU.S.FEB25.MAR25.SPD;FUTURES_SPREAD;BLOCK;USD;3;0.00073000;400;EXCHANGE_LAST;;1;1;XEUR;74509462018195671;570870;
29.01.2025;14:12:06.353;FCBU SI 20250204 CS;SIMPLE_INSTRUMENT;BLOCK;USD;3;0.16978000;400;PRC_DECOMP_MEMBER;;;;XEUR;10653727;570870;MEMBER
29.01.2025;14:12:06.353;FCBU SI 20250304 CS;SIMPLE_INSTRUMENT;BLOCK;USD;3;0.16905000;400;PRC_DECOMP_MEMBER;;;;XEUR;10795698;570870;MEMBER
29.01.2025;14:14:26.144;FCBU.S.FEB25.MAR25.SPD;FUTURES_SPREAD;BLOCK;USD;4;0.00073000;455;EXCHANGE_LAST;;1;1;XEUR;74509462018195671;570870;
29.01.2025;14:14:26.144;FCBU SI 20250204 CS;SIMPLE_INSTRUMENT;BLOCK;USD;4;0.16978000;455;PRC_DECOMP_MEMBER;;;;XEUR;10653727;570870;MEMBER
29.01.2025;14:14:26.144;FCBU SI 20250304 CS;SIMPLE_INSTRUMENT;BLOCK;USD;4;0.16905000;455;PRC_DECOMP_MEMBER;;;;XEUR;10795698;570870;MEMBER
29.01.2025;11:48:18.550;FCEU SI 20250317 PS;SIMPLE_INSTRUMENT;BLOCK;USD;1;1.04245000;243;EXCHANGE_LAST;;1;1;XEUR;9136240;369376;
29.01.2025;14:01:24.656;FCME SI 20250317 CS;SIMPLE_INSTRUMENT;BLOCK;EUR;2;0.04638000;100;EXCHANGE_LAST;;1;1;XEUR;11329544;570873;
29.01.2025;16:32:42.793;FD3D SI 20251219 CS;SIMPLE_INSTRUMENT;BLOCK;EUR;46;105.80000000;700;EXCHANGE_LAST;;2;1;XEUR;5914068;588;
29.01.2025;16:51:15.760;FDAX SI 20250321 CS;SIMPLE_INSTRUMENT;EFP_IDX;EUR;1;21749.00000000;26;EXCHANGE_LAST;;1;1;XEUR;7561255;589;
29.01.2025;16:51:37.862;FDAX SI 20250321 CS;SIMPLE_INSTRUMENT;EFP_IDX;EUR;2;21748.00000000;66;EXCHANGE_LAST;;1;1;XEUR;7561255;589;
29.01.2025;14:57:59.154;FDAX SI 20250321 CS;SIMPLE_INSTRUMENT;VOLA;EUR;671088652;21745.00000000;38;EXCHANGE_LAST;;1;1;XEUR;7561255;589;
29.01.2025;09:10:28.867;FEBD SI 20251219 CS;SIMPLE_INSTRUMENT;BLOCK;EUR;3;10.39000000;750;EXCHANGE_LAST;;1;1;XEUR;5914075;597;
29.01.2025;10:07:07.453;FEBD.S.DEC26.DEC27.SPD;FUTURES_SPREAD;BLOCK;EUR;10;0.80000000;750;EXCHANGE_LAST;;2;1;XEUR;72060158133407003;597;
29.01.2025;10:07:07.453;FEBD SI 20271217 CS;SIMPLE_INSTRUMENT;BLOCK;EUR;10;9.30000000;750;PRC_DECOMP_MEMBER;;;;XEUR;7776307;597;MEMBER
29.01.2025;10:07:07.453;FEBD SI 20261218 CS;SIMPLE_INSTRUMENT;BLOCK;EUR;10;10.10000000;750;PRC_DECOMP_MEMBER;;;;XEUR;7158212;597;MEMBER
29.01.2025;10:02:36.875;FEBD SI 20251219 CS;SIMPLE_INSTRUMENT;BLOCK;EUR;11;10.40000000;150;EXCHANGE_LAST;;1;1;XEUR;5914075;597;
29.01.2025;10:32:29.128;FEBD.S.DEC26.DEC27.SPD;FUTURES_SPREAD;BLOCK;EUR;12;0.80000000;750;EXCHANGE_LAST;;2;1;XEUR;72060158133407003;597;
29.01.2025;10:32:29.128;FEBD SI 20271217 CS;SIMPLE_INSTRUMENT;BLOCK;EUR;12;9.30000000;750;PRC_DECOMP_MEMBER;;;;XEUR;7776307;597;MEMBER
29.01.2025;10:32:29.128;FEBD SI 20261218 CS;SIMPLE_INSTRUMENT;BLOCK;EUR;12;10.10000000;750;PRC_DECOMP_MEMBER;;;;XEUR;7158212;597;MEMBER
29.01.2025;10:37:39.222;FEBD SI 20261218 CS;SIMPLE_INSTRUMENT;BLOCK;EUR;16;10.15000000;2000;EXCHANGE_LAST;;1;1;XEUR;7158212;597;
29.01.2025;11:52:04.038;FEBD SI 20261218 CS;SIMPLE_INSTRUMENT;BLOCK;EUR;22;10.18000000;1500;EXCHANGE_LAST;;1;1;XEUR;7158212;597;
29.01.2025;12:59:17.106;FEBD SI 20271217 CS;SIMPLE_INSTRUMENT;BLOCK;EUR;28;9.38000000;750;EXCHANGE_LAST;;1;1;XEUR;7776307;597;
29.01.2025;13:17:00.657;FEBD SI 20261218 CS;SIMPLE_INSTRUMENT;BLOCK;EUR;29;10.17000000;1000;EXCHANGE_LAST;;1;1;XEUR;7158212;597;
29.01.2025;14:17:04.360;FEBD SI 20271217 CS;SIMPLE_INSTRUMENT;BLOCK;EUR;30;9.38000000;1000;EXCHANGE_LAST;;1;1;XEUR;7776307;597;
29.01.2025;15:06:34.267;FEBD SI 20251219 CS;SIMPLE_INSTRUMENT;BLOCK;EUR;33;10.46000000;150;EXCHANGE_LAST;;1;1;XEUR;5914075;597;
29.01.2025;15:52:45.182;FEBD SI 20251219 CS;SIMPLE_INSTRUMENT;BLOCK;EUR;35;10.45000000;750;EXCHANGE_LAST;;1;1;XEUR;5914075;597;
29.01.2025;16:01:30.190;FEBD SI 20251219 CS;SIMPLE_INSTRUMENT;BLOCK;EUR;37;10.46000000;1000;EXCHANGE_LAST;;1;1;XEUR;5914075;597;
29.01.2025;16:00:50.322;FEBD SI 20251219 CS;SIMPLE_INSTRUMENT;BLOCK;EUR;38;10.45000000;850;EXCHANGE_LAST;;1;1;XEUR;5914075;597;
29.01.2025;16:36:19.920;FEBD SI 20261218 CS;SIMPLE_INSTRUMENT;BLOCK;EUR;47;10.18000000;250;EXCHANGE_LAST;;1;1;XEUR;7158212;597;
29.01.2025;16:36:34.846;FEBD SI 20261218 CS;SIMPLE_INSTRUMENT;BLOCK;EUR;48;10.18000000;1000;EXCHANGE_LAST;;1;1;XEUR;7158212;597;
29.01.2025;15:04:29.596;FECX SI 20250321 CS;SIMPLE_INSTRUMENT;BLOCK;EUR;34;165.48000000;225;EXCHANGE_LAST;;1;1;XEUR;11427948;410158;
29.01.2025;16:04:59.714;FECX SI 20250321 CS;SIMPLE_INSTRUMENT;BLOCK;EUR;40;165.26000000;100;EXCHANGE_LAST;;1;1;XEUR;11427948;410158;
29.01.2025;14:44:51.859;FEDV SI 20250321 CS;SIMPLE_INSTRUMENT;BLOCK;EUR;32;1736.50000000;216;EXCHANGE_LAST;;1;1;XEUR;11359068;596;
29.01.2025;16:17:08.373;FES1 SI 20250321 PS;SIMPLE_INSTRUMENT;BLOCK;EUR;42;14.20000000;400;EXCHANGE_LAST;;1;1;XEUR;11391470;58959;
29.01.2025;11:10:04.043;FESB SI 20250321 CS;SIMPLE_INSTRUMENT;BLOCK;EUR;26;161.10000000;3000;EXCHANGE_LAST;;1;1;XEUR;11359072;605;
29.01.2025;11:51:04.640;FESB SI 20250321 CS;SIMPLE_INSTRUMENT;BLOCK;EUR;27;161.20000000;5000;EXCHANGE_LAST;;1;1;XEUR;11359072;605;
29.01.2025;12:26:42.791;FESB SI 20250321 CS;SIMPLE_INSTRUMENT;BLOCK;EUR;29;162.00000000;5000;EXCHANGE_LAST;;1;1;XEUR;11359072;605;
29.01.2025;12:34:55.620;FESB SI 20250321 CS;SIMPLE_INSTRUMENT;BLOCK;EUR;31;162.00000000;5000;EXCHANGE_LAST;;1;1;XEUR;11359072;605;
29.01.2025;13:15:43.684;FESB SI 20250321 CS;SIMPLE_INSTRUMENT;BLOCK;EUR;33;162.00000000;15000;EXCHANGE_LAST;;1;1;XEUR;11359072;605;
29.01.2025;16:00:36.014;FESB SI 20250321 CS;SIMPLE_INSTRUMENT;BLOCK;EUR;35;163.00000000;20200;EXCHANGE_LAST;;1;1;XEUR;11359072;605;
29.01.2025;17:07:58.175;FESB SI 20250321 CS;SIMPLE_INSTRUMENT;EFP_IDX;EUR;48;162.60000000;171;EXCHANGE_LAST;;1;1;XEUR;11359072;605;
29.01.2025;17:08:03.699;FESB SI 20250321 CS;SIMPLE_INSTRUMENT;EFP_IDX;EUR;49;162.65000000;685;EXCHANGE_LAST;;1;1;XEUR;11359072;605;
29.01.2025;16:43:44.618;FESB SI 20250321 CS;SIMPLE_INSTRUMENT;VOLA;EUR;603979841;162.25000000;600;EXCHANGE_LAST;;1;1;XEUR;11359072;605;
29.01.2025;10:37:49.971;FESX SI 20250321 CS;SIMPLE_INSTRUMENT;BLOCK;EUR;1;5250.00000000;2500;EXCHANGE_LAST;;1;1;XEUR;7793482;675;
29.01.2025;10:53:29.302;FESX SI 20250321 CS;SIMPLE_INSTRUMENT;BLOCK;EUR;2;5250.00000000;2500;EXCHANGE_LAST;;1;1;XEUR;7793482;675;
29.01.2025;16:30:36.293;FESX SI 20250321 CS;SIMPLE_INSTRUMENT;BLOCK;EUR;4;5242.00000000;5000;EXCHANGE_LAST;;1;1;XEUR;7793482;675;
29.01.2025;16:44:25.051;FESX SI 20250321 CS;SIMPLE_INSTRUMENT;EFP_IDX;EUR;5;5244.00000000;168;EXCHANGE_LAST;;1;1;XEUR;7793482;675;
29.01.2025;16:54:24.524;FESX SI 20250321 CS;SIMPLE_INSTRUMENT;EFP_IDX;EUR;6;5244.00000000;384;EXCHANGE_LAST;;1;1;XEUR;7793482;675;
29.01.2025;16:54:31.957;FESX SI 20250321 CS;SIMPLE_INSTRUMENT;EFP_IDX;EUR;7;5245.00000000;266;EXCHANGE_LAST;;1;1;XEUR;7793482;675;
29.01.2025;17:03:57.236;FESX SI 20250321 CS;SIMPLE_INSTRUMENT;EFP_IDX;EUR;8;5244.00000000;54;EXCHANGE_LAST;;1;1;XEUR;7793482;675;
29.01.2025;17:03:38.444;FESX SI 20250321 CS;SIMPLE_INSTRUMENT;EFP_IDX;EUR;9;5245.00000000;546;EXCHANGE_LAST;;1;1;XEUR;7793482;675;
29.01.2025;17:21:02.895;FESX SI 20250321 CS;SIMPLE_INSTRUMENT;BLOCK;EUR;10;5250.00000000;2000;EXCHANGE_LAST;;1;1;XEUR;7793482;675;
29.01.2025;10:11:45.971;FESX SI 20250321 CS;SIMPLE_INSTRUMENT;VOLA;EUR;637534236;5245.00000000;850;EXCHANGE_LAST;;1;1;XEUR;7793482;675;
29.01.2025;10:27:52.434;FESX SI 20250321 CS;SIMPLE_INSTRUMENT;VOLA;EUR;637534237;5245.00000000;198;EXCHANGE_LAST;;1;1;XEUR;7793482;675;
29.01.2025;10:37:03.920;FESX SI 20250321 CS;SIMPLE_INSTRUMENT;VOLA;EUR;637534246;5251.00000000;309;EXCHANGE_LAST;;1;1;XEUR;7793482;675;
29.01.2025;10:55:14.643;FESX SI 20250321 CS;SIMPLE_INSTRUMENT;VOLA;EUR;637534251;5250.00000000;255;EXCHANGE_LAST;;1;1;XEUR;7793482;675;
29.01.2025;11:29:41.636;FESX SI 20250321 CS;SIMPLE_INSTRUMENT;VOLA;EUR;637534255;5250.00000000;138;EXCHANGE_LAST;;1;1;XEUR;7793482;675;
29.01.2025;15:23:01.574;FESX SI 20250321 CS;SIMPLE_INSTRUMENT;VOLA;EUR;637534296;5252.00000000;645;EXCHANGE_LAST;;1;1;XEUR;7793482;675;
29.01.2025;15:50:21.484;FESX SI 20250321 CS;SIMPLE_INSTRUMENT;VOLA;EUR;637534304;5250.00000000;55;EXCHANGE_LAST;;1;1;XEUR;7793482;675;
29.01.2025;16:23:25.333;FESX SI 20250321 CS;SIMPLE_INSTRUMENT;VOLA;EUR;637534315;5240.00000000;340;EXCHANGE_LAST;;1;1;XEUR;7793482;675;
29.01.2025;09:56:28.845;FEXD SI 20271217 CS;SIMPLE_INSTRUMENT;BLOCK;EUR;7;153.20000000;300;EXCHANGE_LAST;;1;1;XEUR;2848338;693;
29.01.2025;09:56:31.300;FEXD SI 20261218 CS;SIMPLE_INSTRUMENT;BLOCK;EUR;8;158.80000000;300;EXCHANGE_LAST;;1;1;XEUR;2163053;693;
29.01.2025;10:09:41.625;FEXD SI 20261218 CS;SIMPLE_INSTRUMENT;BLOCK;EUR;9;158.70000000;150;EXCHANGE_LAST;;1;1;XEUR;2163053;693;
29.01.2025;10:26:05.027;FEXD SI 20250321 CS;SIMPLE_INSTRUMENT;BLOCK;EUR;13;19.20000000;200;EXCHANGE_LAST;;1;1;XEUR;11453223;693;
29.01.2025;11:35:34.390;FEXD.S.DEC27.DEC29.SPD;FUTURES_SPREAD;BLOCK;EUR;19;8.60000000;200;EXCHANGE_LAST;;1;1;XEUR;72060570450264170;693;
29.01.2025;11:35:34.390;FEXD SI 20271217 CS;SIMPLE_INSTRUMENT;BLOCK;EUR;19;153.30000000;200;PRC_DECOMP_EXCHANGE;;;;XEUR;2848338;693;EXCHANGE
29.01.2025;11:35:34.390;FEXD SI 20291221 CS;SIMPLE_INSTRUMENT;BLOCK;EUR;19;144.70000000;200;PRC_DECOMP_EXCHANGE;;;;XEUR;4631968;693;EXCHANGE
29.01.2025;11:37:43.213;FEXD.S.DEC26.DEC27.SPD;FUTURES_SPREAD;BLOCK;EUR;20;5.60000000;250;EXCHANGE_LAST;;1;1;XEUR;72060570450264153;693;
29.01.2025;11:37:43.213;FEXD SI 20271217 CS;SIMPLE_INSTRUMENT;BLOCK;EUR;20;153.20000000;250;PRC_DECOMP_EXCHANGE;;;;XEUR;2848338;693;EXCHANGE
29.01.2025;11:37:43.213;FEXD SI 20261218 CS;SIMPLE_INSTRUMENT;BLOCK;EUR;20;158.80000000;250;PRC_DECOMP_EXCHANGE;;;;XEUR;2163053;693;EXCHANGE
29.01.2025;11:55:13.911;FEXD SI 20250321 CS;SIMPLE_INSTRUMENT;BLOCK;EUR;23;19.30000000;3400;EXCHANGE_LAST;;2;4;XEUR;11453223;693;
29.01.2025;12:31:26.846;FEXD.S.DEC27.DEC28.SPD;FUTURES_SPREAD;BLOCK;EUR;25;4.50000000;500;EXCHANGE_LAST;;2;1;XEUR;72060570450264162;693;
29.01.2025;12:31:26.846;FEXD SI 20281215 CS;SIMPLE_INSTRUMENT;BLOCK;EUR;25;148.90000000;500;PRC_DECOMP_EXCHANGE;;;;XEUR;3680985;693;EXCHANGE
29.01.2025;12:31:26.846;FEXD SI 20271217 CS;SIMPLE_INSTRUMENT;BLOCK;EUR;25;153.40000000;500;PRC_DECOMP_EXCHANGE;;;;XEUR;2848338;693;EXCHANGE
29.01.2025;12:45:55.002;FEXD SI 20251219 CS;SIMPLE_INSTRUMENT;BLOCK;EUR;27;161.40000000;1000;EXCHANGE_LAST;;1;1;XEUR;1548120;693;
29.01.2025;15:53:40.500;FEXD.S.DEC26.DEC27.SPD;FUTURES_SPREAD;BLOCK;EUR;36;5.80000000;250;EXCHANGE_LAST;;1;1;XEUR;72060570450264153;693;
29.01.2025;15:53:40.500;FEXD SI 20261218 CS;SIMPLE_INSTRUMENT;BLOCK;EUR;36;159.00000000;250;PRC_DECOMP_EXCHANGE;;;;XEUR;2163053;693;EXCHANGE
29.01.2025;15:53:40.500;FEXD SI 20271217 CS;SIMPLE_INSTRUMENT;BLOCK;EUR;36;153.20000000;250;PRC_DECOMP_EXCHANGE;;;;XEUR;2848338;693;EXCHANGE
29.01.2025;16:29:54.676;FEXD SI 20271217 CS;SIMPLE_INSTRUMENT;BLOCK;EUR;44;153.10000000;1500;EXCHANGE_LAST;;1;1;XEUR;2848338;693;
29.01.2025;16:30:13.371;FEXD SI 20271217 CS;SIMPLE_INSTRUMENT;BLOCK;EUR;45;153.10000000;350;EXCHANGE_LAST;;1;1;XEUR;2848338;693;
29.01.2025;16:37:28.830;FEXD SI 20261218 CS;SIMPLE_INSTRUMENT;BLOCK;EUR;49;159.00000000;300;EXCHANGE_LAST;;1;1;XEUR;2163053;693;
29.01.2025;16:41:33.658;FEXD SI 20250321 CS;SIMPLE_INSTRUMENT;BLOCK;EUR;51;19.20000000;1000;EXCHANGE_LAST;;1;1;XEUR;11453223;693;
29.01.2025;16:41:33.446;FEXD SI 20250321 CS;SIMPLE_INSTRUMENT;BLOCK;EUR;52;19.20000000;500;EXCHANGE_LAST;;1;1;XEUR;11453223;693;
29.01.2025;16:44:52.874;FEXD SI 20250321 CS;SIMPLE_INSTRUMENT;BLOCK;EUR;53;19.20000000;500;EXCHANGE_LAST;;1;1;XEUR;11453223;693;
29.01.2025;16:56:40.679;FEXD SI 20250321 CS;SIMPLE_INSTRUMENT;BLOCK;EUR;66;19.20000000;500;EXCHANGE_LAST;;1;1;XEUR;11453223;693;
29.01.2025;17:04:26.540;FEXD SI 20251219 CS;SIMPLE_INSTRUMENT;BLOCK;EUR;67;161.30000000;250;EXCHANGE_LAST;;1;1;XEUR;1548120;693;
29.01.2025;08:15:17.125;FGBL SI 20250306 PS;SIMPLE_INSTRUMENT;EFS;EUR;1;131.67000000;474;EXCHANGE_LAST;;1;1;XEUR;11286679;688;
29.01.2025;08:31:23.787;FGBL SI 20250306 PS;SIMPLE_INSTRUMENT;EFS;EUR;2;131.69000000;190;EXCHANGE_LAST;;1;1;XEUR;11286679;688;
29.01.2025;08:44:10.883;FGBL SI 20250306 PS;SIMPLE_INSTRUMENT;EFP_FIN;EUR;3;131.69000000;223;EXCHANGE_LAST;;1;1;XEUR;11286679;688;
29.01.2025;08:47:42.034;FGBL SI 20250306 PS;SIMPLE_INSTRUMENT;EFP_FIN;EUR;4;131.69000000;223;EXCHANGE_LAST;;1;1;XEUR;11286679;688;
29.01.2025;08:50:21.338;FGBL SI 20250306 PS;SIMPLE_INSTRUMENT;EFS;EUR;5;131.63000000;415;EXCHANGE_LAST;;1;1;XEUR;11286679;688;
29.01.2025;08:51:54.538;FGBL SI 20250306 PS;SIMPLE_INSTRUMENT;EFS;EUR;6;131.64000000;208;EXCHANGE_LAST;;1;1;XEUR;11286679;688;
29.01.2025;08:53:43.080;FGBL SI 20250306 PS;SIMPLE_INSTRUMENT;EFP_FIN;EUR;7;131.65000000;822;EXCHANGE_LAST;;1;1;XEUR;11286679;688;
29.01.2025;09:03:15.553;FGBL SI 20250306 PS;SIMPLE_INSTRUMENT;EFS;EUR;8;131.66000000;415;EXCHANGE_LAST;;1;1;XEUR;11286679;688;
29.01.2025;09:04:11.071;FGBL SI 20250306 PS;SIMPLE_INSTRUMENT;EFS;EUR;9;131.66000000;208;EXCHANGE_LAST;;1;1;XEUR;11286679;688;
29.01.2025;09:07:21.279;FGBL SI 20250306 PS;SIMPLE_INSTRUMENT;EFS;EUR;10;131.67000000;166;EXCHANGE_LAST;;1;1;XEUR;11286679;688;
29.01.2025;09:08:47.739;FGBL SI 20250306 PS;SIMPLE_INSTRUMENT;EFP_FIN;EUR;11;131.68000000;198;EXCHANGE_LAST;;1;1;XEUR;11286679;688;
29.01.2025;09:13:02.375;FGBL SI 20250306 PS;SIMPLE_INSTRUMENT;EFS;EUR;12;131.72000000;291;EXCHANGE_LAST;;1;1;XEUR;11286679;688;
29.01.2025;09:15:12.077;FGBL SI 20250306 PS;SIMPLE_INSTRUMENT;EFS;EUR;13;131.71000000;207;EXCHANGE_LAST;;1;1;XEUR;11286679;688;
29.01.2025;09:15:58.465;FGBL SI 20250306 PS;SIMPLE_INSTRUMENT;EFS;EUR;14;131.70000000;208;EXCHANGE_LAST;;1;1;XEUR;11286679;688;
29.01.2025;09:16:24.337;FGBL SI 20250306 PS;SIMPLE_INSTRUMENT;EFP_FIN;EUR;15;131.72000000;990;EXCHANGE_LAST;;1;1;XEUR;11286679;688;
29.01.2025;09:16:45.617;FGBL SI 20250306 PS;SIMPLE_INSTRUMENT;EFS;EUR;16;131.72000000;415;EXCHANGE_LAST;;1;1;XEUR;11286679;688;
29.01.2025;09:17:58.600;FGBL SI 20250306 PS;SIMPLE_INSTRUMENT;EFS;EUR;17;131.70000000;332;EXCHANGE_LAST;;1;1;XEUR;11286679;688;
29.01.2025;09:18:27.773;FGBL SI 20250306 PS;SIMPLE_INSTRUMENT;EFP_FIN;EUR;18;131.72000000;991;EXCHANGE_LAST;;1;1;XEUR;11286679;688;
29.01.2025;09:18:55.638;FGBL SI 20250306 PS;SIMPLE_INSTRUMENT;EFS;EUR;19;131.72000000;295;EXCHANGE_LAST;;1;1;XEUR;11286679;688;
29.01.2025;09:21:16.888;FGBL SI 20250306 PS;SIMPLE_INSTRUMENT;EFS;EUR;20;131.64000000;475;EXCHANGE_LAST;;1;1;XEUR;11286679;688;
29.01.2025;09:25:42.033;FGBL SI 20250306 PS;SIMPLE_INSTRUMENT;EFP_FIN;EUR;21;131.70000000;822;EXCHANGE_LAST;;1;1;XEUR;11286679;688;
29.01.2025;09:38:04.039;FGBL SI 20250306 PS;SIMPLE_INSTRUMENT;EFS;EUR;22;131.70000000;498;EXCHANGE_LAST;;1;1;XEUR;11286679;688;
29.01.2025;09:39:44.655;FGBL SI 20250306 PS;SIMPLE_INSTRUMENT;EFS;EUR;23;131.69000000;299;EXCHANGE_LAST;;1;1;XEUR;11286679;688;
29.01.2025;09:46:34.486;FGBL SI 20250306 PS;SIMPLE_INSTRUMENT;EFP_FIN;EUR;24;131.74000000;103;EXCHANGE_LAST;;1;1;XEUR;11286679;688;
29.01.2025;09:47:27.100;FGBL SI 20250306 PS;SIMPLE_INSTRUMENT;EFP_FIN;EUR;25;131.66000000;446;EXCHANGE_LAST;;1;1;XEUR;11286679;688;
29.01.2025;09:50:55.910;FGBL SI 20250306 PS;SIMPLE_INSTRUMENT;EFS;EUR;26;131.76000000;332;EXCHANGE_LAST;;1;1;XEUR;11286679;688;
29.01.2025;09:50:55.956;FGBL SI 20250306 PS;SIMPLE_INSTRUMENT;EFS;EUR;27;131.74000000;415;EXCHANGE_LAST;;1;1;XEUR;11286679;688;
29.01.2025;09:51:36.371;FGBL SI 20250306 PS;SIMPLE_INSTRUMENT;EFS;EUR;28;131.75000000;228;EXCHANGE_LAST;;1;1;XEUR;11286679;688;
29.01.2025;09:51:49.948;FGBL SI 20250306 PS;SIMPLE_INSTRUMENT;EFS;EUR;29;131.72000000;415;EXCHANGE_LAST;;1;1;XEUR;11286679;688;
29.01.2025;09:53:20.063;FGBL SI 20250306 PS;SIMPLE_INSTRUMENT;EFS;EUR;30;131.79000000;623;EXCHANGE_LAST;;1;1;XEUR;11286679;688;
29.01.2025;09:54:32.244;FGBL SI 20250306 PS;SIMPLE_INSTRUMENT;EFS;EUR;31;131.73000000;1366;EXCHANGE_LAST;;1;1;XEUR;11286679;688;
29.01.2025;10:00:01.899;FGBL SI 20250306 PS;SIMPLE_INSTRUMENT;EFP_FIN;EUR;33;131.77000000;588;EXCHANGE_LAST;;1;1;XEUR;11286679;688;
29.01.2025;10:02:17.154;FGBL SI 20250306 PS;SIMPLE_INSTRUMENT;EFP_FIN;EUR;34;131.78000000;123;EXCHANGE_LAST;;1;1;XEUR;11286679;688;
29.01.2025;10:04:03.375;FGBL SI 20250306 PS;SIMPLE_INSTRUMENT;EFS;EUR;35;131.79000000;911;EXCHANGE_LAST;;1;1;XEUR;11286679;688;
29.01.2025;10:07:20.672;FGBL SI 20250306 PS;SIMPLE_INSTRUMENT;EFS;EUR;36;131.75000000;190;EXCHANGE_LAST;;1;1;XEUR;11286679;688;
29.01.2025;10:08:42.028;FGBL SI 20250306 PS;SIMPLE_INSTRUMENT;EFP_FIN;EUR;37;131.77000000;743;EXCHANGE_LAST;;1;1;XEUR;11286679;688;
29.01.2025;10:10:16.799;FGBL SI 20250306 PS;SIMPLE_INSTRUMENT;EFP_FIN;EUR;38;131.80000000;940;EXCHANGE_LAST;;1;1;XEUR;11286679;688;
29.01.2025;10:14:19.843;FGBL SI 20250306 PS;SIMPLE_INSTRUMENT;EFP_FIN;EUR;39;131.75000000;1114;EXCHANGE_LAST;;1;1;XEUR;11286679;688;
29.01.2025;10:14:56.674;FGBL SI 20250306 PS;SIMPLE_INSTRUMENT;EFS;EUR;40;131.73000000;207;EXCHANGE_LAST;;1;1;XEUR;11286679;688;
29.01.2025;10:18:13.141;FGBL SI 20250306 PS;SIMPLE_INSTRUMENT;EFS;EUR;41;131.72000000;207;EXCHANGE_LAST;;1;1;XEUR;11286679;688;
29.01.2025;10:19:02.591;FGBL SI 20250306 PS;SIMPLE_INSTRUMENT;EFP_FIN;EUR;42;131.80000000;743;EXCHANGE_LAST;;1;1;XEUR;11286679;688;
29.01.2025;10:22:03.073;FGBL SI 20250306 PS;SIMPLE_INSTRUMENT;EFP_FIN;EUR;43;131.75000000;1114;EXCHANGE_LAST;;1;1;XEUR;11286679;688;
29.01.2025;10:27:50.403;FGBL SI 20250306 PS;SIMPLE_INSTRUMENT;EFP_FIN;EUR;44;131.66000000;329;EXCHANGE_LAST;;1;1;XEUR;11286679;688;
29.01.2025;10:34:44.214;FGBL SI 20250306 PS;SIMPLE_INSTRUMENT;EFS;EUR;45;131.65000000;237;EXCHANGE_LAST;;1;1;XEUR;11286679;688;
29.01.2025;10:38:04.799;FGBL SI 20250306 PS;SIMPLE_INSTRUMENT;EFS;EUR;46;131.68000000;415;EXCHANGE_LAST;;1;1;XEUR;11286679;688;
29.01.2025;10:42:36.097;FGBL SI 20250306 PS;SIMPLE_INSTRUMENT;EFS;EUR;47;131.79000000;452;EXCHANGE_LAST;;1;1;XEUR;11286679;688;
29.01.2025;10:49:33.997;FGBL SI 20250306 PS;SIMPLE_INSTRUMENT;EFP_FIN;EUR;48;131.67000000;301;EXCHANGE_LAST;;1;1;XEUR;11286679;688;
29.01.2025;10:47:42.214;FGBL SI 20250306 PS;SIMPLE_INSTRUMENT;EFP_FIN;EUR;49;131.79000000;744;EXCHANGE_LAST;;1;1;XEUR;11286679;688;
29.01.2025;10:52:20.924;FGBL SI 20250306 PS;SIMPLE_INSTRUMENT;EFP_FIN;EUR;50;131.70000000;118;EXCHANGE_LAST;;1;1;XEUR;11286679;688;
29.01.2025;11:14:19.637;FGBL SI 20250306 PS;SIMPLE_INSTRUMENT;EFP_FIN;EUR;52;131.73000000;128;EXCHANGE_LAST;;1;1;XEUR;11286679;688;
29.01.2025;11:17:44.983;FGBL SI 20250306 PS;SIMPLE_INSTRUMENT;EFS;EUR;53;131.67000000;1824;EXCHANGE_LAST;;1;1;XEUR;11286679;688;
29.01.2025;11:20:40.493;FGBL SI 20250306 PS;SIMPLE_INSTRUMENT;EFS;EUR;54;131.65000000;465;EXCHANGE_LAST;;1;1;XEUR;11286679;688;
29.01.2025;11:21:28.202;FGBL SI 20250306 PS;SIMPLE_INSTRUMENT;EFS;EUR;55;131.65000000;415;EXCHANGE_LAST;;1;1;XEUR;11286679;688;
29.01.2025;11:22:40.378;FGBL SI 20250306 PS;SIMPLE_INSTRUMENT;EFS;EUR;56;131.62000000;415;EXCHANGE_LAST;;1;1;XEUR;11286679;688;
29.01.2025;11:23:59.753;FGBL SI 20250306 PS;SIMPLE_INSTRUMENT;EFS;EUR;57;131.63000000;208;EXCHANGE_LAST;;1;1;XEUR;11286679;688;
29.01.2025;11:25:15.100;FGBL SI 20250306 PS;SIMPLE_INSTRUMENT;EFS;EUR;58;131.65000000;415;EXCHANGE_LAST;;1;1;XEUR;11286679;688;
29.01.2025;11:26:52.101;FGBL SI 20250306 PS;SIMPLE_INSTRUMENT;EFP_FIN;EUR;59;131.73000000;78;EXCHANGE_LAST;;1;1;XEUR;11286679;688;
29.01.2025;11:27:14.362;FGBL SI 20250306 PS;SIMPLE_INSTRUMENT;EFS;EUR;60;131.66000000;232;EXCHANGE_LAST;;1;1;XEUR;11286679;688;
29.01.2025;11:28:58.594;FGBL SI 20250306 PS;SIMPLE_INSTRUMENT;EFS;EUR;61;131.65000000;83;EXCHANGE_LAST;;1;1;XEUR;11286679;688;
29.01.2025;11:30:30.688;FGBL SI 20250306 PS;SIMPLE_INSTRUMENT;EFS;EUR;62;131.66000000;415;EXCHANGE_LAST;;1;1;XEUR;11286679;688;
29.01.2025;11:34:33.061;FGBL SI 20250306 PS;SIMPLE_INSTRUMENT;EFS;EUR;63;131.65000000;228;EXCHANGE_LAST;;1;1;XEUR;11286679;688;
29.01.2025;11:34:37.144;FGBL SI 20250306 PS;SIMPLE_INSTRUMENT;EFS;EUR;64;131.66000000;232;EXCHANGE_LAST;;1;1;XEUR;11286679;688;
29.01.2025;11:38:37.297;FGBL SI 20250306 PS;SIMPLE_INSTRUMENT;EFP_FIN;EUR;65;131.64000000;1114;EXCHANGE_LAST;;1;1;XEUR;11286679;688;
29.01.2025;11:39:13.441;FGBL SI 20250306 PS;SIMPLE_INSTRUMENT;EFS;EUR;66;131.63000000;91;EXCHANGE_LAST;;1;1;XEUR;11286679;688;
29.01.2025;11:43:23.076;FGBL SI 20250306 PS;SIMPLE_INSTRUMENT;EFS;EUR;67;131.66000000;949;EXCHANGE_LAST;;1;1;XEUR;11286679;688;
29.01.2025;11:44:13.098;FGBL SI 20250306 PS;SIMPLE_INSTRUMENT;EFS;EUR;68;131.62000000;1369;EXCHANGE_LAST;;1;1;XEUR;11286679;688;
29.01.2025;11:45:10.357;FGBL SI 20250306 PS;SIMPLE_INSTRUMENT;EFS;EUR;69;131.65000000;237;EXCHANGE_LAST;;1;1;XEUR;11286679;688;
29.01.2025;11:51:30.054;FGBL SI 20250306 PS;SIMPLE_INSTRUMENT;EFS;EUR;70;131.59000000;913;EXCHANGE_LAST;;1;1;XEUR;11286679;688;
29.01.2025;11:56:06.572;FGBL SI 20250306 PS;SIMPLE_INSTRUMENT;EFP_FIN;EUR;71;131.62000000;471;EXCHANGE_LAST;;1;1;XEUR;11286679;688;
29.01.2025;12:06:53.982;FGBL SI 20250306 PS;SIMPLE_INSTRUMENT;EFP_FIN;EUR;72;131.57000000;1400;EXCHANGE_LAST;;1;1;XEUR;11286679;688;
29.01.2025;12:15:42.787;FGBL SI 20250306 PS;SIMPLE_INSTRUMENT;EFS;EUR;73;131.59000000;684;EXCHANGE_LAST;;1;1;XEUR;11286679;688;
29.01.2025;12:16:02.410;FGBL SI 20250306 PS;SIMPLE_INSTRUMENT;EFP_FIN;EUR;74;131.76000000;1902;EXCHANGE_LAST;;1;1;XEUR;11286679;688;
29.01.2025;12:16:28.919;FGBL SI 20250306 PS;SIMPLE_INSTRUMENT;EFS;EUR;75;131.58000000;208;EXCHANGE_LAST;;1;1;XEUR;11286679;688;
29.01.2025;12:16:43.934;FGBL SI 20250306 PS;SIMPLE_INSTRUMENT;EFS;EUR;76;131.58000000;208;EXCHANGE_LAST;;1;1;XEUR;11286679;688;
29.01.2025;12:17:41.430;FGBL SI 20250306 PS;SIMPLE_INSTRUMENT;EFP_FIN;EUR;77;131.62000000;194;EXCHANGE_LAST;;1;1;XEUR;11286679;688;
29.01.2025;12:26:01.383;FGBL SI 20250306 PS;SIMPLE_INSTRUMENT;EFS;EUR;78;131.58000000;456;EXCHANGE_LAST;;1;1;XEUR;11286679;688;
29.01.2025;12:27:25.168;FGBL SI 20250306 PS;SIMPLE_INSTRUMENT;EFS;EUR;79;131.59000000;685;EXCHANGE_LAST;;1;1;XEUR;11286679;688;
29.01.2025;12:27:48.546;FGBL SI 20250306 PS;SIMPLE_INSTRUMENT;EFP_FIN;EUR;80;131.59000000;74;EXCHANGE_LAST;;1;1;XEUR;11286679;688;
29.01.2025;12:29:23.452;FGBL SI 20250306 PS;SIMPLE_INSTRUMENT;EFP_FIN;EUR;81;131.79000000;593;EXCHANGE_LAST;;1;1;XEUR;11286679;688;
29.01.2025;12:30:51.279;FGBL SI 20250306 PS;SIMPLE_INSTRUMENT;EFP_FIN;EUR;82;131.79000000;198;EXCHANGE_LAST;;1;1;XEUR;11286679;688;
29.01.2025;12:37:29.878;FGBL SI 20250306 PS;SIMPLE_INSTRUMENT;EFP_FIN;EUR;83;131.61000000;241;EXCHANGE_LAST;;1;1;XEUR;11286679;688;
29.01.2025;12:34:52.756;FGBL SI 20250306 PS;SIMPLE_INSTRUMENT;EFS;EUR;84;131.58000000;456;EXCHANGE_LAST;;1;1;XEUR;11286679;688;
29.01.2025;12:36:41.726;FGBL SI 20250306 PS;SIMPLE_INSTRUMENT;EFS;EUR;85;131.63000000;415;EXCHANGE_LAST;;1;1;XEUR;11286679;688;
29.01.2025;12:41:13.676;FGBL SI 20250306 PS;SIMPLE_INSTRUMENT;EFS;EUR;86;131.59000000;300;EXCHANGE_LAST;;1;1;XEUR;11286679;688;
29.01.2025;12:47:33.567;FGBL SI 20250306 PS;SIMPLE_INSTRUMENT;EFP_FIN;EUR;87;131.61000000;148;EXCHANGE_LAST;;1;1;XEUR;11286679;688;
29.01.2025;12:47:54.973;FGBL SI 20250306 PS;SIMPLE_INSTRUMENT;EFP_FIN;EUR;88;131.61000000;98;EXCHANGE_LAST;;1;1;XEUR;11286679;688;
29.01.2025;12:51:00.901;FGBL SI 20250306 PS;SIMPLE_INSTRUMENT;EFP_FIN;EUR;89;131.61000000;98;EXCHANGE_LAST;;1;1;XEUR;11286679;688;
29.01.2025;12:51:35.242;FGBL SI 20250306 PS;SIMPLE_INSTRUMENT;EFP_FIN;EUR;90;131.59000000;448;EXCHANGE_LAST;;1;1;XEUR;11286679;688;
29.01.2025;12:58:35.764;FGBL SI 20250306 PS;SIMPLE_INSTRUMENT;EFS;EUR;91;131.61000000;237;EXCHANGE_LAST;;1;1;XEUR;11286679;688;
29.01.2025;13:03:08.442;FGBL SI 20250306 PS;SIMPLE_INSTRUMENT;EFS;EUR;92;131.60000000;237;EXCHANGE_LAST;;1;1;XEUR;11286679;688;
29.01.2025;13:09:55.717;FGBL SI 20250306 PS;SIMPLE_INSTRUMENT;EFS;EUR;93;131.62000000;500;EXCHANGE_LAST;;1;1;XEUR;11286679;688;
29.01.2025;13:15:02.639;FGBL SI 20250306 PS;SIMPLE_INSTRUMENT;EFS;EUR;94;131.62000000;500;EXCHANGE_LAST;;1;1;XEUR;11286679;688;
29.01.2025;13:22:21.447;FGBL SI 20250306 PS;SIMPLE_INSTRUMENT;EFP_FIN;EUR;96;131.64000000;230;EXCHANGE_LAST;;1;1;XEUR;11286679;688;
29.01.2025;13:32:55.454;FGBL SI 20250306 PS;SIMPLE_INSTRUMENT;EFP_FIN;EUR;97;131.57000000;185;EXCHANGE_LAST;;1;1;XEUR;11286679;688;
29.01.2025;13:39:52.291;FGBL SI 20250306 PS;SIMPLE_INSTRUMENT;EFS;EUR;98;131.67000000;415;EXCHANGE_LAST;;1;1;XEUR;11286679;688;
29.01.2025;13:41:03.332;FGBL SI 20250306 PS;SIMPLE_INSTRUMENT;EFS;EUR;99;131.65000000;208;EXCHANGE_LAST;;1;1;XEUR;11286679;688;
29.01.2025;13:41:23.613;FGBL SI 20250306 PS;SIMPLE_INSTRUMENT;EFS;EUR;100;131.57000000;419;EXCHANGE_LAST;;1;1;XEUR;11286679;688;
29.01.2025;13:50:35.618;FGBL SI 20250306 PS;SIMPLE_INSTRUMENT;EFS;EUR;101;131.67000000;2372;EXCHANGE_LAST;;1;1;XEUR;11286679;688;
29.01.2025;13:54:45.016;FGBL SI 20250306 PS;SIMPLE_INSTRUMENT;EFP_FIN;EUR;102;131.62000000;940;EXCHANGE_LAST;;1;1;XEUR;11286679;688;
29.01.2025;13:55:03.397;FGBL SI 20250306 PS;SIMPLE_INSTRUMENT;EFS;EUR;103;131.60000000;416;EXCHANGE_LAST;;1;1;XEUR;11286679;688;
29.01.2025;13:55:58.600;FGBL SI 20250306 PS;SIMPLE_INSTRUMENT;EFS;EUR;104;131.60000000;416;EXCHANGE_LAST;;1;1;XEUR;11286679;688;
29.01.2025;13:56:58.335;FGBL SI 20250306 PS;SIMPLE_INSTRUMENT;EFS;EUR;105;131.60000000;416;EXCHANGE_LAST;;1;1;XEUR;11286679;688;
29.01.2025;13:59:59.647;FGBL SI 20250306 PS;SIMPLE_INSTRUMENT;EFS;EUR;106;131.57000000;1184;EXCHANGE_LAST;;1;1;XEUR;11286679;688;
29.01.2025;14:08:28.531;FGBL SI 20250306 PS;SIMPLE_INSTRUMENT;EFS;EUR;108;131.54000000;475;EXCHANGE_LAST;;1;1;XEUR;11286679;688;
29.01.2025;14:13:29.778;FGBL SI 20250306 PS;SIMPLE_INSTRUMENT;EFS;EUR;109;131.64000000;190;EXCHANGE_LAST;;1;1;XEUR;11286679;688;
29.01.2025;14:17:05.881;FGBL SI 20250306 PS;SIMPLE_INSTRUMENT;EFS;EUR;110;131.53000000;416;EXCHANGE_LAST;;1;1;XEUR;11286679;688;
29.01.2025;14:27:14.711;FGBL SI 20250306 PS;SIMPLE_INSTRUMENT;EFS;EUR;111;131.54000000;238;EXCHANGE_LAST;;1;1;XEUR;11286679;688;
29.01.2025;14:44:13.047;FGBL SI 20250306 PS;SIMPLE_INSTRUMENT;EFS;EUR;112;131.51000000;208;EXCHANGE_LAST;;1;1;XEUR;11286679;688;
29.01.2025;14:47:41.181;FGBL SI 20250306 PS;SIMPLE_INSTRUMENT;EFS;EUR;113;131.54000000;2074;EXCHANGE_LAST;;1;1;XEUR;11286679;688;
29.01.2025;14:48:06.366;FGBL SI 20250306 PS;SIMPLE_INSTRUMENT;EFP_FIN;EUR;114;131.52000000;354;EXCHANGE_LAST;;1;1;XEUR;11286679;688;
29.01.2025;14:49:10.928;FGBL SI 20250306 PS;SIMPLE_INSTRUMENT;EFS;EUR;115;131.53000000;249;EXCHANGE_LAST;;1;1;XEUR;11286679;688;
29.01.2025;14:51:11.186;FGBL SI 20250306 PS;SIMPLE_INSTRUMENT;EFS;EUR;116;131.53000000;208;EXCHANGE_LAST;;1;1;XEUR;11286679;688;
29.01.2025;14:53:53.724;FGBL SI 20250306 PS;SIMPLE_INSTRUMENT;EFS;EUR;117;131.51000000;831;EXCHANGE_LAST;;1;1;XEUR;11286679;688;
29.01.2025;14:56:02.449;FGBL SI 20250306 PS;SIMPLE_INSTRUMENT;EFP_FIN;EUR;118;131.50000000;810;EXCHANGE_LAST;;1;1;XEUR;11286679;688;
29.01.2025;15:09:46.037;FGBL SI 20250306 PS;SIMPLE_INSTRUMENT;EFS;EUR;119;131.53000000;291;EXCHANGE_LAST;;1;1;XEUR;11286679;688;
29.01.2025;15:14:16.258;FGBL SI 20250306 PS;SIMPLE_INSTRUMENT;EFS;EUR;120;131.50000000;208;EXCHANGE_LAST;;1;1;XEUR;11286679;688;
29.01.2025;15:15:11.302;FGBL SI 20250306 PS;SIMPLE_INSTRUMENT;EFS;EUR;121;131.50000000;416;EXCHANGE_LAST;;1;1;XEUR;11286679;688;
29.01.2025;15:22:50.117;FGBL SI 20250306 PS;SIMPLE_INSTRUMENT;EFS;EUR;122;131.50000000;208;EXCHANGE_LAST;;1;1;XEUR;11286679;688;
29.01.2025;15:25:02.743;FGBL SI 20250306 PS;SIMPLE_INSTRUMENT;EFS;EUR;123;131.50000000;191;EXCHANGE_LAST;;1;1;XEUR;11286679;688;
29.01.2025;15:28:31.800;FGBL SI 20250306 PS;SIMPLE_INSTRUMENT;EFS;EUR;124;131.45000000;249;EXCHANGE_LAST;;1;1;XEUR;11286679;688;
29.01.2025;15:29:17.833;FGBL SI 20250306 PS;SIMPLE_INSTRUMENT;EFS;EUR;125;131.45000000;249;EXCHANGE_LAST;;1;1;XEUR;11286679;688;
29.01.2025;15:35:08.068;FGBL SI 20250306 PS;SIMPLE_INSTRUMENT;EFS;EUR;126;131.43000000;83;EXCHANGE_LAST;;1;1;XEUR;11286679;688;
29.01.2025;15:40:10.672;FGBL SI 20250306 PS;SIMPLE_INSTRUMENT;EFS;EUR;127;131.43000000;415;EXCHANGE_LAST;;1;1;XEUR;11286679;688;
29.01.2025;15:57:57.665;FGBL SI 20250306 PS;SIMPLE_INSTRUMENT;EFS;EUR;128;131.50000000;1183;EXCHANGE_LAST;;1;1;XEUR;11286679;688;
29.01.2025;16:06:52.533;FGBL SI 20250306 PS;SIMPLE_INSTRUMENT;BLOCK;EUR;129;131.32000000;2284;EXCHANGE_LAST;;1;1;XEUR;11286679;688;
29.01.2025;16:11:12.693;FGBL SI 20250306 PS;SIMPLE_INSTRUMENT;EFS;EUR;130;131.32000000;291;EXCHANGE_LAST;;1;1;XEUR;11286679;688;
29.01.2025;16:12:08.743;FGBL SI 20250306 PS;SIMPLE_INSTRUMENT;EFS;EUR;131;131.39000000;476;EXCHANGE_LAST;;1;1;XEUR;11286679;688;
29.01.2025;16:14:05.115;FGBL SI 20250306 PS;SIMPLE_INSTRUMENT;EFS;EUR;132;131.33000000;416;EXCHANGE_LAST;;1;1;XEUR;11286679;688;
29.01.2025;16:16:11.848;FGBL SI 20250306 PS;SIMPLE_INSTRUMENT;EFS;EUR;133;131.33000000;416;EXCHANGE_LAST;;1;1;XEUR;11286679;688;
29.01.2025;16:36:13.093;FGBL SI 20250306 PS;SIMPLE_INSTRUMENT;EFS;EUR;134;131.31000000;416;EXCHANGE_LAST;;1;1;XEUR;11286679;688;
29.01.2025;16:37:37.062;FGBL SI 20250306 PS;SIMPLE_INSTRUMENT;EFS;EUR;135;131.32000000;457;EXCHANGE_LAST;;1;1;XEUR;11286679;688;
29.01.2025;16:37:43.571;FGBL SI 20250306 PS;SIMPLE_INSTRUMENT;EFS;EUR;136;131.28000000;416;EXCHANGE_LAST;;1;1;XEUR;11286679;688;
29.01.2025;16:40:29.193;FGBL SI 20250306 PS;SIMPLE_INSTRUMENT;EFS;EUR;137;131.29000000;416;EXCHANGE_LAST;;1;1;XEUR;11286679;688;
29.01.2025;16:45:05.136;FGBL SI 20250306 PS;SIMPLE_INSTRUMENT;EFP_FIN;EUR;138;131.35000000;801;EXCHANGE_LAST;;1;1;XEUR;11286679;688;
29.01.2025;16:46:45.983;FGBL SI 20250306 PS;SIMPLE_INSTRUMENT;EFS;EUR;139;131.23000000;416;EXCHANGE_LAST;;1;1;XEUR;11286679;688;
29.01.2025;16:49:38.034;FGBL SI 20250306 PS;SIMPLE_INSTRUMENT;EFS;EUR;140;131.24000000;208;EXCHANGE_LAST;;1;1;XEUR;11286679;688;
29.01.2025;16:50:26.495;FGBL SI 20250306 PS;SIMPLE_INSTRUMENT;EFS;EUR;141;131.53000000;500;EXCHANGE_LAST;;1;1;XEUR;11286679;688;
29.01.2025;16:51:54.528;FGBL SI 20250306 PS;SIMPLE_INSTRUMENT;EFS;EUR;142;131.22000000;291;EXCHANGE_LAST;;1;1;XEUR;11286679;688;
29.01.2025;16:52:35.143;FGBL SI 20250306 PS;SIMPLE_INSTRUMENT;EFS;EUR;143;131.24000000;833;EXCHANGE_LAST;;1;1;XEUR;11286679;688;
29.01.2025;16:53:52.798;FGBL SI 20250306 PS;SIMPLE_INSTRUMENT;EFS;EUR;144;131.23000000;125;EXCHANGE_LAST;;1;1;XEUR;11286679;688;
29.01.2025;11:08:11.206;FGBL SI 20250306 PS;SIMPLE_INSTRUMENT;VOLA;EUR;268435480;131.70000000;46;EXCHANGE_LAST;;1;1;XEUR;11286679;688;
29.01.2025;11:08:45.304;FGBL SI 20250306 PS;SIMPLE_INSTRUMENT;VOLA;EUR;268435481;131.70000000;46;EXCHANGE_LAST;;1;1;XEUR;11286679;688;
29.01.2025;12:25:50.856;FGBL SI 20250306 PS;SIMPLE_INSTRUMENT;VOLA;EUR;268435491;131.55000000;29;EXCHANGE_LAST;;1;1;XEUR;11286679;688;
29.01.2025;12:28:19.875;FGBL SI 20250306 PS;SIMPLE_INSTRUMENT;VOLA;EUR;268435492;131.55000000;29;EXCHANGE_LAST;;1;1;XEUR;11286679;688;
29.01.2025;15:54:56.054;FGBL SI 20250306 PS;SIMPLE_INSTRUMENT;VOLA;EUR;268435508;131.44000000;560;EXCHANGE_LAST;;1;1;XEUR;11286679;688;
29.01.2025;15:55:29.099;FGBL SI 20250306 PS;SIMPLE_INSTRUMENT;VOLA;EUR;268435509;131.44000000;340;EXCHANGE_LAST;;1;1;XEUR;11286679;688;
29.01.2025;07:45:04.683;FGBM SI 20250306 PS;SIMPLE_INSTRUMENT;EFS;EUR;1;116.89000000;913;EXCHANGE_LAST;;1;1;XEUR;11286680;689;
29.01.2025;08:31:05.994;FGBM SI 20250306 PS;SIMPLE_INSTRUMENT;EFS;EUR;2;116.89000000;398;EXCHANGE_LAST;;1;1;XEUR;11286680;689;
29.01.2025;08:47:09.331;FGBM SI 20250306 PS;SIMPLE_INSTRUMENT;EFS;EUR;3;116.86000000;1048;EXCHANGE_LAST;;1;1;XEUR;11286680;689;
29.01.2025;09:00:46.812;FGBM SI 20250306 PS;SIMPLE_INSTRUMENT;EFS;EUR;4;116.88000000;861;EXCHANGE_LAST;;1;1;XEUR;11286680;689;
29.01.2025;09:17:10.630;FGBM SI 20250306 PS;SIMPLE_INSTRUMENT;EFS;EUR;5;116.91000000;617;EXCHANGE_LAST;;1;1;XEUR;11286680;689;
29.01.2025;09:20:26.885;FGBM SI 20250306 PS;SIMPLE_INSTRUMENT;EFS;EUR;6;116.86000000;1990;EXCHANGE_LAST;;1;1;XEUR;11286680;689;
29.01.2025;09:25:38.462;FGBM SI 20250306 PS;SIMPLE_INSTRUMENT;EFP_FIN;EUR;7;116.86000000;198;EXCHANGE_LAST;;1;1;XEUR;11286680;689;
29.01.2025;09:26:36.557;FGBM SI 20250306 PS;SIMPLE_INSTRUMENT;EFS;EUR;8;116.89000000;955;EXCHANGE_LAST;;1;1;XEUR;11286680;689;
29.01.2025;09:35:15.313;FGBM SI 20250306 PS;SIMPLE_INSTRUMENT;EFP_FIN;EUR;9;116.89000000;800;EXCHANGE_LAST;;1;1;XEUR;11286680;689;
29.01.2025;09:42:58.296;FGBM SI 20250306 PS;SIMPLE_INSTRUMENT;EFS;EUR;10;116.90000000;298;EXCHANGE_LAST;;1;1;XEUR;11286680;689;
29.01.2025;09:50:39.891;FGBM SI 20250306 PS;SIMPLE_INSTRUMENT;EFS;EUR;11;116.93000000;912;EXCHANGE_LAST;;1;1;XEUR;11286680;689;
29.01.2025;09:53:20.018;FGBM SI 20250306 PS;SIMPLE_INSTRUMENT;EFS;EUR;12;116.94000000;1292;EXCHANGE_LAST;;1;1;XEUR;11286680;689;
29.01.2025;10:02:51.389;FGBM SI 20250306 PS;SIMPLE_INSTRUMENT;EFP_FIN;EUR;13;116.91000000;301;EXCHANGE_LAST;;1;1;XEUR;11286680;689;
29.01.2025;10:03:06.903;FGBM SI 20250306 PS;SIMPLE_INSTRUMENT;EFS;EUR;14;116.94000000;1910;EXCHANGE_LAST;;1;1;XEUR;11286680;689;
29.01.2025;10:10:09.754;FGBM SI 20250306 PS;SIMPLE_INSTRUMENT;EFS;EUR;15;116.93000000;456;EXCHANGE_LAST;;1;1;XEUR;11286680;689;
29.01.2025;10:11:13.973;FGBM SI 20250306 PS;SIMPLE_INSTRUMENT;EFS;EUR;16;116.92000000;456;EXCHANGE_LAST;;1;1;XEUR;11286680;689;
29.01.2025;10:41:39.232;FGBM SI 20250306 PS;SIMPLE_INSTRUMENT;EFS;EUR;19;116.95000000;951;EXCHANGE_LAST;;1;1;XEUR;11286680;689;
29.01.2025;10:44:32.887;FGBM SI 20250306 PS;SIMPLE_INSTRUMENT;EFP_FIN;EUR;20;116.89000000;192;EXCHANGE_LAST;;1;1;XEUR;11286680;689;
29.01.2025;10:58:02.402;FGBM SI 20250306 PS;SIMPLE_INSTRUMENT;EFP_FIN;EUR;21;116.91000000;223;EXCHANGE_LAST;;1;1;XEUR;11286680;689;
29.01.2025;10:51:03.508;FGBM SI 20250306 PS;SIMPLE_INSTRUMENT;EFP_FIN;EUR;22;116.91000000;1293;EXCHANGE_LAST;;1;1;XEUR;11286680;689;
29.01.2025;11:01:31.455;FGBM SI 20250306 PS;SIMPLE_INSTRUMENT;EFP_FIN;EUR;23;116.92000000;371;EXCHANGE_LAST;;1;1;XEUR;11286680;689;
29.01.2025;11:06:46.473;FGBM SI 20250306 PS;SIMPLE_INSTRUMENT;EFS;EUR;24;116.94000000;1491;EXCHANGE_LAST;;1;1;XEUR;11286680;689;
29.01.2025;11:21:27.177;FGBM SI 20250306 PS;SIMPLE_INSTRUMENT;EFS;EUR;25;116.93000000;950;EXCHANGE_LAST;;1;1;XEUR;11286680;689;
29.01.2025;11:22:23.970;FGBM SI 20250306 PS;SIMPLE_INSTRUMENT;EFP_FIN;EUR;26;116.88000000;268;EXCHANGE_LAST;;1;1;XEUR;11286680;689;
29.01.2025;11:33:31.897;FGBM SI 20250306 PS;SIMPLE_INSTRUMENT;EFS;EUR;27;116.90000000;477;EXCHANGE_LAST;;1;1;XEUR;11286680;689;
29.01.2025;11:36:06.255;FGBM SI 20250306 PS;SIMPLE_INSTRUMENT;EFS;EUR;28;116.89000000;400;EXCHANGE_LAST;;1;1;XEUR;11286680;689;
29.01.2025;11:38:39.212;FGBM SI 20250306 PS;SIMPLE_INSTRUMENT;EFP_FIN;EUR;29;116.90000000;184;EXCHANGE_LAST;;1;1;XEUR;11286680;689;
29.01.2025;11:38:51.386;FGBM SI 20250306 PS;SIMPLE_INSTRUMENT;EFP_FIN;EUR;30;116.88000000;73;EXCHANGE_LAST;;1;1;XEUR;11286680;689;
29.01.2025;11:50:36.174;FGBM SI 20250306 PS;SIMPLE_INSTRUMENT;EFS;EUR;31;116.87000000;1913;EXCHANGE_LAST;;1;1;XEUR;11286680;689;
29.01.2025;11:57:59.932;FGBM SI 20250306 PS;SIMPLE_INSTRUMENT;EFS;EUR;32;116.93000000;994;EXCHANGE_LAST;;1;1;XEUR;11286680;689;
29.01.2025;12:08:18.595;FGBM SI 20250306 PS;SIMPLE_INSTRUMENT;EFS;EUR;33;116.89000000;913;EXCHANGE_LAST;;1;1;XEUR;11286680;689;
29.01.2025;12:31:28.840;FGBM SI 20250306 PS;SIMPLE_INSTRUMENT;EFS;EUR;34;116.87000000;955;EXCHANGE_LAST;;1;1;XEUR;11286680;689;
29.01.2025;12:36:31.716;FGBM SI 20250306 PS;SIMPLE_INSTRUMENT;EFS;EUR;35;116.89000000;684;EXCHANGE_LAST;;1;1;XEUR;11286680;689;
29.01.2025;12:36:46.732;FGBM SI 20250306 PS;SIMPLE_INSTRUMENT;EFS;EUR;36;116.89000000;913;EXCHANGE_LAST;;1;1;XEUR;11286680;689;
29.01.2025;12:42:31.988;FGBM SI 20250306 PS;SIMPLE_INSTRUMENT;EFS;EUR;37;116.89000000;3817;EXCHANGE_LAST;;1;1;XEUR;11286680;689;
29.01.2025;12:42:31.988;FGBM SI 20250306 PS;SIMPLE_INSTRUMENT;EFS;EUR;38;116.89000000;2715;EXCHANGE_LAST;;1;1;XEUR;11286680;689;
29.01.2025;12:48:59.674;FGBM SI 20250306 PS;SIMPLE_INSTRUMENT;EFP_FIN;EUR;39;116.88000000;725;EXCHANGE_LAST;;1;1;XEUR;11286680;689;
29.01.2025;12:51:17.961;FGBM SI 20250306 PS;SIMPLE_INSTRUMENT;EFS;EUR;40;116.88000000;150;EXCHANGE_LAST;;1;1;XEUR;11286680;689;
29.01.2025;13:08:01.846;FGBM SI 20250306 PS;SIMPLE_INSTRUMENT;EFS;EUR;41;116.87000000;1992;EXCHANGE_LAST;;1;1;XEUR;11286680;689;
29.01.2025;13:24:35.159;FGBM SI 20250306 PS;SIMPLE_INSTRUMENT;EFS;EUR;42;116.87000000;456;EXCHANGE_LAST;;1;1;XEUR;11286680;689;
29.01.2025;13:25:31.724;FGBM SI 20250306 PS;SIMPLE_INSTRUMENT;EFS;EUR;43;116.87000000;913;EXCHANGE_LAST;;1;1;XEUR;11286680;689;
29.01.2025;13:35:57.127;FGBM SI 20250306 PS;SIMPLE_INSTRUMENT;EFS;EUR;44;116.88000000;913;EXCHANGE_LAST;;1;1;XEUR;11286680;689;
29.01.2025;13:39:32.276;FGBM SI 20250306 PS;SIMPLE_INSTRUMENT;EFS;EUR;45;116.90000000;456;EXCHANGE_LAST;;1;1;XEUR;11286680;689;
29.01.2025;13:40:08.306;FGBM SI 20250306 PS;SIMPLE_INSTRUMENT;EFS;EUR;46;116.90000000;456;EXCHANGE_LAST;;1;1;XEUR;11286680;689;
29.01.2025;13:50:32.370;FGBM SI 20250306 PS;SIMPLE_INSTRUMENT;EFP_FIN;EUR;47;116.89000000;454;EXCHANGE_LAST;;1;1;XEUR;11286680;689;
29.01.2025;13:50:43.795;FGBM SI 20250306 PS;SIMPLE_INSTRUMENT;EFS;EUR;48;116.89000000;1989;EXCHANGE_LAST;;1;1;XEUR;11286680;689;
29.01.2025;13:51:16.788;FGBM SI 20250306 PS;SIMPLE_INSTRUMENT;EFS;EUR;49;116.87000000;456;EXCHANGE_LAST;;1;1;XEUR;11286680;689;
29.01.2025;13:51:50.568;FGBM SI 20250306 PS;SIMPLE_INSTRUMENT;EFP_FIN;EUR;50;116.87000000;188;EXCHANGE_LAST;;1;1;XEUR;11286680;689;
29.01.2025;13:52:38.263;FGBM SI 20250306 PS;SIMPLE_INSTRUMENT;EFS;EUR;51;116.86000000;456;EXCHANGE_LAST;;1;1;XEUR;11286680;689;
29.01.2025;13:54:06.184;FGBM SI 20250306 PS;SIMPLE_INSTRUMENT;EFS;EUR;52;116.87000000;1367;EXCHANGE_LAST;;1;1;XEUR;11286680;689;
29.01.2025;13:54:14.969;FGBM SI 20250306 PS;SIMPLE_INSTRUMENT;EFS;EUR;53;116.88000000;1906;EXCHANGE_LAST;;1;1;XEUR;11286680;689;
29.01.2025;14:07:03.461;FGBM SI 20250306 PS;SIMPLE_INSTRUMENT;EFP_FIN;EUR;54;116.89000000;456;EXCHANGE_LAST;;1;1;XEUR;11286680;689;
29.01.2025;14:14:36.804;FGBM SI 20250306 PS;SIMPLE_INSTRUMENT;EFS;EUR;55;116.83000000;912;EXCHANGE_LAST;;1;1;XEUR;11286680;689;
29.01.2025;14:16:25.456;FGBM SI 20250306 PS;SIMPLE_INSTRUMENT;EFS;EUR;56;116.83000000;456;EXCHANGE_LAST;;1;1;XEUR;11286680;689;
29.01.2025;14:21:36.092;FGBM SI 20250306 PS;SIMPLE_INSTRUMENT;EFS;EUR;57;116.82000000;913;EXCHANGE_LAST;;1;1;XEUR;11286680;689;
29.01.2025;14:22:13.175;FGBM SI 20250306 PS;SIMPLE_INSTRUMENT;EFP_FIN;EUR;58;116.84000000;470;EXCHANGE_LAST;;1;1;XEUR;11286680;689;
29.01.2025;14:22:24.148;FGBM SI 20250306 PS;SIMPLE_INSTRUMENT;EFS;EUR;59;116.82000000;1476;EXCHANGE_LAST;;1;1;XEUR;11286680;689;
29.01.2025;14:25:52.508;FGBM SI 20250306 PS;SIMPLE_INSTRUMENT;EFP_FIN;EUR;60;116.86000000;739;EXCHANGE_LAST;;1;1;XEUR;11286680;689;
29.01.2025;14:46:30.008;FGBM SI 20250306 PS;SIMPLE_INSTRUMENT;EFS;EUR;61;116.80000000;912;EXCHANGE_LAST;;1;1;XEUR;11286680;689;
29.01.2025;14:47:09.474;FGBM SI 20250306 PS;SIMPLE_INSTRUMENT;EFS;EUR;62;116.80000000;912;EXCHANGE_LAST;;1;1;XEUR;11286680;689;
29.01.2025;14:57:15.451;FGBM SI 20250306 PS;SIMPLE_INSTRUMENT;EFP_FIN;EUR;63;116.84000000;86;EXCHANGE_LAST;;1;1;XEUR;11286680;689;
29.01.2025;14:59:13.963;FGBM SI 20250306 PS;SIMPLE_INSTRUMENT;EFP_FIN;EUR;64;116.81000000;185;EXCHANGE_LAST;;1;1;XEUR;11286680;689;
29.01.2025;15:02:34.779;FGBM SI 20250306 PS;SIMPLE_INSTRUMENT;EFS;EUR;65;116.84000000;3655;EXCHANGE_LAST;;1;1;XEUR;11286680;689;
29.01.2025;15:10:19.226;FGBM SI 20250306 PS;SIMPLE_INSTRUMENT;EFS;EUR;66;116.84000000;932;EXCHANGE_LAST;;1;1;XEUR;11286680;689;
29.01.2025;15:14:16.213;FGBM SI 20250306 PS;SIMPLE_INSTRUMENT;EFS;EUR;67;116.81000000;431;EXCHANGE_LAST;;1;1;XEUR;11286680;689;
29.01.2025;15:15:11.257;FGBM SI 20250306 PS;SIMPLE_INSTRUMENT;EFS;EUR;68;116.81000000;861;EXCHANGE_LAST;;1;1;XEUR;11286680;689;
29.01.2025;15:16:05.293;FGBM SI 20250306 PS;SIMPLE_INSTRUMENT;EFS;EUR;69;116.81000000;913;EXCHANGE_LAST;;1;1;XEUR;11286680;689;
29.01.2025;15:16:16.301;FGBM SI 20250306 PS;SIMPLE_INSTRUMENT;EFS;EUR;70;116.81000000;913;EXCHANGE_LAST;;1;1;XEUR;11286680;689;
29.01.2025;15:17:29.207;FGBM SI 20250306 PS;SIMPLE_INSTRUMENT;EFS;EUR;71;116.81000000;1906;EXCHANGE_LAST;;1;1;XEUR;11286680;689;
29.01.2025;15:19:53.377;FGBM SI 20250306 PS;SIMPLE_INSTRUMENT;EFP_FIN;EUR;72;116.84000000;524;EXCHANGE_LAST;;1;1;XEUR;11286680;689;
29.01.2025;15:25:46.395;FGBM SI 20250306 PS;SIMPLE_INSTRUMENT;EFS;EUR;73;116.81000000;913;EXCHANGE_LAST;;1;1;XEUR;11286680;689;
29.01.2025;15:20:46.586;FGBM SI 20250306 PS;SIMPLE_INSTRUMENT;EFS;EUR;74;116.80000000;431;EXCHANGE_LAST;;1;1;XEUR;11286680;689;
29.01.2025;15:43:47.147;FGBM SI 20250306 PS;SIMPLE_INSTRUMENT;EFP_FIN;EUR;75;116.81000000;77;EXCHANGE_LAST;;1;1;XEUR;11286680;689;
29.01.2025;15:44:23.130;FGBM SI 20250306 PS;SIMPLE_INSTRUMENT;EFP_FIN;EUR;76;116.81000000;153;EXCHANGE_LAST;;1;1;XEUR;11286680;689;
29.01.2025;15:35:12.685;FGBM SI 20250306 PS;SIMPLE_INSTRUMENT;EFS;EUR;77;116.80000000;995;EXCHANGE_LAST;;1;1;XEUR;11286680;689;
29.01.2025;15:45:59.091;FGBM SI 20250306 PS;SIMPLE_INSTRUMENT;EFP_FIN;EUR;78;116.80000000;1663;EXCHANGE_LAST;;1;1;XEUR;11286680;689;
29.01.2025;15:49:44.465;FGBM SI 20250306 PS;SIMPLE_INSTRUMENT;EFS;EUR;79;116.77000000;913;EXCHANGE_LAST;;1;1;XEUR;11286680;689;
29.01.2025;15:48:12.041;FGBM SI 20250306 PS;SIMPLE_INSTRUMENT;EFP_FIN;EUR;80;116.76000000;906;EXCHANGE_LAST;;1;1;XEUR;11286680;689;
29.01.2025;15:52:08.740;FGBM SI 20250306 PS;SIMPLE_INSTRUMENT;EFS;EUR;81;116.76000000;913;EXCHANGE_LAST;;1;1;XEUR;11286680;689;
29.01.2025;15:53:49.281;FGBM SI 20250306 PS;SIMPLE_INSTRUMENT;EFP_FIN;EUR;82;116.76000000;1078;EXCHANGE_LAST;;1;1;XEUR;11286680;689;
29.01.2025;15:58:41.507;FGBM SI 20250306 PS;SIMPLE_INSTRUMENT;EFP_FIN;EUR;83;116.82000000;423;EXCHANGE_LAST;;1;1;XEUR;11286680;689;
29.01.2025;16:08:23.502;FGBM SI 20250306 PS;SIMPLE_INSTRUMENT;EFS;EUR;84;116.75000000;996;EXCHANGE_LAST;;1;1;XEUR;11286680;689;
29.01.2025;16:22:32.967;FGBM SI 20250306 PS;SIMPLE_INSTRUMENT;EFS;EUR;85;116.72000000;914;EXCHANGE_LAST;;1;1;XEUR;11286680;689;
29.01.2025;16:35:21.208;FGBM SI 20250306 PS;SIMPLE_INSTRUMENT;EFP_FIN;EUR;86;116.72000000;452;EXCHANGE_LAST;;1;1;XEUR;11286680;689;
29.01.2025;16:36:32.879;FGBM SI 20250306 PS;SIMPLE_INSTRUMENT;EFS;EUR;87;116.73000000;956;EXCHANGE_LAST;;1;1;XEUR;11286680;689;
29.01.2025;16:45:05.136;FGBM SI 20250306 PS;SIMPLE_INSTRUMENT;EFP_FIN;EUR;88;116.73000000;210;EXCHANGE_LAST;;1;1;XEUR;11286680;689;
29.01.2025;08:17:55.860;FGBS SI 20250306 PS;SIMPLE_INSTRUMENT;EFP_FIN;EUR;1;106.56000000;327;EXCHANGE_LAST;;1;1;XEUR;11286681;690;
29.01.2025;08:18:54.670;FGBS SI 20250306 PS;SIMPLE_INSTRUMENT;EFS;EUR;2;106.56000000;2749;EXCHANGE_LAST;;1;1;XEUR;11286681;690;
29.01.2025;08:48:20.249;FGBS SI 20250306 PS;SIMPLE_INSTRUMENT;EFP_FIN;EUR;3;106.56000000;327;EXCHANGE_LAST;;1;1;XEUR;11286681;690;
29.01.2025;08:51:14.494;FGBS SI 20250306 PS;SIMPLE_INSTRUMENT;EFS;EUR;4;106.55000000;5500;EXCHANGE_LAST;;1;1;XEUR;11286681;690;
29.01.2025;08:53:32.271;FGBS SI 20250306 PS;SIMPLE_INSTRUMENT;EFS;EUR;5;106.55000000;5500;EXCHANGE_LAST;;1;1;XEUR;11286681;690;
29.01.2025;09:04:08.642;FGBS SI 20250306 PS;SIMPLE_INSTRUMENT;EFP_FIN;EUR;6;106.55000000;249;EXCHANGE_LAST;;1;1;XEUR;11286681;690;
29.01.2025;09:07:35.149;FGBS SI 20250306 PS;SIMPLE_INSTRUMENT;EFS;EUR;7;106.55000000;1500;EXCHANGE_LAST;;1;1;XEUR;11286681;690;
29.01.2025;09:09:31.851;FGBS SI 20250306 PS;SIMPLE_INSTRUMENT;EFS;EUR;8;106.55000000;1000;EXCHANGE_LAST;;1;1;XEUR;11286681;690;
29.01.2025;09:18:42.879;FGBS SI 20250306 PS;SIMPLE_INSTRUMENT;EFS;EUR;9;106.54500000;2750;EXCHANGE_LAST;;1;1;XEUR;11286681;690;
29.01.2025;09:19:13.790;FGBS SI 20250306 PS;SIMPLE_INSTRUMENT;EFP_FIN;EUR;10;106.55000000;935;EXCHANGE_LAST;;1;1;XEUR;11286681;690;
29.01.2025;09:34:48.608;FGBS SI 20250306 PS;SIMPLE_INSTRUMENT;EFS;EUR;11;106.56500000;2640;EXCHANGE_LAST;;1;1;XEUR;11286681;690;
29.01.2025;09:42:03.552;FGBS SI 20250306 PS;SIMPLE_INSTRUMENT;EFS;EUR;12;106.56500000;824;EXCHANGE_LAST;;1;1;XEUR;11286681;690;
29.01.2025;10:17:56.450;FGBS SI 20250306 PS;SIMPLE_INSTRUMENT;EFS;EUR;13;106.57500000;1374;EXCHANGE_LAST;;1;1;XEUR;11286681;690;
29.01.2025;10:57:30.558;FGBS SI 20250306 PS;SIMPLE_INSTRUMENT;EFS;EUR;14;106.58000000;1100;EXCHANGE_LAST;;1;1;XEUR;11286681;690;
29.01.2025;11:08:38.437;FGBS SI 20250306 PS;SIMPLE_INSTRUMENT;EFP_FIN;EUR;15;106.59000000;359;EXCHANGE_LAST;;1;1;XEUR;11286681;690;
29.01.2025;11:20:20.943;FGBS SI 20250306 PS;SIMPLE_INSTRUMENT;EFS;EUR;16;106.57500000;10572;EXCHANGE_LAST;;1;1;XEUR;11286681;690;
29.01.2025;11:36:54.570;FGBS SI 20250306 PS;SIMPLE_INSTRUMENT;EFP_FIN;EUR;17;106.57000000;265;EXCHANGE_LAST;;1;1;XEUR;11286681;690;
29.01.2025;11:37:58.675;FGBS SI 20250306 PS;SIMPLE_INSTRUMENT;EFS;EUR;18;106.57000000;650;EXCHANGE_LAST;;1;1;XEUR;11286681;690;
29.01.2025;11:44:48.265;FGBS SI 20250306 PS;SIMPLE_INSTRUMENT;EFS;EUR;19;106.57000000;5498;EXCHANGE_LAST;;1;1;XEUR;11286681;690;
29.01.2025;11:57:51.931;FGBS SI 20250306 PS;SIMPLE_INSTRUMENT;EFS;EUR;20;106.57500000;2749;EXCHANGE_LAST;;1;1;XEUR;11286681;690;
29.01.2025;12:20:58.267;FGBS SI 20250306 PS;SIMPLE_INSTRUMENT;EFS;EUR;21;106.56500000;2749;EXCHANGE_LAST;;1;1;XEUR;11286681;690;
29.01.2025;12:26:47.438;FGBS SI 20250306 PS;SIMPLE_INSTRUMENT;EFS;EUR;22;106.57000000;2643;EXCHANGE_LAST;;1;1;XEUR;11286681;690;
29.01.2025;12:28:26.370;FGBS SI 20250306 PS;SIMPLE_INSTRUMENT;EFS;EUR;23;106.57000000;3964;EXCHANGE_LAST;;1;1;XEUR;11286681;690;
29.01.2025;12:41:21.498;FGBS SI 20250306 PS;SIMPLE_INSTRUMENT;EFS;EUR;24;106.57500000;7933;EXCHANGE_LAST;;1;1;XEUR;11286681;690;
29.01.2025;12:55:22.300;FGBS SI 20250306 PS;SIMPLE_INSTRUMENT;EFS;EUR;25;106.56000000;2749;EXCHANGE_LAST;;1;1;XEUR;11286681;690;
29.01.2025;12:59:11.862;FGBS SI 20250306 PS;SIMPLE_INSTRUMENT;EFS;EUR;26;106.56500000;2749;EXCHANGE_LAST;;1;1;XEUR;11286681;690;
29.01.2025;13:06:46.336;FGBS SI 20250306 PS;SIMPLE_INSTRUMENT;EFS;EUR;27;106.57000000;3964;EXCHANGE_LAST;;1;1;XEUR;11286681;690;
29.01.2025;13:07:32.765;FGBS SI 20250306 PS;SIMPLE_INSTRUMENT;EFS;EUR;28;106.57000000;1649;EXCHANGE_LAST;;1;1;XEUR;11286681;690;
29.01.2025;13:48:58.612;FGBS SI 20250306 PS;SIMPLE_INSTRUMENT;EFS;EUR;29;106.58000000;5546;EXCHANGE_LAST;;1;1;XEUR;11286681;690;
29.01.2025;13:49:45.980;FGBS SI 20250306 PS;SIMPLE_INSTRUMENT;BLOCK;EUR;30;106.57000000;5498;EXCHANGE_LAST;;1;1;XEUR;11286681;690;
29.01.2025;13:50:06.906;FGBS SI 20250306 PS;SIMPLE_INSTRUMENT;EFS;EUR;31;106.58000000;3387;EXCHANGE_LAST;;1;1;XEUR;11286681;690;
29.01.2025;14:09:11.533;FGBS SI 20250306 PS;SIMPLE_INSTRUMENT;EFP_FIN;EUR;32;106.57000000;115;EXCHANGE_LAST;;1;1;XEUR;11286681;690;
29.01.2025;14:09:19.534;FGBS SI 20250306 PS;SIMPLE_INSTRUMENT;EFP_FIN;EUR;34;106.57000000;329;EXCHANGE_LAST;;1;1;XEUR;11286681;690;
29.01.2025;14:18:22.141;FGBS SI 20250306 PS;SIMPLE_INSTRUMENT;EFP_FIN;EUR;35;106.57000000;179;EXCHANGE_LAST;;1;1;XEUR;11286681;690;
29.01.2025;14:42:24.027;FGBS SI 20250306 PS;SIMPLE_INSTRUMENT;EFP_FIN;EUR;36;106.55000000;263;EXCHANGE_LAST;;1;1;XEUR;11286681;690;
29.01.2025;14:46:14.038;FGBS SI 20250306 PS;SIMPLE_INSTRUMENT;EFP_FIN;EUR;37;106.55000000;330;EXCHANGE_LAST;;1;1;XEUR;11286681;690;
29.01.2025;15:01:47.207;FGBS SI 20250306 PS;SIMPLE_INSTRUMENT;EFP_FIN;EUR;38;106.55000000;333;EXCHANGE_LAST;;1;1;XEUR;11286681;690;
29.01.2025;15:14:34.815;FGBS SI 20250306 PS;SIMPLE_INSTRUMENT;EFS;EUR;40;106.56000000;2708;EXCHANGE_LAST;;1;1;XEUR;11286681;690;
29.01.2025;15:19:19.335;FGBS SI 20250306 PS;SIMPLE_INSTRUMENT;EFS;EUR;41;106.56000000;2000;EXCHANGE_LAST;;1;1;XEUR;11286681;690;
29.01.2025;15:36:08.791;FGBS SI 20250306 PS;SIMPLE_INSTRUMENT;EFS;EUR;42;106.55000000;2750;EXCHANGE_LAST;;1;1;XEUR;11286681;690;
29.01.2025;15:50:01.297;FGBS SI 20250306 PS;SIMPLE_INSTRUMENT;EFP_FIN;EUR;43;106.55000000;1059;EXCHANGE_LAST;;1;1;XEUR;11286681;690;
29.01.2025;15:57:12.380;FGBS SI 20250306 PS;SIMPLE_INSTRUMENT;EFP_FIN;EUR;44;106.56000000;593;EXCHANGE_LAST;;1;1;XEUR;11286681;690;
29.01.2025;15:58:21.026;FGBS SI 20250306 PS;SIMPLE_INSTRUMENT;EFP_FIN;EUR;45;106.56000000;329;EXCHANGE_LAST;;1;1;XEUR;11286681;690;
29.01.2025;16:01:45.500;FGBS SI 20250306 PS;SIMPLE_INSTRUMENT;EFS;EUR;46;106.52500000;5504;EXCHANGE_LAST;;1;1;XEUR;11286681;690;
29.01.2025;16:17:52.547;FGBS SI 20250306 PS;SIMPLE_INSTRUMENT;EFS;EUR;47;106.52000000;5000;EXCHANGE_LAST;;1;1;XEUR;11286681;690;
29.01.2025;16:17:44.547;FGBS SI 20250306 PS;SIMPLE_INSTRUMENT;EFS;EUR;48;106.52000000;3253;EXCHANGE_LAST;;1;1;XEUR;11286681;690;
29.01.2025;16:45:05.116;FGBS SI 20250306 PS;SIMPLE_INSTRUMENT;EFP_FIN;EUR;49;106.52000000;202;EXCHANGE_LAST;;1;1;XEUR;11286681;690;
29.01.2025;16:56:02.897;FGBS SI 20250306 PS;SIMPLE_INSTRUMENT;EFS;EUR;50;106.52000000;1005;EXCHANGE_LAST;;1;1;XEUR;11286681;690;
29.01.2025;16:01:25.328;FGBS SI 20250306 PS;SIMPLE_INSTRUMENT;VOLA;EUR;268435512;106.54500000;250;EXCHANGE_LAST;;1;1;XEUR;11286681;690;
29.01.2025;08:51:52.197;FGBX SI 20250306 PS;SIMPLE_INSTRUMENT;EFS;EUR;1;127.70000000;184;EXCHANGE_LAST;;1;1;XEUR;11286682;691;
29.01.2025;10:03:51.476;FGBX SI 20250306 PS;SIMPLE_INSTRUMENT;BLOCK;EUR;2;127.90000000;164;EXCHANGE_LAST;;1;1;XEUR;11286682;691;
29.01.2025;10:12:03.806;FGBX SI 20250306 PS;SIMPLE_INSTRUMENT;BLOCK;EUR;4;127.90000000;384;EXCHANGE_LAST;;1;1;XEUR;11286682;691;
29.01.2025;10:26:04.623;FGBX SI 20250306 PS;SIMPLE_INSTRUMENT;BLOCK;EUR;7;127.52000000;197;EXCHANGE_LAST;;1;1;XEUR;11286682;691;
29.01.2025;12:13:08.985;FGBX SI 20250306 PS;SIMPLE_INSTRUMENT;BLOCK;EUR;18;127.72000000;773;EXCHANGE_LAST;;1;1;XEUR;11286682;691;
29.01.2025;14:21:09.291;FGBX SI 20250306 PS;SIMPLE_INSTRUMENT;EFS;EUR;29;127.16000000;50;EXCHANGE_LAST;;1;1;XEUR;11286682;691;
29.01.2025;14:35:41.582;FGBX SI 20250306 PS;SIMPLE_INSTRUMENT;EFS;EUR;31;127.20000000;386;EXCHANGE_LAST;;1;1;XEUR;11286682;691;
29.01.2025;15:12:56.657;FGBX SI 20250306 PS;SIMPLE_INSTRUMENT;EFP_FIN;EUR;35;127.24000000;334;EXCHANGE_LAST;;1;1;XEUR;11286682;691;
29.01.2025;15:15:43.819;FGBX SI 20250306 PS;SIMPLE_INSTRUMENT;EFS;EUR;36;127.32000000;190;EXCHANGE_LAST;;1;1;XEUR;11286682;691;
29.01.2025;15:26:34.959;FGBX SI 20250306 PS;SIMPLE_INSTRUMENT;EFP_FIN;EUR;38;127.24000000;223;EXCHANGE_LAST;;1;1;XEUR;11286682;691;
29.01.2025;15:34:35.959;FGBX SI 20250306 PS;SIMPLE_INSTRUMENT;EFP_FIN;EUR;39;127.16000000;186;EXCHANGE_LAST;;1;1;XEUR;11286682;691;
29.01.2025;15:53:13.700;FGBX SI 20250306 PS;SIMPLE_INSTRUMENT;EFP_FIN;EUR;40;127.02000000;149;EXCHANGE_LAST;;1;1;XEUR;11286682;691;
29.01.2025;15:53:21.677;FGBX SI 20250306 PS;SIMPLE_INSTRUMENT;EFS;EUR;41;127.08000000;223;EXCHANGE_LAST;;1;1;XEUR;11286682;691;
29.01.2025;15:57:50.488;FGBX SI 20250306 PS;SIMPLE_INSTRUMENT;EFS;EUR;44;127.08000000;193;EXCHANGE_LAST;;1;1;XEUR;11286682;691;
29.01.2025;15:59:27.208;FGBX SI 20250306 PS;SIMPLE_INSTRUMENT;BLOCK;EUR;46;127.02000000;193;EXCHANGE_LAST;;1;1;XEUR;11286682;691;
29.01.2025;16:21:23.121;FGBX SI 20250306 PS;SIMPLE_INSTRUMENT;BLOCK;EUR;47;126.78000000;368;EXCHANGE_LAST;;1;1;XEUR;11286682;691;
29.01.2025;16:25:02.278;FGBX SI 20250306 PS;SIMPLE_INSTRUMENT;EFS;EUR;48;126.82000000;119;EXCHANGE_LAST;;1;1;XEUR;11286682;691;
29.01.2025;16:27:19.043;FGBX SI 20250306 PS;SIMPLE_INSTRUMENT;EFP_FIN;EUR;49;126.82000000;186;EXCHANGE_LAST;;1;1;XEUR;11286682;691;
29.01.2025;16:33:37.298;FGBX SI 20250306 PS;SIMPLE_INSTRUMENT;BLOCK;EUR;50;126.82000000;182;EXCHANGE_LAST;;1;1;XEUR;11286682;691;
29.01.2025;16:34:12.327;FGBX SI 20250306 PS;SIMPLE_INSTRUMENT;BLOCK;EUR;51;126.74000000;297;EXCHANGE_LAST;;1;1;XEUR;11286682;691;
29.01.2025;16:37:56.606;FGBX SI 20250306 PS;SIMPLE_INSTRUMENT;EFS;EUR;52;126.72000000;37;EXCHANGE_LAST;;1;1;XEUR;11286682;691;
29.01.2025;16:55:14.899;FMCE SI 20250321 CS;SIMPLE_INSTRUMENT;EFP_IDX;EUR;64;530.60000000;645;EXCHANGE_LAST;;1;1;XEUR;9693463;665;
29.01.2025;16:55:25.030;FMCE SI 20250321 CS;SIMPLE_INSTRUMENT;EFP_IDX;EUR;65;530.70000000;645;EXCHANGE_LAST;;1;1;XEUR;9693463;665;
29.01.2025;01:20:11.507;FMCH SI 20250321 CS;SIMPLE_INSTRUMENT;BLOCK;USD;4;515.49600000;7735;EXCHANGE_LAST;;1;1;XEUR;7592069;402909;
29.01.2025;07:45:45.370;FMCH SI 20250321 CS;SIMPLE_INSTRUMENT;BLOCK;USD;9;516.52100000;213;EXCHANGE_LAST;;1;1;XEUR;7592069;402909;
29.01.2025;08:24:07.461;FMEA SI 20250321 CS;SIMPLE_INSTRUMENT;BLOCK;USD;15;690.40000000;1450;EXCHANGE_LAST;;1;1;XEUR;7589834;12395;
29.01.2025;08:24:20.819;FMEA SI 20251219 CS;SIMPLE_INSTRUMENT;BLOCK;USD;16;714.28800000;1402;EXCHANGE_LAST;;1;1;XEUR;8837826;12395;
29.01.2025;10:39:21.363;FMEA SI 20250321 CS;SIMPLE_INSTRUMENT;BLOCK;USD;23;689.50000000;2180;EXCHANGE_LAST;;1;1;XEUR;7589834;12395;
29.01.2025;10:39:53.252;FMEA SI 20251219 CS;SIMPLE_INSTRUMENT;BLOCK;USD;24;713.42600000;2107;EXCHANGE_LAST;;1;1;XEUR;8837826;12395;
29.01.2025;08:55:10.498;FMEM SI 20250321 CS;SIMPLE_INSTRUMENT;BLOCK;USD;19;585.74800000;2153;EXCHANGE_LAST;;2;1;XEUR;7589821;12394;
29.01.2025;14:45:20.315;FMGO SI 20250321 CS;SIMPLE_INSTRUMENT;BLOCK;USD;34;5290.00000000;117;EXCHANGE_LAST;;1;1;XEUR;8609359;583623;
29.01.2025;01:13:34.516;FMIN SI 20250321 CS;SIMPLE_INSTRUMENT;BLOCK;USD;1;1178.67100000;60;EXCHANGE_LAST;;1;1;XEUR;7589865;12404;
29.01.2025;03:04:36.488;FMIN SI 20250321 CS;SIMPLE_INSTRUMENT;BLOCK;USD;5;1178.67100000;170;EXCHANGE_LAST;;1;1;XEUR;7589865;12404;
29.01.2025;03:33:44.285;FMIN SI 20250321 CS;SIMPLE_INSTRUMENT;BLOCK;USD;6;1178.67100000;425;EXCHANGE_LAST;;1;1;XEUR;7589865;12404;
29.01.2025;09:08:52.844;FMIN SI 20250321 CS;SIMPLE_INSTRUMENT;BLOCK;USD;20;1178.67100000;68;EXCHANGE_LAST;;1;1;XEUR;7589865;12404;
29.01.2025;10:44:03.346;FMIN SI 20250321 CS;SIMPLE_INSTRUMENT;BLOCK;USD;25;1193.30000000;44;EXCHANGE_LAST;;1;1;XEUR;7589865;12404;
29.01.2025;01:16:07.412;FMJP SI 20250321 CS;SIMPLE_INSTRUMENT;BLOCK;USD;2;8659.48900000;504;EXCHANGE_LAST;;1;1;XEUR;7588794;661;
29.01.2025;08:07:20.853;FMJP SI 20250321 CS;SIMPLE_INSTRUMENT;BLOCK;USD;12;8660.34900000;250;EXCHANGE_LAST;;1;1;XEUR;7588794;661;
29.01.2025;08:40:14.790;FMMU SI 20250321 CS;SIMPLE_INSTRUMENT;BLOCK;EUR;18;314.38500000;1115;EXCHANGE_LAST;;1;1;XEUR;7590724;48138;
29.01.2025;09:24:00.463;FMMU SI 20250321 CS;SIMPLE_INSTRUMENT;BLOCK;EUR;21;314.38500000;2065;EXCHANGE_LAST;;1;1;XEUR;7590724;48138;
29.01.2025;01:16:37.539;FMMY SI 20250321 CS;SIMPLE_INSTRUMENT;BLOCK;USD;3;383.25200000;20;EXCHANGE_LAST;;1;1;XEUR;7589866;12405;
29.01.2025;12:33:14.481;FMSA SI 20250321 CS;SIMPLE_INSTRUMENT;BLOCK;USD;30;1832.61000000;217;EXCHANGE_LAST;;1;1;XEUR;7591259;134861;
29.01.2025;16:27:38.693;FMSA SI 20250321 CS;SIMPLE_INSTRUMENT;BLOCK;USD;37;1843.64000000;400;EXCHANGE_LAST;;1;1;XEUR;7591259;134861;
29.01.2025;11:53:01.879;FMWN SI 20250321 CS;SIMPLE_INSTRUMENT;BLOCK;EUR;28;601.50000000;420;EXCHANGE_LAST;;1;1;XEUR;7590222;30654;
29.01.2025;07:39:37.834;FMWO SI 20250321 CS;SIMPLE_INSTRUMENT;BLOCK;USD;7;12224.67000000;112;EXCHANGE_LAST;;1;1;XEUR;7589707;7059;
29.01.2025;07:40:55.569;FMWO SI 20250321 CS;SIMPLE_INSTRUMENT;EFP_IDX;USD;8;12224.67000000;76;EXCHANGE_LAST;;1;1;XEUR;7589707;7059;
29.01.2025;07:59:14.383;FMWO SI 20250321 CS;SIMPLE_INSTRUMENT;EFP_IDX;USD;10;12224.66000000;16;EXCHANGE_LAST;;1;1;XEUR;7589707;7059;
29.01.2025;08:00:40.203;FMWO SI 20250321 CS;SIMPLE_INSTRUMENT;EFP_IDX;USD;11;12226.92000000;461;EXCHANGE_LAST;;1;1;XEUR;7589707;7059;
29.01.2025;08:07:25.730;FMWO SI 20250321 CS;SIMPLE_INSTRUMENT;EFP_IDX;USD;13;12224.56000000;245;EXCHANGE_LAST;;1;1;XEUR;7589707;7059;
29.01.2025;08:11:59.860;FMWO SI 20250321 CS;SIMPLE_INSTRUMENT;EFP_IDX;USD;14;12225.30700000;91;EXCHANGE_LAST;;1;1;XEUR;7589707;7059;
29.01.2025;08:28:15.498;FMWO SI 20250321 CS;SIMPLE_INSTRUMENT;EFP_IDX;USD;17;12224.17000000;419;EXCHANGE_LAST;;1;1;XEUR;7589707;7059;
29.01.2025;10:05:47.055;FMWO SI 20250321 CS;SIMPLE_INSTRUMENT;EFP_IDX;USD;22;12155.71000000;41;EXCHANGE_LAST;;1;1;XEUR;7589707;7059;
29.01.2025;16:19:35.259;FMWP SI 20250620 CS;SIMPLE_INSTRUMENT;BLOCK;USD;36;3880.00000000;540;EXCHANGE_LAST;;1;2;XEUR;7408971;30656;
29.01.2025;09:39:17.335;FOAT SI 20250306 PS;SIMPLE_INSTRUMENT;EFS;EUR;1;122.68000000;274;EXCHANGE_LAST;;1;1;XEUR;11286683;749;
29.01.2025;10:12:54.122;FOAT SI 20250306 PS;SIMPLE_INSTRUMENT;EFP_FIN;EUR;2;122.73000000;520;EXCHANGE_LAST;;1;1;XEUR;11286683;749;
29.01.2025;10:22:24.098;FOAT SI 20250306 PS;SIMPLE_INSTRUMENT;EFP_FIN;EUR;3;122.65000000;834;EXCHANGE_LAST;;1;1;XEUR;11286683;749;
29.01.2025;10:38:09.479;FOAT SI 20250306 PS;SIMPLE_INSTRUMENT;EFP_FIN;EUR;4;122.74000000;584;EXCHANGE_LAST;;1;1;XEUR;11286683;749;
29.01.2025;10:59:30.448;FOAT SI 20250306 PS;SIMPLE_INSTRUMENT;EFP_FIN;EUR;5;122.65000000;597;EXCHANGE_LAST;;1;1;XEUR;11286683;749;
29.01.2025;11:09:21.664;FOAT SI 20250306 PS;SIMPLE_INSTRUMENT;EFS;EUR;6;122.64000000;274;EXCHANGE_LAST;;1;1;XEUR;11286683;749;
29.01.2025;11:09:42.793;FOAT SI 20250306 PS;SIMPLE_INSTRUMENT;EFP_FIN;EUR;7;122.62000000;458;EXCHANGE_LAST;;1;1;XEUR;11286683;749;
29.01.2025;11:17:36.763;FOAT SI 20250306 PS;SIMPLE_INSTRUMENT;EFP_FIN;EUR;8;122.65000000;162;EXCHANGE_LAST;;1;1;XEUR;11286683;749;
29.01.2025;11:24:14.286;FOAT SI 20250306 PS;SIMPLE_INSTRUMENT;EFP_FIN;EUR;9;122.62000000;309;EXCHANGE_LAST;;1;1;XEUR;11286683;749;
29.01.2025;11:25:08.634;FOAT SI 20250306 PS;SIMPLE_INSTRUMENT;EFP_FIN;EUR;10;122.60000000;834;EXCHANGE_LAST;;1;1;XEUR;11286683;749;
29.01.2025;11:25:08.634;FOAT SI 20250306 PS;SIMPLE_INSTRUMENT;EFP_FIN;EUR;11;122.60000000;2502;EXCHANGE_LAST;;1;1;XEUR;11286683;749;
29.01.2025;11:25:08.634;FOAT SI 20250306 PS;SIMPLE_INSTRUMENT;EFP_FIN;EUR;12;122.60000000;2084;EXCHANGE_LAST;;1;1;XEUR;11286683;749;
29.01.2025;11:30:47.519;FOAT SI 20250306 PS;SIMPLE_INSTRUMENT;EFP_FIN;EUR;13;122.62000000;207;EXCHANGE_LAST;;1;1;XEUR;11286683;749;
29.01.2025;11:45:59.112;FOAT SI 20250306 PS;SIMPLE_INSTRUMENT;EFP_FIN;EUR;14;122.50000000;1668;EXCHANGE_LAST;;1;1;XEUR;11286683;749;
29.01.2025;11:49:05.709;FOAT SI 20250306 PS;SIMPLE_INSTRUMENT;EFP_FIN;EUR;15;122.45000000;834;EXCHANGE_LAST;;1;1;XEUR;11286683;749;
29.01.2025;11:58:15.578;FOAT SI 20250306 PS;SIMPLE_INSTRUMENT;EFP_FIN;EUR;16;122.58000000;521;EXCHANGE_LAST;;1;1;XEUR;11286683;749;
29.01.2025;12:06:33.104;FOAT SI 20250306 PS;SIMPLE_INSTRUMENT;EFP_FIN;EUR;17;122.45000000;261;EXCHANGE_LAST;;1;1;XEUR;11286683;749;
29.01.2025;12:12:51.647;FOAT SI 20250306 PS;SIMPLE_INSTRUMENT;EFP_FIN;EUR;18;122.46000000;2085;EXCHANGE_LAST;;1;1;XEUR;11286683;749;
29.01.2025;12:28:45.387;FOAT SI 20250306 PS;SIMPLE_INSTRUMENT;EFP_FIN;EUR;19;122.74000000;208;EXCHANGE_LAST;;1;1;XEUR;11286683;749;
29.01.2025;12:37:38.850;FOAT SI 20250306 PS;SIMPLE_INSTRUMENT;EFP_FIN;EUR;20;122.44000000;137;EXCHANGE_LAST;;1;1;XEUR;11286683;749;
29.01.2025;12:38:26.894;FOAT SI 20250306 PS;SIMPLE_INSTRUMENT;EFP_FIN;EUR;21;122.74000000;4132;EXCHANGE_LAST;;1;1;XEUR;11286683;749;
29.01.2025;12:58:27.737;FOAT SI 20250306 PS;SIMPLE_INSTRUMENT;EFP_FIN;EUR;22;122.74000000;2085;EXCHANGE_LAST;;1;1;XEUR;11286683;749;
29.01.2025;13:35:44.367;FOAT SI 20250306 PS;SIMPLE_INSTRUMENT;EFP_FIN;EUR;23;122.42000000;834;EXCHANGE_LAST;;1;1;XEUR;11286683;749;
29.01.2025;13:33:33.460;FOAT SI 20250306 PS;SIMPLE_INSTRUMENT;EFP_FIN;EUR;24;122.43000000;2084;EXCHANGE_LAST;;1;1;XEUR;11286683;749;
29.01.2025;13:46:57.887;FOAT SI 20250306 PS;SIMPLE_INSTRUMENT;EFP_FIN;EUR;25;122.42000000;417;EXCHANGE_LAST;;1;1;XEUR;11286683;749;
29.01.2025;13:49:05.838;FOAT SI 20250306 PS;SIMPLE_INSTRUMENT;EFP_FIN;EUR;26;122.50000000;834;EXCHANGE_LAST;;1;1;XEUR;11286683;749;
29.01.2025;14:03:57.687;FOAT SI 20250306 PS;SIMPLE_INSTRUMENT;EFP_FIN;EUR;27;122.41000000;154;EXCHANGE_LAST;;1;1;XEUR;11286683;749;
29.01.2025;14:06:55.116;FOAT SI 20250306 PS;SIMPLE_INSTRUMENT;EFP_FIN;EUR;28;122.43000000;298;EXCHANGE_LAST;;1;1;XEUR;11286683;749;
29.01.2025;14:06:54.657;FOAT SI 20250306 PS;SIMPLE_INSTRUMENT;EFP_FIN;EUR;29;122.41000000;166;EXCHANGE_LAST;;1;1;XEUR;11286683;749;
29.01.2025;14:14:46.637;FOAT SI 20250306 PS;SIMPLE_INSTRUMENT;EFP_FIN;EUR;30;122.50000000;2215;EXCHANGE_LAST;;1;1;XEUR;11286683;749;
29.01.2025;14:21:48.519;FOAT SI 20250306 PS;SIMPLE_INSTRUMENT;EFP_FIN;EUR;31;122.43000000;834;EXCHANGE_LAST;;1;1;XEUR;11286683;749;
29.01.2025;14:25:43.751;FOAT SI 20250306 PS;SIMPLE_INSTRUMENT;EFP_FIN;EUR;32;122.47000000;441;EXCHANGE_LAST;;1;1;XEUR;11286683;749;
29.01.2025;14:24:59.508;FOAT SI 20250306 PS;SIMPLE_INSTRUMENT;EFP_FIN;EUR;33;122.47000000;98;EXCHANGE_LAST;;1;1;XEUR;11286683;749;
29.01.2025;14:59:11.990;FOAT SI 20250306 PS;SIMPLE_INSTRUMENT;EFP_FIN;EUR;34;122.50000000;354;EXCHANGE_LAST;;1;1;XEUR;11286683;749;
29.01.2025;14:59:30.233;FOAT SI 20250306 PS;SIMPLE_INSTRUMENT;EFP_FIN;EUR;35;122.45000000;2085;EXCHANGE_LAST;;1;1;XEUR;11286683;749;
29.01.2025;15:01:40.585;FOAT SI 20250306 PS;SIMPLE_INSTRUMENT;EFP_FIN;EUR;36;122.46000000;834;EXCHANGE_LAST;;1;1;XEUR;11286683;749;
29.01.2025;16:05:52.687;FOAT SI 20250306 PS;SIMPLE_INSTRUMENT;EFP_FIN;EUR;37;122.36000000;4170;EXCHANGE_LAST;;1;1;XEUR;11286683;749;
29.01.2025;16:19:15.357;FOAT SI 20250306 PS;SIMPLE_INSTRUMENT;EFP_FIN;EUR;38;122.36000000;834;EXCHANGE_LAST;;1;1;XEUR;11286683;749;
29.01.2025;16:19:44.396;FOAT SI 20250306 PS;SIMPLE_INSTRUMENT;EFP_FIN;EUR;39;122.36000000;1668;EXCHANGE_LAST;;1;1;XEUR;11286683;749;
29.01.2025;16:19:51.111;FOAT SI 20250306 PS;SIMPLE_INSTRUMENT;EFP_FIN;EUR;40;122.28000000;77;EXCHANGE_LAST;;1;1;XEUR;11286683;749;
29.01.2025;16:39:03.078;FOAT SI 20250306 PS;SIMPLE_INSTRUMENT;EFP_FIN;EUR;41;122.26000000;2215;EXCHANGE_LAST;;1;1;XEUR;11286683;749;
29.01.2025;16:45:05.136;FOAT SI 20250306 PS;SIMPLE_INSTRUMENT;EFP_FIN;EUR;42;122.29000000;103;EXCHANGE_LAST;;1;1;XEUR;11286683;749;
29.01.2025;16:54:35.920;FOAT SI 20250306 PS;SIMPLE_INSTRUMENT;EFP_FIN;EUR;43;122.27000000;834;EXCHANGE_LAST;;1;1;XEUR;11286683;749;
29.01.2025;16:54:54.661;FOAT SI 20250306 PS;SIMPLE_INSTRUMENT;EFP_FIN;EUR;44;122.26000000;834;EXCHANGE_LAST;;1;1;XEUR;11286683;749;
29.01.2025;16:59:15.783;FOAT SI 20250306 PS;SIMPLE_INSTRUMENT;EFP_FIN;EUR;45;122.22000000;2502;EXCHANGE_LAST;;1;1;XEUR;11286683;749;
29.01.2025;17:10:22.225;FOAT SI 20250306 PS;SIMPLE_INSTRUMENT;EFP_FIN;EUR;46;122.27000000;493;EXCHANGE_LAST;;1;1;XEUR;11286683;749;
29.01.2025;16:50:57.308;FSEG SI 20250321 CS;SIMPLE_INSTRUMENT;EFP_IDX;EUR;60;198.10000000;7;EXCHANGE_LAST;;1;1;XEUR;11393888;109977;
29.01.2025;16:51:15.143;FSEG SI 20250321 CS;SIMPLE_INSTRUMENT;EFP_IDX;EUR;61;198.20000000;38;EXCHANGE_LAST;;1;1;XEUR;11393888;109977;
29.01.2025;16:52:23.203;FSEG SI 20250321 CS;SIMPLE_INSTRUMENT;EFP_IDX;EUR;62;198.10000000;13;EXCHANGE_LAST;;1;1;XEUR;11393888;109977;
29.01.2025;16:52:45.005;FSEG SI 20250321 CS;SIMPLE_INSTRUMENT;EFP_IDX;EUR;63;198.20000000;246;EXCHANGE_LAST;;1;1;XEUR;11393888;109977;
29.01.2025;16:33:49.945;FSMI SI 20250321 CS;SIMPLE_INSTRUMENT;BLOCK;CHF;1;12510.00000000;800;EXCHANGE_LAST;;1;1;XEUR;7793721;757;
29.01.2025;17:02:49.554;FSMI SI 20250321 CS;SIMPLE_INSTRUMENT;EFP_IDX;CHF;2;12500.00000000;200;EXCHANGE_LAST;;1;1;XEUR;7793721;757;
29.01.2025;16:44:59.550;FSMX SI 20250321 CS;SIMPLE_INSTRUMENT;EFP_IDX;EUR;54;26326.00000000;6;EXCHANGE_LAST;;1;1;XEUR;11405203;396422;
29.01.2025;16:45:12.495;FSMX SI 20250321 CS;SIMPLE_INSTRUMENT;EFP_IDX;EUR;55;26327.00000000;74;EXCHANGE_LAST;;1;1;XEUR;11405203;396422;
29.01.2025;13:58:34.238;FSTE SI 20250321 CS;SIMPLE_INSTRUMENT;BLOCK;EUR;1;345.30000000;1000;EXCHANGE_LAST;;1;1;XEUR;11359812;719;
29.01.2025;16:42:21.686;FSTS SI 20250321 CS;SIMPLE_INSTRUMENT;BLOCK;EUR;2;526.10000000;365;EXCHANGE_LAST;;1;1;XEUR;11359775;709;
29.01.2025;17:11:24.894;FSTS SI 20250321 CS;SIMPLE_INSTRUMENT;BLOCK;EUR;12;525.90000000;365;EXCHANGE_LAST;;1;1;XEUR;11359775;709;
29.01.2025;11:32:20.554;FSTS SI 20250321 CS;SIMPLE_INSTRUMENT;VOLA;EUR;603979793;525.80000000;27;EXCHANGE_LAST;;1;1;XEUR;11359775;709;
29.01.2025;16:48:16.041;FSTT SI 20250321 CS;SIMPLE_INSTRUMENT;BLOCK;EUR;3;240.70000000;492;EXCHANGE_LAST;;1;1;XEUR;11359772;708;
29.01.2025;16:50:40.049;FSTT SI 20250321 CS;SIMPLE_INSTRUMENT;BLOCK;EUR;5;240.90000000;312;EXCHANGE_LAST;;1;1;XEUR;11359772;708;
29.01.2025;16:54:05.840;FSTT SI 20250321 CS;SIMPLE_INSTRUMENT;EFP_IDX;EUR;6;240.80000000;150;EXCHANGE_LAST;;1;1;XEUR;11359772;708;
29.01.2025;16:54:55.161;FSTT SI 20250321 CS;SIMPLE_INSTRUMENT;EFP_IDX;EUR;7;240.90000000;350;EXCHANGE_LAST;;1;1;XEUR;11359772;708;
29.01.2025;16:56:17.173;FSTT SI 20250321 CS;SIMPLE_INSTRUMENT;EFP_IDX;EUR;8;240.80000000;256;EXCHANGE_LAST;;1;1;XEUR;11359772;708;
29.01.2025;16:56:30.992;FSTT SI 20250321 CS;SIMPLE_INSTRUMENT;EFP_IDX;EUR;9;240.90000000;597;EXCHANGE_LAST;;1;1;XEUR;11359772;708;
29.01.2025;17:10:23.214;FSTT SI 20250321 CS;SIMPLE_INSTRUMENT;BLOCK;EUR;10;240.80000000;297;EXCHANGE_LAST;;1;1;XEUR;11359772;708;
29.01.2025;17:10:41.258;FSTT SI 20250321 CS;SIMPLE_INSTRUMENT;BLOCK;EUR;11;240.90000000;507;EXCHANGE_LAST;;1;1;XEUR;11359772;708;
29.01.2025;16:49:47.822;FSTU SI 20250321 CS;SIMPLE_INSTRUMENT;EFP_IDX;EUR;56;383.80000000;180;EXCHANGE_LAST;;1;1;XEUR;11359815;730;
29.01.2025;16:50:05.337;FSTU SI 20250321 CS;SIMPLE_INSTRUMENT;EFP_IDX;EUR;57;383.90000000;120;EXCHANGE_LAST;;1;1;XEUR;11359815;730;
29.01.2025;16:51:51.391;FSTU SI 20250321 CS;SIMPLE_INSTRUMENT;EFP_IDX;EUR;58;383.80000000;450;EXCHANGE_LAST;;1;1;XEUR;11359815;730;
29.01.2025;16:52:52.475;FSTU SI 20250321 CS;SIMPLE_INSTRUMENT;EFP_IDX;EUR;59;383.90000000;300;EXCHANGE_LAST;;1;1;XEUR;11359815;730;
29.01.2025;10:16:02.182;FSTY SI 20250321 CS;SIMPLE_INSTRUMENT;VOLA;EUR;603979786;858.00000000;124;EXCHANGE_LAST;;1;1;XEUR;11359816;729;
29.01.2025;12:04:45.831;FTUK SI 20250321 CS;SIMPLE_INSTRUMENT;BLOCK;GBP;3;8550.00000000;5000;EXCHANGE_LAST;;1;1;XEUR;10880162;346692;
29.01.2025;16:50:47.861;FXXP SI 20250321 CS;SIMPLE_INSTRUMENT;EFP_IDX;EUR;38;534.80000000;750;EXCHANGE_LAST;;1;1;XEUR;7793972;816;
29.01.2025;16:50:54.830;FXXP SI 20250321 CS;SIMPLE_INSTRUMENT;EFP_IDX;EUR;39;534.90000000;1750;EXCHANGE_LAST;;1;1;XEUR;7793972;816;
29.01.2025;16:51:04.606;FXXP SI 20250321 CS;SIMPLE_INSTRUMENT;EFP_IDX;EUR;40;534.80000000;150;EXCHANGE_LAST;;1;1;XEUR;7793972;816;
29.01.2025;16:51:12.429;FXXP SI 20250321 CS;SIMPLE_INSTRUMENT;EFP_IDX;EUR;41;534.90000000;350;EXCHANGE_LAST;;1;1;XEUR;7793972;816;
29.01.2025;16:53:10.316;FXXP SI 20250321 CS;SIMPLE_INSTRUMENT;BLOCK;EUR;42;534.80000000;750;EXCHANGE_LAST;;1;1;XEUR;7793972;816;
29.01.2025;16:53:58.484;FXXP SI 20250321 CS;SIMPLE_INSTRUMENT;EFP_IDX;EUR;43;534.80000000;200;EXCHANGE_LAST;;1;1;XEUR;7793972;816;
29.01.2025;16:52:34.890;FXXP SI 20250321 CS;SIMPLE_INSTRUMENT;BLOCK;EUR;44;534.90000000;1750;EXCHANGE_LAST;;1;1;XEUR;7793972;816;
29.01.2025;16:55:19.527;FXXP SI 20250321 CS;SIMPLE_INSTRUMENT;EFP_IDX;EUR;45;534.90000000;300;EXCHANGE_LAST;;1;1;XEUR;7793972;816;
29.01.2025;16:53:42.369;FXXP SI 20250321 CS;SIMPLE_INSTRUMENT;EFP_IDX;EUR;46;534.80000000;400;EXCHANGE_LAST;;1;1;XEUR;7793972;816;
29.01.2025;16:53:49.442;FXXP SI 20250321 CS;SIMPLE_INSTRUMENT;EFP_IDX;EUR;47;534.90000000;600;EXCHANGE_LAST;;1;1;XEUR;7793972;816;
29.01.2025;17:46:15.576;FXXP SI 20250321 CS;SIMPLE_INSTRUMENT;EFP_IDX;EUR;50;534.80000000;825;EXCHANGE_LAST;;1;1;XEUR;7793972;816;
29.01.2025;17:46:00.634;FXXP SI 20250321 CS;SIMPLE_INSTRUMENT;EFP_IDX;EUR;51;534.90000000;3303;EXCHANGE_LAST;;1;1;XEUR;7793972;816;
29.01.2025;15:37:36.239;FXXP SI 20250321 CS;SIMPLE_INSTRUMENT;VOLA;EUR;603979826;535.50000000;400;EXCHANGE_LAST;;1;1;XEUR;7793972;816;
29.01.2025;15:38:26.798;FXXP SI 20250321 CS;SIMPLE_INSTRUMENT;VOLA;EUR;603979827;535.50000000;400;EXCHANGE_LAST;;1;1;XEUR;7793972;816;
29.01.2025;15:38:40.549;FXXP SI 20250321 CS;SIMPLE_INSTRUMENT;VOLA;EUR;603979828;535.50000000;180;EXCHANGE_LAST;;1;1;XEUR;7793972;816;
29.01.2025;15:39:03.153;FXXP SI 20250321 CS;SIMPLE_INSTRUMENT;VOLA;EUR;603979829;535.50000000;180;EXCHANGE_LAST;;1;1;XEUR;7793972;816;
29.01.2025;09:45:38.678;GAD SI 20250417 PS AM C 120.00 0;SIMPLE_INSTRUMENT;BLOCK;CHF;7;2.54000000;119;EXCHANGE_LAST;;1;1;XEUR;12666492;834185;
29.01.2025;10:17:09.250;GLEN SI 20250620 PS AM P 320 0;SIMPLE_INSTRUMENT;BLOCK;GBX;1;14.75000000;1000;EXCHANGE_LAST;;1;1;XEUR;9873114;864;
29.01.2025;12:15:31.240;GZF SI 20261218 PS AM P 14.00 0;SIMPLE_INSTRUMENT;BLOCK;EUR;25;1.53000000;5000;EXCHANGE_LAST;;1;1;XEUR;7159824;855;
29.01.2025;15:33:38.260;GZFH SI 20250321 CS;SIMPLE_INSTRUMENT;BLOCK;EUR;85;15.58700000;7000;EXCHANGE_LAST;;1;1;XEUR;10725716;144768;
29.01.2025;11:05:51.942;HELN.O.250129.BER.000001;STANDARD_OPTION_STRATEGY;BLOCK;CHF;20;1.35000000;4000;EXCHANGE_LAST;;1;1;XEUR;72061193220528928;838;
29.01.2025;11:05:51.942;HELN SI 20250221 PS AM P 150.00 0;SIMPLE_INSTRUMENT;BLOCK;CHF;20;0.32000000;4000;PRC_DECOMP_EXCHANGE;;;;XEUR;12246025;838;EXCHANGE
29.01.2025;11:05:51.942;HELN SI 20250221 PS AM P 160.00 0;SIMPLE_INSTRUMENT;BLOCK;CHF;20;1.67000000;4000;PRC_DECOMP_EXCHANGE;;;;XEUR;12246017;838;EXCHANGE
29.01.2025;12:32:59.120;HOLN SI 20250321 PS AM C 92.00 0;SIMPLE_INSTRUMENT;BLOCK;CHF;32;2.65000000;500;EXCHANGE_LAST;;1;1;XEUR;10842856;943;
29.01.2025;14:27:54.948;HOLN SI 20250321 PS AM C 92.00 0;SIMPLE_INSTRUMENT;BLOCK;CHF;47;2.65000000;500;EXCHANGE_LAST;;1;1;XEUR;10842856;943;
29.01.2025;16:06:41.831;HOLN SI 20250620 PS AM C 92.00 0;SIMPLE_INSTRUMENT;BLOCK;CHF;56;3.94000000;500;EXCHANGE_LAST;;1;1;XEUR;9038839;943;
29.01.2025;16:06:42.439;HOLN SI 20250620 PS AM C 100.00 0;SIMPLE_INSTRUMENT;BLOCK;CHF;57;1.34000000;500;EXCHANGE_LAST;;1;1;XEUR;9551669;943;
29.01.2025;12:40:03.008;IES5.O.250129.COMBO.000001;STANDARD_OPTION_STRATEGY;BLOCK;EUR;12;-0.00500000;1500;EXCHANGE_LAST;;1;1;XEUR;72061459508502791;900;
29.01.2025;12:40:03.008;IES5 SI 20250320 PS AM C 4.30 0;SIMPLE_INSTRUMENT;BLOCK;EUR;12;0.09500000;1500;PRC_DECOMP_EXCHANGE;;;;XEUR;12421811;900;EXCHANGE
29.01.2025;12:40:03.008;IES5 SI 20250320 PS AM P 4.10 0;SIMPLE_INSTRUMENT;BLOCK;EUR;12;0.09000000;1500;PRC_DECOMP_EXCHANGE;;;;XEUR;12421808;900;EXCHANGE
29.01.2025;14:02:57.798;IFX SI 20261218 PS AM P 24.00 0;SIMPLE_INSTRUMENT;BLOCK;EUR;8;2.31000000;1000;EXCHANGE_LAST;;1;1;XEUR;7289563;902;
29.01.2025;15:41:44.914;IFX.O.250129.STG.000004;STANDARD_OPTION_STRATEGY;BLOCK;EUR;10;6.43000000;1500;EXCHANGE_LAST;;1;1;XEUR;72061468098469429;902;
29.01.2025;15:41:44.914;IFX SI 20251219 PS AM P 30.00 0;SIMPLE_INSTRUMENT;BLOCK;EUR;10;3.03000000;1500;PRC_DECOMP_EXCHANGE;;;;XEUR;12445045;902;EXCHANGE
29.01.2025;15:41:44.914;IFX SI 20251219 PS AM C 36.00 0;SIMPLE_INSTRUMENT;BLOCK;EUR;10;3.40000000;1500;PRC_DECOMP_EXCHANGE;;;;XEUR;5933328;902;EXCHANGE
29.01.2025;13:37:30.705;IXD SI 20250620 PS AM P 46.00 0;SIMPLE_INSTRUMENT;BLOCK;EUR;16;1.14000000;2500;EXCHANGE_LAST;;1;1;XEUR;12160868;989;
29.01.2025;09:59:38.950;KNIN SI 20250919 PS AM P 180.00 0;SIMPLE_INSTRUMENT;BLOCK;CHF;9;5.55000000;200;EXCHANGE_LAST;;1;1;XEUR;11886768;1091;
29.01.2025;12:49:04.664;KNIN SI 20250919 PS AM P 180.00 0;SIMPLE_INSTRUMENT;BLOCK;CHF;33;5.60000000;650;EXCHANGE_LAST;;1;1;XEUR;11886768;1091;
29.01.2025;10:30:34.373;KPN.O.250129.STG.000001;STANDARD_OPTION_STRATEGY;BLOCK;EUR;4;0.48000000;4000;EXCHANGE_LAST;;1;1;XEUR;72062292732151494;1094;
29.01.2025;10:30:34.373;KPN SI 20261218 PS AM C 3.60 0;SIMPLE_INSTRUMENT;BLOCK;EUR;4;0.27000000;4000;PRC_DECOMP_EXCHANGE;;;;XEUR;7162062;1094;EXCHANGE
29.01.2025;10:30:34.373;KPN SI 20261218 PS AM P 3.20 0;SIMPLE_INSTRUMENT;BLOCK;EUR;4;0.21000000;4000;PRC_DECOMP_EXCHANGE;;;;XEUR;7162054;1094;EXCHANGE
29.01.2025;14:49:10.096;LHA SI 20251219 PS AM P 6.00 0;SIMPLE_INSTRUMENT;BLOCK;EUR;21;0.63000000;15000;EXCHANGE_LAST;;1;3;XEUR;11786916;1126;
29.01.2025;12:27:45.887;LONN SI 20250417 PS AM P 520.00 0;SIMPLE_INSTRUMENT;BLOCK;CHF;31;9.55000000;1500;EXCHANGE_LAST;;1;1;XEUR;12626098;1141;
29.01.2025;13:43:18.536;LONN SI 20251219 PS AM C 640.00 0;SIMPLE_INSTRUMENT;BLOCK;CHF;40;34.80000000;1000;EXCHANGE_LAST;;1;1;XEUR;5936318;1141;
29.01.2025;10:31:53.697;M3OH SI 20251219 CS;SIMPLE_INSTRUMENT;BLOCK;EUR;21;13.05000000;86;EXCHANGE_LAST;;1;1;XEUR;5914889;45419;
29.01.2025;14:01:29.415;M3OH SI 20261218 CS;SIMPLE_INSTRUMENT;BLOCK;EUR;64;13.35000000;90;EXCHANGE_LAST;;1;1;XEUR;6820079;45419;
29.01.2025;14:46:44.841;M3OH SI 20261218 CS;SIMPLE_INSTRUMENT;BLOCK;EUR;75;13.35000000;15;EXCHANGE_LAST;;1;1;XEUR;6820079;45419;
29.01.2025;09:51:37.305;MOH SI 20250919 PS AM P 720.00 0;SIMPLE_INSTRUMENT;BLOCK;EUR;11;68.30000000;150;EXCHANGE_LAST;;1;1;XEUR;11886615;1074;
29.01.2025;11:29:33.987;MOH.O.250129.STG.000020;STANDARD_OPTION_STRATEGY;BLOCK;EUR;24;65.20000000;100;EXCHANGE_LAST;;1;1;XEUR;72062206832832380;1074;
29.01.2025;11:29:33.987;MOH SI 20250620 PS AM P 680.00 0;SIMPLE_INSTRUMENT;BLOCK;EUR;24;32.76000000;100;PRC_DECOMP_EXCHANGE;;;;XEUR;11365272;1074;EXCHANGE
29.01.2025;11:29:33.987;MOH SI 20250620 PS AM C 750.00 0;SIMPLE_INSTRUMENT;BLOCK;EUR;24;32.44000000;100;PRC_DECOMP_EXCHANGE;;;;XEUR;12546378;1074;EXCHANGE
29.01.2025;09:14:33.802;N2DB SI 20250620 CS;SIMPLE_INSTRUMENT;BLOCK;EUR;7;0.94500000;1500;EXCHANGE_LAST;;3;2;XEUR;10868552;57102;
29.01.2025;10:05:05.524;N2DB SI 20251219 CS;SIMPLE_INSTRUMENT;BLOCK;EUR;18;0.97000000;275;EXCHANGE_LAST;;1;1;XEUR;5914924;57102;
29.01.2025;10:38:20.780;N2DB SI 20250620 CS;SIMPLE_INSTRUMENT;BLOCK;EUR;23;0.93700000;500;EXCHANGE_LAST;;2;1;XEUR;10868552;57102;
29.01.2025;10:38:26.509;N2DB SI 20250620 CS;SIMPLE_INSTRUMENT;BLOCK;EUR;24;0.93800000;500;EXCHANGE_LAST;;2;1;XEUR;10868552;57102;
29.01.2025;10:38:26.968;N2DB SI 20261218 CS;SIMPLE_INSTRUMENT;BLOCK;EUR;25;0.91000000;550;EXCHANGE_LAST;;1;1;XEUR;6822151;57102;
29.01.2025;10:56:26.826;N2DB SI 20251219 CS;SIMPLE_INSTRUMENT;BLOCK;EUR;27;0.98000000;300;EXCHANGE_LAST;;1;1;XEUR;5914924;57102;
29.01.2025;10:54:11.311;N2DB SI 20250620 CS;SIMPLE_INSTRUMENT;BLOCK;EUR;28;0.94500000;500;EXCHANGE_LAST;;1;1;XEUR;10868552;57102;
29.01.2025;11:24:33.259;N2DB SI 20251219 CS;SIMPLE_INSTRUMENT;BLOCK;EUR;34;0.98000000;200;EXCHANGE_LAST;;1;1;XEUR;5914924;57102;
29.01.2025;12:51:30.790;N2DB SI 20251219 CS;SIMPLE_INSTRUMENT;BLOCK;EUR;54;0.99000000;400;EXCHANGE_LAST;;1;1;XEUR;5914924;57102;
29.01.2025;13:51:09.326;N2DB SI 20251219 CS;SIMPLE_INSTRUMENT;BLOCK;EUR;60;0.99000000;500;EXCHANGE_LAST;;1;1;XEUR;5914924;57102;
29.01.2025;14:01:02.697;N2DB SI 20250620 CS;SIMPLE_INSTRUMENT;BLOCK;EUR;62;0.94000000;500;EXCHANGE_LAST;;1;1;XEUR;10868552;57102;
29.01.2025;15:07:47.396;N2DB SI 20251219 CS;SIMPLE_INSTRUMENT;BLOCK;EUR;81;0.99000000;750;EXCHANGE_LAST;;1;2;XEUR;5914924;57102;
29.01.2025;15:05:54.333;N2DB SI 20251219 CS;SIMPLE_INSTRUMENT;BLOCK;EUR;82;0.99000000;1000;EXCHANGE_LAST;;1;1;XEUR;5914924;57102;
29.01.2025;15:12:23.363;N2DB SI 20250620 CS;SIMPLE_INSTRUMENT;BLOCK;EUR;83;0.93500000;500;EXCHANGE_LAST;;1;1;XEUR;10868552;57102;
29.01.2025;15:40:48.560;N2DB SI 20251219 CS;SIMPLE_INSTRUMENT;BLOCK;EUR;90;0.99500000;750;EXCHANGE_LAST;;1;1;XEUR;5914924;57102;
29.01.2025;16:02:05.605;N2DB SI 20251219 CS;SIMPLE_INSTRUMENT;BLOCK;EUR;100;0.98000000;350;EXCHANGE_LAST;;1;1;XEUR;5914924;57102;
29.01.2025;16:21:32.163;N2DB SI 20250620 CS;SIMPLE_INSTRUMENT;BLOCK;EUR;103;0.93500000;350;EXCHANGE_LAST;;1;1;XEUR;10868552;57102;
29.01.2025;16:41:38.048;N2DB SI 20251219 CS;SIMPLE_INSTRUMENT;BLOCK;EUR;108;0.98500000;400;EXCHANGE_LAST;;1;1;XEUR;5914924;57102;
29.01.2025;16:03:03.616;N4OA SI 20261218 CS;SIMPLE_INSTRUMENT;BLOCK;EUR;97;0.13500000;3500;EXCHANGE_LAST;;1;1;XEUR;6821306;48717;
29.01.2025;13:47:19.450;N4OV SI 20250321 CS;SIMPLE_INSTRUMENT;BLOCK;CHF;59;3.36000000;100;EXCHANGE_LAST;;1;1;XEUR;10462863;724743;
29.01.2025;14:28:39.275;N4OV SI 20250321 CS;SIMPLE_INSTRUMENT;BLOCK;CHF;70;3.30000000;237;EXCHANGE_LAST;;1;2;XEUR;10462863;724743;
29.01.2025;17:08:50.600;N4OV SI 20251219 CS;SIMPLE_INSTRUMENT;BLOCK;CHF;114;3.49000000;75;EXCHANGE_LAST;;1;1;XEUR;10036553;724743;
