#Date;TrdTime;Contract;ContractType;TrdTyp;Currency;TesId;Prc;Qty;TrdInd;Aggressor;Buy;Sell;Exch;InstrumentId;RelatedProdId;PrcDecomp
21.02.2025;12:13:35.283;A2SG SI 20250620 CS;SIMPLE_INSTRUMENT;BLOCK;EUR;18;1.42000000;445;EXCHANGE_LAST;;1;1;XEUR;10827627;14;
21.02.2025;12:32:04.050;A2SG SI 20250620 CS;SIMPLE_INSTRUMENT;BLOCK;EUR;22;1.42000000;445;EXCHANGE_LAST;;2;1;XEUR;10827627;14;
21.02.2025;13:38:38.276;A2SG SI 20250620 CS;SIMPLE_INSTRUMENT;BLOCK;EUR;32;1.42000000;801;EXCHANGE_LAST;;3;2;XEUR;10827627;14;
21.02.2025;13:47:03.470;A2SG SI 20250620 CS;SIMPLE_INSTRUMENT;BLOCK;EUR;34;1.42000000;89;EXCHANGE_LAST;;1;1;XEUR;10827627;14;
21.02.2025;14:08:51.995;A2SG SI 20261218 CS;SIMPLE_INSTRUMENT;BLOCK;EUR;41;1.52500000;200;EXCHANGE_LAST;;1;1;XEUR;6796964;14;
21.02.2025;14:12:17.057;A2SG SI 20250620 CS;SIMPLE_INSTRUMENT;BLOCK;EUR;47;1.42000000;178;EXCHANGE_LAST;;1;1;XEUR;10827627;14;
21.02.2025;14:34:01.890;A2SG SI 20251219 CS;SIMPLE_INSTRUMENT;BLOCK;EUR;54;1.46000000;450;EXCHANGE_LAST;;1;1;XEUR;5914262;14;
21.02.2025;10:05:22.370;A2XA SI 20271217 CS;SIMPLE_INSTRUMENT;BLOCK;EUR;5;2.09500000;600;EXCHANGE_LAST;;1;2;XEUR;5914267;17;
21.02.2025;10:54:30.852;A2XA SI 20271217 CS;SIMPLE_INSTRUMENT;BLOCK;EUR;14;2.09500000;150;EXCHANGE_LAST;;1;1;XEUR;5914267;17;
21.02.2025;11:16:06.840;A2XA SI 20261218 CS;SIMPLE_INSTRUMENT;BLOCK;EUR;16;2.41500000;300;EXCHANGE_LAST;;1;1;XEUR;4632093;17;
21.02.2025;12:57:08.515;A2XA SI 20251219 CS;SIMPLE_INSTRUMENT;BLOCK;EUR;28;2.40000000;100;EXCHANGE_LAST;;1;1;XEUR;3681055;17;
21.02.2025;15:01:36.340;A2XA SI 20281215 CS;SIMPLE_INSTRUMENT;BLOCK;EUR;57;1.95000000;350;EXCHANGE_LAST;;2;1;XEUR;6796967;17;
21.02.2025;16:13:10.456;A2XA SI 20261218 CS;SIMPLE_INSTRUMENT;BLOCK;EUR;62;2.41500000;150;EXCHANGE_LAST;;1;1;XEUR;4632093;17;
21.02.2025;16:47:08.577;A2XA SI 20251219 CS;SIMPLE_INSTRUMENT;BLOCK;EUR;67;2.42000000;300;EXCHANGE_LAST;;2;1;XEUR;3681055;17;
21.02.2025;12:34:05.424;ABBE.O.250221.COMBO.000003;STANDARD_OPTION_STRATEGY;BLOCK;CHF;51;-0.77000000;2500;EXCHANGE_LAST;;1;1;XEUR;74525121468962317;574516;
21.02.2025;12:34:05.424;ABBE SI 20250620 PS EU P 47.00 0;SIMPLE_INSTRUMENT;BLOCK;CHF;51;0.90000000;2500;PRC_DECOMP_EXCHANGE;;;;XEUR;12158215;574516;EXCHANGE
21.02.2025;12:34:05.424;ABBE SI 20250620 PS EU C 54.00 0;SIMPLE_INSTRUMENT;BLOCK;CHF;51;1.67000000;2500;PRC_DECOMP_EXCHANGE;;;;XEUR;12220204;574516;EXCHANGE
21.02.2025;13:06:59.418;ABBG SI 20250321 CS;SIMPLE_INSTRUMENT;BLOCK;CHF;30;52.39500000;5500;EXCHANGE_LAST;;1;1;XEUR;10736154;574520;
21.02.2025;13:44:56.357;ACC SI 20261218 PS AM P 40.00 0;SIMPLE_INSTRUMENT;BLOCK;CHF;67;4.50000000;300;EXCHANGE_LAST;;1;1;XEUR;12493961;626616;
21.02.2025;15:29:37.332;ADS SI 20281215 PS AM P 240.00 0;SIMPLE_INSTRUMENT;BLOCK;EUR;14;42.20000000;400;EXCHANGE_LAST;;1;1;XEUR;10394352;50;
21.02.2025;15:54:17.140;ADS SI 20250321 PS AM P 220.00 0;SIMPLE_INSTRUMENT;BLOCK;EUR;15;1.40000000;500;EXCHANGE_LAST;;1;2;XEUR;10828519;50;
21.02.2025;09:22:39.183;ALC SI 20251219 PS AM P 76.00 0;SIMPLE_INSTRUMENT;BLOCK;CHF;8;4.11000000;500;EXCHANGE_LAST;;1;1;XEUR;5920612;130134;
21.02.2025;15:00:05.556;ALC.O.250221.BER.000001;STANDARD_OPTION_STRATEGY;BLOCK;CHF;84;1.15000000;800;EXCHANGE_LAST;;1;3;XEUR;72616515312039931;130134;
21.02.2025;15:00:05.556;ALC SI 20250321 PS AM P 72.00 0;SIMPLE_INSTRUMENT;BLOCK;CHF;84;0.29000000;800;PRC_DECOMP_EXCHANGE;;;;XEUR;10872515;130134;EXCHANGE
21.02.2025;15:00:05.556;ALC SI 20250321 PS AM P 78.00 0;SIMPLE_INSTRUMENT;BLOCK;CHF;84;1.44000000;800;PRC_DECOMP_EXCHANGE;;;;XEUR;12477653;130134;EXCHANGE
21.02.2025;14:49:24.108;ALV.O.250221.STD.000015;STANDARD_OPTION_STRATEGY;BLOCK;EUR;7;41.15000000;300;EXCHANGE_LAST;;1;1;XEUR;72057911865569438;74;
21.02.2025;14:49:24.108;ALV SI 20251219 PS AM P 320.00 0;SIMPLE_INSTRUMENT;BLOCK;EUR;7;24.03000000;300;PRC_DECOMP_EXCHANGE;;;;XEUR;5920786;74;EXCHANGE
21.02.2025;14:49:24.108;ALV SI 20251219 PS AM C 320.00 0;SIMPLE_INSTRUMENT;BLOCK;EUR;7;17.12000000;300;PRC_DECOMP_EXCHANGE;;;;XEUR;5920785;74;EXCHANGE
21.02.2025;11:05:37.364;ANN SI 20251219 PS AM P 28.00 0;SIMPLE_INSTRUMENT;BLOCK;EUR;5;2.95000000;2500;EXCHANGE_LAST;;1;1;XEUR;7644476;45202;
21.02.2025;10:49:54.227;ASG5 SI 20260618 PS AM P 26.00 0;SIMPLE_INSTRUMENT;BLOCK;EUR;5;1.65000000;1000;EXCHANGE_LAST;;1;1;XEUR;12748921;109;
21.02.2025;12:10:22.542;ASGF.S.MAR25.JUN25.SPD;FUTURES_SPREAD;BLOCK;EUR;17;1.40000000;5000;EXCHANGE_LAST;;1;1;XEUR;76137220263641093;949862;
21.02.2025;12:10:22.542;ASGF SI 20250619 CS;SIMPLE_INSTRUMENT;BLOCK;EUR;17;29.89120000;5000;PRC_DECOMP_EXCHANGE;;;;XEUR;12186943;949862;EXCHANGE
21.02.2025;12:10:22.542;ASGF SI 20250320 CS;SIMPLE_INSTRUMENT;BLOCK;EUR;17;31.29120000;5000;PRC_DECOMP_EXCHANGE;;;;XEUR;12186973;949862;EXCHANGE
21.02.2025;12:30:55.774;ASGF.S.MAR25.JUN25.SPD;FUTURES_SPREAD;BLOCK;EUR;21;1.45000000;5000;EXCHANGE_LAST;;1;2;XEUR;76137220263641093;949862;
21.02.2025;12:30:55.774;ASGF SI 20250320 CS;SIMPLE_INSTRUMENT;BLOCK;EUR;21;31.31620000;5000;PRC_DECOMP_EXCHANGE;;;;XEUR;12186973;949862;EXCHANGE
21.02.2025;12:30:55.774;ASGF SI 20250619 CS;SIMPLE_INSTRUMENT;BLOCK;EUR;21;29.86620000;5000;PRC_DECOMP_EXCHANGE;;;;XEUR;12186943;949862;EXCHANGE
21.02.2025;13:41:21.465;ASGF SI 20250619 CS;SIMPLE_INSTRUMENT;BLOCK;EUR;31;30.04000000;9000;EXCHANGE_LAST;;3;2;XEUR;12186943;949862;
21.02.2025;14:11:29.097;ASGF.S.MAR25.JUN25.SPD;FUTURES_SPREAD;BLOCK;EUR;46;1.40000000;2000;EXCHANGE_LAST;;1;1;XEUR;76137220263641093;949862;
21.02.2025;14:11:29.097;ASGF SI 20250320 CS;SIMPLE_INSTRUMENT;BLOCK;EUR;46;31.29120000;2000;PRC_DECOMP_EXCHANGE;;;;XEUR;12186973;949862;EXCHANGE
21.02.2025;14:11:29.097;ASGF SI 20250619 CS;SIMPLE_INSTRUMENT;BLOCK;EUR;46;29.89120000;2000;PRC_DECOMP_EXCHANGE;;;;XEUR;12186943;949862;EXCHANGE
21.02.2025;10:26:05.233;ASM.O.250221.STG.000004;STANDARD_OPTION_STRATEGY;BLOCK;EUR;2;15.02000000;300;EXCHANGE_LAST;;1;1;XEUR;72058053599446453;107;
21.02.2025;10:26:05.233;ASM SI 20250321 PS AM P 660.00 0;SIMPLE_INSTRUMENT;BLOCK;EUR;2;7.40000000;300;PRC_DECOMP_EXCHANGE;;;;XEUR;12432580;107;EXCHANGE
21.02.2025;10:26:05.233;ASM SI 20250321 PS AM C 770.00 0;SIMPLE_INSTRUMENT;BLOCK;EUR;2;7.62000000;300;PRC_DECOMP_EXCHANGE;;;;XEUR;12432552;107;EXCHANGE
21.02.2025;10:57:58.830;ASM SI 20260619 PS AM P 720.00 0;SIMPLE_INSTRUMENT;BLOCK;EUR;4;111.00000000;150;EXCHANGE_LAST;;1;1;XEUR;9538548;107;
21.02.2025;10:43:30.999;ASM SI 20271217 PS AM P 560.00 0;SIMPLE_INSTRUMENT;BLOCK;EUR;6;77.50000000;125;EXCHANGE_LAST;;1;1;XEUR;8773607;107;
21.02.2025;15:26:19.095;B2AS SI 20261218 CS;SIMPLE_INSTRUMENT;BLOCK;EUR;59;2.22000000;350;EXCHANGE_LAST;;1;1;XEUR;4632165;140;
21.02.2025;14:29:39.566;B2NP SI 20251219 CS;SIMPLE_INSTRUMENT;BLOCK;EUR;51;7.35000000;500;EXCHANGE_LAST;;1;1;XEUR;5914355;131;
21.02.2025;10:12:31.920;BAEN SI 20251219 PS AM P 50.00 0;SIMPLE_INSTRUMENT;BLOCK;CHF;17;2.60000000;600;EXCHANGE_LAST;;1;1;XEUR;12433497;159;
21.02.2025;10:26:01.541;BAEN.O.250221.PDIA.000001;STANDARD_OPTION_STRATEGY;BLOCK;CHF;23;2.22000000;600;EXCHANGE_LAST;;1;1;XEUR;72058276937746719;159;
21.02.2025;10:26:01.541;BAEN SI 20250620 PS AM P 38.00 0;SIMPLE_INSTRUMENT;BLOCK;CHF;23;0.23000000;600;PRC_DECOMP_MEMBER;;;;XEUR;11350899;159;MEMBER
21.02.2025;10:26:01.541;BAEN SI 20260619 PS AM P 44.00 0;SIMPLE_INSTRUMENT;BLOCK;CHF;23;2.45000000;600;PRC_DECOMP_MEMBER;;;;XEUR;9539219;159;MEMBER
21.02.2025;12:05:18.166;BAEN SI 20261218 PS AM C 68.00 0;SIMPLE_INSTRUMENT;BLOCK;CHF;42;3.40000000;1400;EXCHANGE_LAST;;2;2;XEUR;7153567;159;
21.02.2025;08:27:36.220;BAS.O.250221.CNV.000005;STANDARD_OPTION_STRATEGY;BLOCK;EUR;1;0.30000000;500;EXCHANGE_LAST;;1;1;XEUR;72058238283092032;150;
21.02.2025;08:27:36.220;BAS SI 20250221 PS AM C 48.00 0;SIMPLE_INSTRUMENT;BLOCK;EUR;1;0.45000000;500;PRC_DECOMP_EXCHANGE;;;;XEUR;12238967;150;EXCHANGE
21.02.2025;08:27:36.220;BAS SI 20250221 PS AM P 48.00 0;SIMPLE_INSTRUMENT;BLOCK;EUR;1;0.15000000;500;PRC_DECOMP_EXCHANGE;;;;XEUR;12238966;150;EXCHANGE
21.02.2025;09:07:39.426;BAS SI 20250321 PS AM P 52.00 0;SIMPLE_INSTRUMENT;BLOCK;EUR;2;4.09000000;601;EXCHANGE_LAST;;1;1;XEUR;10831046;150;
21.02.2025;09:07:52.392;BAS SI 20250321 PS AM P 52.00 0;SIMPLE_INSTRUMENT;BLOCK;EUR;3;4.10000000;829;EXCHANGE_LAST;;1;1;XEUR;10831046;150;
21.02.2025;13:16:46.244;BAS SI 20250321 PS AM C 45.00 0;SIMPLE_INSTRUMENT;BLOCK;EUR;5;4.45000000;750;EXCHANGE_LAST;;1;1;XEUR;12433200;150;
21.02.2025;13:55:15.906;BAS SI 20250417 PS AM C 49.50 0;SIMPLE_INSTRUMENT;BLOCK;EUR;7;2.07000000;2000;EXCHANGE_LAST;;1;1;XEUR;12615287;150;
21.02.2025;14:04:29.279;BAS SI 20250321 PS AM C 50.00 0;SIMPLE_INSTRUMENT;BLOCK;EUR;8;1.37000000;6000;EXCHANGE_LAST;;2;1;XEUR;10831042;150;
21.02.2025;15:53:01.208;BAS SI 20250221 PS AM C 48.00 0;SIMPLE_INSTRUMENT;BLOCK;EUR;10;0.77000000;1001;EXCHANGE_LAST;;1;1;XEUR;12238967;150;
21.02.2025;16:16:58.393;BAS.O.250221.CNV.000031;STANDARD_OPTION_STRATEGY;BLOCK;EUR;11;-0.21000000;2000;EXCHANGE_LAST;;1;1;XEUR;72058238283092058;150;
21.02.2025;16:16:58.393;BAS SI 20250221 PS AM C 49.00 0;SIMPLE_INSTRUMENT;BLOCK;EUR;11;0.04000000;2000;PRC_DECOMP_EXCHANGE;;;;XEUR;12339045;150;EXCHANGE
21.02.2025;16:16:58.393;BAS SI 20250221 PS AM P 49.00 0;SIMPLE_INSTRUMENT;BLOCK;EUR;11;0.25000000;2000;PRC_DECOMP_EXCHANGE;;;;XEUR;12339044;150;EXCHANGE
21.02.2025;11:18:31.498;BAY.O.250221.CDIA.000027;STANDARD_OPTION_STRATEGY;BLOCK;EUR;4;0.47000000;1800;EXCHANGE_LAST;;1;1;XEUR;72058315592508755;168;
21.02.2025;11:18:31.498;BAY SI 20250321 PS AM C 24.00 0;SIMPLE_INSTRUMENT;BLOCK;EUR;4;0.50000000;1800;PRC_DECOMP_EXCHANGE;;;;XEUR;10831471;168;EXCHANGE
21.02.2025;11:18:31.498;BAY SI 20250221 PS AM C 22.50 0;SIMPLE_INSTRUMENT;BLOCK;EUR;4;0.03000000;1800;PRC_DECOMP_EXCHANGE;;;;XEUR;12239450;168;EXCHANGE
21.02.2025;16:19:48.700;BAY SI 20250321 PS AM C 24.00 0;SIMPLE_INSTRUMENT;BLOCK;EUR;12;0.54000000;1000;EXCHANGE_LAST;;1;1;XEUR;10831471;168;
21.02.2025;16:20:00.703;BAY SI 20250321 PS AM C 23.00 0;SIMPLE_INSTRUMENT;BLOCK;EUR;13;0.85000000;625;EXCHANGE_LAST;;1;1;XEUR;11234147;168;
21.02.2025;10:07:25.242;BMW.N.250221.000007;NON_STANDARD_OPTION_STRATEGY;BLOCK;EUR;6;6.50000000;1000;EXCHANGE_LAST;;1;1;XEUR;72058495981109432;210;
21.02.2025;10:07:25.242;BMW SI 20250321 PS AM C 84.00 0;SIMPLE_INSTRUMENT;BLOCK;EUR;6;2.78000000;1000;PRC_DECOMP_EXCHANGE;;;;XEUR;10832542;210;EXCHANGE
21.02.2025;10:07:25.242;BMW SI 20250620 PS AM C 84.00 0;SIMPLE_INSTRUMENT;BLOCK;EUR;6;4.64000000;2000;PRC_DECOMP_EXCHANGE;;;;XEUR;7899911;210;EXCHANGE
21.02.2025;14:47:36.112;BMW.O.250221.BLT.000021;STANDARD_OPTION_STRATEGY;BLOCK;EUR;33;3.70000000;1000;EXCHANGE_LAST;;1;1;XEUR;72058495981109446;210;
21.02.2025;14:47:36.112;BMW SI 20251219 PS AM C 80.00 0;SIMPLE_INSTRUMENT;BLOCK;EUR;33;8.98000000;1000;PRC_DECOMP_EXCHANGE;;;;XEUR;7126197;210;EXCHANGE
21.02.2025;14:47:36.112;BMW SI 20250321 PS AM C 80.00 0;SIMPLE_INSTRUMENT;BLOCK;EUR;33;5.28000000;1000;PRC_DECOMP_EXCHANGE;;;;XEUR;10832595;210;EXCHANGE
21.02.2025;16:10:53.903;BMW.N.250221.000026;NON_STANDARD_OPTION_STRATEGY;BLOCK;EUR;40;-9.40000000;400;EXCHANGE_LAST;;1;1;XEUR;72058495981109451;210;
21.02.2025;16:10:53.903;BMW SI 20250321 PS AM P 80.00 0;SIMPLE_INSTRUMENT;BLOCK;EUR;40;2.36000000;400;PRC_DECOMP_EXCHANGE;;;;XEUR;10832597;210;EXCHANGE
21.02.2025;16:10:53.903;BMW SI 20250620 PS AM P 80.00 0;SIMPLE_INSTRUMENT;BLOCK;EUR;40;5.88000000;800;PRC_DECOMP_EXCHANGE;;;;XEUR;11332526;210;EXCHANGE
21.02.2025;16:35:04.492;BMWF SI 20250321 CS;SIMPLE_INSTRUMENT;BLOCK;EUR;64;82.87500000;2000;EXCHANGE_LAST;;1;1;XEUR;10695616;239;
21.02.2025;09:54:14.412;BNP SI 20250620 PS AM P 64.00 0;SIMPLE_INSTRUMENT;BLOCK;EUR;6;2.31000000;500;EXCHANGE_LAST;;1;1;XEUR;8114380;237;
21.02.2025;11:07:16.286;BNP SI 20251219 PS AM P 72.00 0;SIMPLE_INSTRUMENT;BLOCK;EUR;11;9.43000000;1000;EXCHANGE_LAST;;1;2;XEUR;6371616;237;
21.02.2025;15:33:20.242;BNP.O.250221.STD.000007;STANDARD_OPTION_STRATEGY;BLOCK;EUR;31;10.48000000;1500;EXCHANGE_LAST;;2;1;XEUR;72058611945199990;237;
21.02.2025;15:33:20.242;BNP SI 20250919 PS AM P 70.00 0;SIMPLE_INSTRUMENT;BLOCK;EUR;31;6.08000000;1500;PRC_DECOMP_EXCHANGE;;;;XEUR;12372408;237;EXCHANGE
21.02.2025;15:33:20.242;BNP SI 20250919 PS AM C 70.00 0;SIMPLE_INSTRUMENT;BLOCK;EUR;31;4.40000000;1500;PRC_DECOMP_EXCHANGE;;;;XEUR;12372376;237;EXCHANGE
21.02.2025;14:30:39.994;C3AR SI 20261218 CS;SIMPLE_INSTRUMENT;BLOCK;EUR;52;0.89000000;500;EXCHANGE_LAST;;1;1;XEUR;6799833;256;
21.02.2025;15:22:22.307;C3AR SI 20261218 CS;SIMPLE_INSTRUMENT;BLOCK;EUR;58;0.89000000;400;EXCHANGE_LAST;;1;1;XEUR;6799833;256;
21.02.2025;16:48:00.850;C3AR SI 20271217 CS;SIMPLE_INSTRUMENT;BLOCK;EUR;66;0.84500000;675;EXCHANGE_LAST;;2;2;XEUR;8375173;256;
21.02.2025;10:04:10.646;CAR SI 20260619 PS AM P 12.00 0;SIMPLE_INSTRUMENT;BLOCK;EUR;7;1.46000000;2000;EXCHANGE_LAST;;1;1;XEUR;9542223;265;
21.02.2025;13:55:14.728;CAR SI 20251219 PS AM P 12.00 0;SIMPLE_INSTRUMENT;BLOCK;EUR;23;0.97000000;10000;EXCHANGE_LAST;;2;1;XEUR;5924412;265;
21.02.2025;14:14:41.780;CAR SI 20251219 PS AM P 12.00 0;SIMPLE_INSTRUMENT;BLOCK;EUR;26;0.97000000;5000;EXCHANGE_LAST;;1;1;XEUR;5924412;265;
21.02.2025;16:32:36.244;CBK SI 20250228 PS AM P 19.20 0;SIMPLE_INSTRUMENT;BLOCK;EUR;16;0.27000000;4000;EXCHANGE_LAST;;1;1;XEUR;12617558;268;
21.02.2025;09:52:03.304;CFR FI 20250312 CS EU C 188.0000 0;FLEXIBLE_INSTRUMENT;BLOCK;CHF;14;1.32000000;450;EXCHANGE_LAST;;1;1;XEUR;1152922848931627660;313;
21.02.2025;10:26:53.172;CFR SI 20260619 PS AM P 160.00 0;SIMPLE_INSTRUMENT;BLOCK;CHF;21;14.60000000;400;EXCHANGE_LAST;;1;1;XEUR;9996429;313;
21.02.2025;12:05:43.120;CFR.O.250221.BLT.000004;STANDARD_OPTION_STRATEGY;BLOCK;CHF;45;3.30000000;800;EXCHANGE_LAST;;2;1;XEUR;72058938362728569;313;
21.02.2025;12:05:43.120;CFR SI 20250417 PS AM C 200.00 0;SIMPLE_INSTRUMENT;BLOCK;CHF;45;1.63000000;800;PRC_DECOMP_EXCHANGE;;;;XEUR;12767562;313;EXCHANGE
21.02.2025;12:05:43.120;CFR SI 20250620 PS AM C 200.00 0;SIMPLE_INSTRUMENT;BLOCK;CHF;45;4.93000000;800;PRC_DECOMP_EXCHANGE;;;;XEUR;9996493;313;EXCHANGE
21.02.2025;12:48:29.450;CFR SI 20250620 PS AM P 100.00 0;SIMPLE_INSTRUMENT;BLOCK;CHF;54;0.38000000;1200;EXCHANGE_LAST;;1;1;XEUR;9996525;313;
21.02.2025;14:14:08.641;CFRE.O.250221.COMBO.000001;STANDARD_OPTION_STRATEGY;BLOCK;CHF;75;-6.32000000;1500;EXCHANGE_LAST;;1;1;XEUR;72728162986892650;156129;
21.02.2025;14:14:08.641;CFRE SI 20251219 PS EU P 150.00 0;SIMPLE_INSTRUMENT;BLOCK;CHF;75;7.57000000;1500;PRC_DECOMP_EXCHANGE;;;;XEUR;12478297;156129;EXCHANGE
21.02.2025;14:14:08.641;CFRE SI 20251219 PS EU C 190.00 0;SIMPLE_INSTRUMENT;BLOCK;CHF;75;13.89000000;1500;PRC_DECOMP_EXCHANGE;;;;XEUR;12478848;156129;EXCHANGE
21.02.2025;10:29:09.120;CRI5.O.250221.BUL.000001;STANDARD_OPTION_STRATEGY;BLOCK;EUR;3;4.15000000;2500;EXCHANGE_LAST;;1;1;XEUR;72058968427474743;320;
21.02.2025;10:29:09.120;CRI5 SI 20251218 PS AM C 42.00 0;SIMPLE_INSTRUMENT;BLOCK;EUR;3;7.65150000;2500;PRC_DECOMP_EXCHANGE;;;;XEUR;12420974;320;EXCHANGE
21.02.2025;10:29:09.120;CRI5 SI 20251218 PS AM C 50.00 0;SIMPLE_INSTRUMENT;BLOCK;EUR;3;3.50150000;2500;PRC_DECOMP_EXCHANGE;;;;XEUR;12421052;320;EXCHANGE
21.02.2025;14:34:45.463;CRI5 SI 20250515 PS AM P 41.00 0;SIMPLE_INSTRUMENT;BLOCK;EUR;9;0.69600000;1362;EXCHANGE_LAST;;1;1;XEUR;12806525;320;
21.02.2025;14:34:59.747;CRI5 SI 20250515 PS AM P 41.00 0;SIMPLE_INSTRUMENT;BLOCK;EUR;10;0.69400000;2043;EXCHANGE_LAST;;1;1;XEUR;12806525;320;
21.02.2025;14:32:30.722;D3AI SI 20261218 CS;SIMPLE_INSTRUMENT;BLOCK;EUR;53;3.47500000;300;EXCHANGE_LAST;;1;1;XEUR;7144051;443197;
21.02.2025;09:02:58.438;DAI SI 20250620 PS AM P 60.00 0;SIMPLE_INSTRUMENT;BLOCK;EUR;1;6.09000000;1250;EXCHANGE_LAST;;1;1;XEUR;7934298;443196;
21.02.2025;09:02:17.658;DAI SI 20250221 PS AM C 59.00 0;SIMPLE_INSTRUMENT;BLOCK;EUR;2;0.43000000;1000;EXCHANGE_LAST;;1;1;XEUR;12277886;443196;
21.02.2025;09:48:13.061;DAI.O.250221.BLT.000015;STANDARD_OPTION_STRATEGY;BLOCK;EUR;5;2.38000000;2000;EXCHANGE_LAST;;1;1;XEUR;73961106363664190;443196;
21.02.2025;09:48:13.061;DAI SI 20251219 PS AM C 60.00 0;SIMPLE_INSTRUMENT;BLOCK;EUR;5;3.76000000;2000;PRC_DECOMP_EXCHANGE;;;;XEUR;7144524;443196;EXCHANGE
21.02.2025;09:48:13.061;DAI SI 20250321 PS AM C 60.00 0;SIMPLE_INSTRUMENT;BLOCK;EUR;5;1.38000000;2000;PRC_DECOMP_EXCHANGE;;;;XEUR;10884520;443196;EXCHANGE
21.02.2025;10:38:25.517;DAI SI 20250321 PS AM C 60.00 0;SIMPLE_INSTRUMENT;BLOCK;EUR;8;1.32000000;5500;EXCHANGE_LAST;;2;3;XEUR;10884520;443196;
21.02.2025;12:43:17.665;DAI SI 20250321 PS AM P 52.00 0;SIMPLE_INSTRUMENT;BLOCK;EUR;21;0.30000000;750;EXCHANGE_LAST;;1;1;XEUR;10884530;443196;
21.02.2025;13:09:49.106;DAI SI 20251219 PS AM P 52.00 0;SIMPLE_INSTRUMENT;BLOCK;EUR;29;3.51000000;2500;EXCHANGE_LAST;;2;1;XEUR;7144530;443196;
21.02.2025;13:29:40.886;DAI.O.250221.PDIA.000028;STANDARD_OPTION_STRATEGY;BLOCK;EUR;31;3.66000000;2000;EXCHANGE_LAST;;1;1;XEUR;73961106363664203;443196;
21.02.2025;13:29:40.886;DAI SI 20251219 PS AM P 56.00 0;SIMPLE_INSTRUMENT;BLOCK;EUR;31;5.28000000;2000;PRC_DECOMP_EXCHANGE;;;;XEUR;7349881;443196;EXCHANGE
21.02.2025;13:29:40.886;DAI SI 20250321 PS AM P 58.00 0;SIMPLE_INSTRUMENT;BLOCK;EUR;31;1.62000000;2000;PRC_DECOMP_EXCHANGE;;;;XEUR;12490203;443196;EXCHANGE
21.02.2025;08:33:00.160;DBK SI 20250321 PS AM P 18.00 0;SIMPLE_INSTRUMENT;BLOCK;EUR;1;0.18000000;2500;EXCHANGE_LAST;;1;1;XEUR;10835600;362;
21.02.2025;10:51:54.898;DBK SI 20251219 PS AM P 12.00 0;SIMPLE_INSTRUMENT;BLOCK;EUR;4;0.23000000;7500;EXCHANGE_LAST;;2;1;XEUR;5926088;362;
21.02.2025;11:44:07.339;DPW SI 20250417 PS AM P 36.00 0;SIMPLE_INSTRUMENT;BLOCK;EUR;8;1.14000000;1750;EXCHANGE_LAST;;3;1;XEUR;12619843;445;
21.02.2025;13:26:23.651;DPW SI 20250417 PS AM C 38.50 0;SIMPLE_INSTRUMENT;BLOCK;EUR;13;1.04000000;1500;EXCHANGE_LAST;;1;1;XEUR;12619878;445;
21.02.2025;13:42:10.771;DPW SI 20250321 PS AM C 38.00 0;SIMPLE_INSTRUMENT;BLOCK;EUR;14;0.91000000;1000;EXCHANGE_LAST;;1;1;XEUR;10836849;445;
21.02.2025;12:47:19.944;DTE SI 20251219 PS AM P 30.00 0;SIMPLE_INSTRUMENT;BLOCK;EUR;11;1.09000000;7000;EXCHANGE_LAST;;3;1;XEUR;12052911;424;
21.02.2025;13:18:51.674;DTE SI 20250620 PS AM C 36.00 0;SIMPLE_INSTRUMENT;BLOCK;EUR;12;0.89000000;4000;EXCHANGE_LAST;;1;2;XEUR;8215290;424;
21.02.2025;16:06:31.340;EAD.O.250221.BUL.000016;STANDARD_OPTION_STRATEGY;BLOCK;EUR;33;3.91000000;310;EXCHANGE_LAST;;1;1;XEUR;72059591197747548;465;
21.02.2025;16:06:31.340;EAD SI 20250620 PS AM C 190.00 0;SIMPLE_INSTRUMENT;BLOCK;EUR;33;1.34000000;310;PRC_DECOMP_EXCHANGE;;;;XEUR;11358070;465;EXCHANGE
21.02.2025;16:06:31.340;EAD SI 20250620 PS AM C 170.00 0;SIMPLE_INSTRUMENT;BLOCK;EUR;33;5.25000000;310;PRC_DECOMP_EXCHANGE;;;;XEUR;11358073;465;EXCHANGE
21.02.2025;13:44:09.479;ENL5 SI 20250619 PS AM P 6.00 0;SIMPLE_INSTRUMENT;BLOCK;EUR;7;0.04000000;3000;EXCHANGE_LAST;;1;1;XEUR;11337866;500;
21.02.2025;11:26:47.697;ENR SI 20250321 PS AM P 54.00 0;SIMPLE_INSTRUMENT;BLOCK;EUR;6;1.30000000;500;EXCHANGE_LAST;;2;1;XEUR;12484033;298530;
21.02.2025;15:50:36.156;ENR SI 20250620 PS AM C 64.00 0;SIMPLE_INSTRUMENT;BLOCK;EUR;15;6.08000000;5000;EXCHANGE_LAST;;1;1;XEUR;12229449;298530;
21.02.2025;15:46:25.036;ENR.O.250221.STD.000009;STANDARD_OPTION_STRATEGY;BLOCK;EUR;16;15.30000000;2000;EXCHANGE_LAST;;1;1;XEUR;73339770624818045;298530;
21.02.2025;15:46:25.036;ENR SI 20250620 PS AM C 60.00 0;SIMPLE_INSTRUMENT;BLOCK;EUR;16;7.14000000;2000;PRC_DECOMP_EXCHANGE;;;;XEUR;12193229;298530;EXCHANGE
21.02.2025;15:46:25.036;ENR SI 20250620 PS AM P 60.00 0;SIMPLE_INSTRUMENT;BLOCK;EUR;16;8.16000000;2000;PRC_DECOMP_EXCHANGE;;;;XEUR;12193230;298530;EXCHANGE
21.02.2025;16:25:19.072;ENR SI 20250620 PS AM C 60.00 0;SIMPLE_INSTRUMENT;BLOCK;EUR;19;7.27000000;1000;EXCHANGE_LAST;;1;1;XEUR;12193229;298530;
21.02.2025;16:25:19.614;ENR SI 20250620 PS AM P 60.00 0;SIMPLE_INSTRUMENT;BLOCK;EUR;20;8.03000000;1370;EXCHANGE_LAST;;1;1;XEUR;12193230;298530;
21.02.2025;15:07:26.639;ENT5 SI 20250515 PS AM C 15.00 0;SIMPLE_INSTRUMENT;BLOCK;EUR;15;0.12100000;2326;EXCHANGE_LAST;;1;1;XEUR;12806723;497;
21.02.2025;09:14:45.769;EOA SI 20250321 PS AM P 11.00 0;SIMPLE_INSTRUMENT;BLOCK;EUR;4;0.14000000;5000;EXCHANGE_LAST;;1;1;XEUR;10867708;49065;
21.02.2025;15:00:25.535;EOA SI 20250321 PS AM C 12.00 0;SIMPLE_INSTRUMENT;BLOCK;EUR;35;0.20000000;4000;EXCHANGE_LAST;;1;1;XEUR;10867737;49065;
21.02.2025;16:36:04.040;F3IA SI 20251219 CS;SIMPLE_INSTRUMENT;BLOCK;EUR;63;0.54500000;650;EXCHANGE_LAST;;3;3;XEUR;6633988;390387;
21.02.2025;16:48:12.901;FATX SI 20250321 CS;SIMPLE_INSTRUMENT;EFP_IDX;EUR;3;4054.00000000;16;EXCHANGE_LAST;;1;1;XEUR;11385582;28699;
21.02.2025;09:45:57.266;FBTP SI 20250306 PS;SIMPLE_INSTRUMENT;EFP_FIN;EUR;1;119.58000000;237;EXCHANGE_LAST;;1;1;XEUR;11286675;636;
21.02.2025;09:59:17.806;FBTP SI 20250306 PS;SIMPLE_INSTRUMENT;EFP_FIN;EUR;2;119.61000000;740;EXCHANGE_LAST;;1;1;XEUR;11286675;636;
21.02.2025;10:11:08.135;FBTP SI 20250606 PS;SIMPLE_INSTRUMENT;EFP_FIN;EUR;3;119.21000000;221;EXCHANGE_LAST;;1;1;XEUR;11820365;636;
21.02.2025;10:17:27.097;FBTP SI 20250606 PS;SIMPLE_INSTRUMENT;EFP_FIN;EUR;4;119.21000000;221;EXCHANGE_LAST;;1;1;XEUR;11820365;636;
21.02.2025;10:46:36.796;FBTP SI 20250306 PS;SIMPLE_INSTRUMENT;EFP_FIN;EUR;5;119.60000000;78;EXCHANGE_LAST;;1;1;XEUR;11286675;636;
21.02.2025;10:47:38.153;FBTP SI 20250306 PS;SIMPLE_INSTRUMENT;EFP_FIN;EUR;6;119.60000000;69;EXCHANGE_LAST;;1;1;XEUR;11286675;636;
21.02.2025;10:55:17.423;FBTP SI 20250306 PS;SIMPLE_INSTRUMENT;EFP_FIN;EUR;7;119.65000000;928;EXCHANGE_LAST;;1;1;XEUR;11286675;636;
21.02.2025;11:19:45.726;FBTP SI 20250306 PS;SIMPLE_INSTRUMENT;EFP_FIN;EUR;8;119.66000000;61;EXCHANGE_LAST;;1;1;XEUR;11286675;636;
21.02.2025;11:20:06.251;FBTP SI 20250306 PS;SIMPLE_INSTRUMENT;EFP_FIN;EUR;9;119.66000000;123;EXCHANGE_LAST;;1;1;XEUR;11286675;636;
21.02.2025;11:20:25.523;FBTP SI 20250306 PS;SIMPLE_INSTRUMENT;EFP_FIN;EUR;10;119.66000000;104;EXCHANGE_LAST;;1;1;XEUR;11286675;636;
21.02.2025;11:52:53.257;FBTP SI 20250306 PS;SIMPLE_INSTRUMENT;EFP_FIN;EUR;11;119.69000000;895;EXCHANGE_LAST;;1;1;XEUR;11286675;636;
21.02.2025;12:01:43.515;FBTP SI 20250306 PS;SIMPLE_INSTRUMENT;EFP_FIN;EUR;12;119.69000000;104;EXCHANGE_LAST;;1;1;XEUR;11286675;636;
21.02.2025;12:21:35.468;FBTP SI 20250606 PS;SIMPLE_INSTRUMENT;EFP_FIN;EUR;13;119.30000000;2653;EXCHANGE_LAST;;1;1;XEUR;11820365;636;
21.02.2025;12:29:54.766;FBTP SI 20250306 PS;SIMPLE_INSTRUMENT;EFP_FIN;EUR;17;119.67000000;654;EXCHANGE_LAST;;1;1;XEUR;11286675;636;
21.02.2025;12:36:31.199;FBTP SI 20250606 PS;SIMPLE_INSTRUMENT;EFP_FIN;EUR;19;119.30000000;1770;EXCHANGE_LAST;;1;1;XEUR;11820365;636;
21.02.2025;12:43:17.768;FBTP SI 20250606 PS;SIMPLE_INSTRUMENT;EFP_FIN;EUR;20;119.30000000;2653;EXCHANGE_LAST;;1;1;XEUR;11820365;636;
21.02.2025;12:45:27.113;FBTP SI 20250606 PS;SIMPLE_INSTRUMENT;EFP_FIN;EUR;22;119.20000000;864;EXCHANGE_LAST;;1;1;XEUR;11820365;636;
21.02.2025;12:46:28.334;FBTP SI 20250606 PS;SIMPLE_INSTRUMENT;EFP_FIN;EUR;23;119.27000000;884;EXCHANGE_LAST;;1;1;XEUR;11820365;636;
21.02.2025;12:47:18.875;FBTP SI 20250306 PS;SIMPLE_INSTRUMENT;BLOCK;EUR;24;119.67000000;2686;EXCHANGE_LAST;;1;1;XEUR;11286675;636;
21.02.2025;12:48:33.898;FBTP SI 20250606 PS;SIMPLE_INSTRUMENT;EFP_FIN;EUR;25;119.29000000;1768;EXCHANGE_LAST;;1;1;XEUR;11820365;636;
21.02.2025;12:50:33.077;FBTP SI 20250606 PS;SIMPLE_INSTRUMENT;EFP_FIN;EUR;26;119.30000000;442;EXCHANGE_LAST;;1;1;XEUR;11820365;636;
21.02.2025;12:51:56.138;FBTP SI 20250606 PS;SIMPLE_INSTRUMENT;EFP_FIN;EUR;27;119.30000000;2653;EXCHANGE_LAST;;1;1;XEUR;11820365;636;
21.02.2025;12:53:33.806;FBTP SI 20250606 PS;SIMPLE_INSTRUMENT;EFP_FIN;EUR;28;119.30000000;1327;EXCHANGE_LAST;;1;1;XEUR;11820365;636;
21.02.2025;12:56:33.652;FBTP SI 20250606 PS;SIMPLE_INSTRUMENT;EFP_FIN;EUR;29;119.26000000;1326;EXCHANGE_LAST;;1;1;XEUR;11820365;636;
21.02.2025;13:13:01.495;FBTP SI 20250306 PS;SIMPLE_INSTRUMENT;EFP_FIN;EUR;30;119.71000000;856;EXCHANGE_LAST;;1;1;XEUR;11286675;636;
21.02.2025;13:33:49.130;FBTP SI 20250306 PS;SIMPLE_INSTRUMENT;EFP_FIN;EUR;31;119.66000000;650;EXCHANGE_LAST;;1;1;XEUR;11286675;636;
21.02.2025;14:01:09.489;FBTP SI 20250306 PS;SIMPLE_INSTRUMENT;BLOCK;EUR;32;119.70000000;677;EXCHANGE_LAST;;1;1;XEUR;11286675;636;
21.02.2025;14:08:41.724;FBTP SI 20250306 PS;SIMPLE_INSTRUMENT;EFP_FIN;EUR;33;119.62000000;358;EXCHANGE_LAST;;1;1;XEUR;11286675;636;
21.02.2025;16:03:09.495;FBTP SI 20250606 PS;SIMPLE_INSTRUMENT;EFP_FIN;EUR;34;119.45000000;1768;EXCHANGE_LAST;;1;1;XEUR;11820365;636;
21.02.2025;16:10:50.293;FBTP SI 20250606 PS;SIMPLE_INSTRUMENT;EFP_FIN;EUR;35;119.43000000;1769;EXCHANGE_LAST;;1;1;XEUR;11820365;636;
21.02.2025;16:32:21.673;FBTP SI 20250306 PS;SIMPLE_INSTRUMENT;BLOCK;EUR;36;119.82000000;418;EXCHANGE_LAST;;1;1;XEUR;11286675;636;
21.02.2025;08:35:17.959;FBTS SI 20250306 PS;SIMPLE_INSTRUMENT;EFP_FIN;EUR;2;107.38000000;1137;EXCHANGE_LAST;;1;1;XEUR;11286677;639;
21.02.2025;08:46:18.275;FBTS SI 20250306 PS;SIMPLE_INSTRUMENT;EFP_FIN;EUR;5;107.39000000;1816;EXCHANGE_LAST;;1;1;XEUR;11286677;639;
21.02.2025;08:49:30.377;FBTS SI 20250306 PS;SIMPLE_INSTRUMENT;EFP_FIN;EUR;6;107.40000000;2904;EXCHANGE_LAST;;1;1;XEUR;11286677;639;
21.02.2025;09:12:25.798;FBTS SI 20250306 PS;SIMPLE_INSTRUMENT;EFP_FIN;EUR;9;107.38000000;2016;EXCHANGE_LAST;;1;1;XEUR;11286677;639;
21.02.2025;09:14:16.996;FBTS SI 20250306 PS;SIMPLE_INSTRUMENT;BLOCK;EUR;12;107.39000000;908;EXCHANGE_LAST;;1;1;XEUR;11286677;639;
21.02.2025;09:15:24.108;FBTS SI 20250306 PS;SIMPLE_INSTRUMENT;BLOCK;EUR;13;107.38000000;818;EXCHANGE_LAST;;1;1;XEUR;11286677;639;
21.02.2025;09:22:38.591;FBTS SI 20250306 PS;SIMPLE_INSTRUMENT;EFP_FIN;EUR;15;107.39000000;907;EXCHANGE_LAST;;1;1;XEUR;11286677;639;
21.02.2025;09:27:16.385;FBTS SI 20250306 PS;SIMPLE_INSTRUMENT;BLOCK;EUR;16;107.38000000;1749;EXCHANGE_LAST;;1;1;XEUR;11286677;639;
21.02.2025;09:29:40.011;FBTS SI 20250306 PS;SIMPLE_INSTRUMENT;EFP_FIN;EUR;17;107.38000000;613;EXCHANGE_LAST;;1;1;XEUR;11286677;639;
21.02.2025;09:31:46.158;FBTS SI 20250606 PS;SIMPLE_INSTRUMENT;EFP_FIN;EUR;18;107.20000000;314;EXCHANGE_LAST;;1;1;XEUR;11820367;639;
21.02.2025;10:00:21.123;FBTS SI 20250606 PS;SIMPLE_INSTRUMENT;EFP_FIN;EUR;21;107.17000000;313;EXCHANGE_LAST;;1;1;XEUR;11820367;639;
21.02.2025;10:00:53.895;FBTS SI 20250306 PS;SIMPLE_INSTRUMENT;EFP_FIN;EUR;23;107.39000000;1815;EXCHANGE_LAST;;1;1;XEUR;11286677;639;
21.02.2025;10:07:10.687;FBTS SI 20250306 PS;SIMPLE_INSTRUMENT;EFP_FIN;EUR;25;107.39000000;1362;EXCHANGE_LAST;;1;1;XEUR;11286677;639;
21.02.2025;10:19:03.142;FBTS SI 20250306 PS;SIMPLE_INSTRUMENT;EFP_FIN;EUR;29;107.38000000;272;EXCHANGE_LAST;;1;1;XEUR;11286677;639;
21.02.2025;10:22:24.703;FBTS SI 20250306 PS;SIMPLE_INSTRUMENT;EFP_FIN;EUR;31;107.39000000;454;EXCHANGE_LAST;;1;1;XEUR;11286677;639;
21.02.2025;10:23:39.963;FBTS SI 20250306 PS;SIMPLE_INSTRUMENT;EFP_FIN;EUR;32;107.38000000;454;EXCHANGE_LAST;;1;1;XEUR;11286677;639;
21.02.2025;11:11:21.223;FBTS SI 20250306 PS;SIMPLE_INSTRUMENT;BLOCK;EUR;35;107.38000000;1362;EXCHANGE_LAST;;1;1;XEUR;11286677;639;
21.02.2025;11:12:09.146;FBTS SI 20250306 PS;SIMPLE_INSTRUMENT;BLOCK;EUR;36;107.38000000;454;EXCHANGE_LAST;;1;1;XEUR;11286677;639;
21.02.2025;11:39:45.181;FBTS SI 20250306 PS;SIMPLE_INSTRUMENT;BLOCK;EUR;38;107.40000000;740;EXCHANGE_LAST;;1;1;XEUR;11286677;639;
21.02.2025;11:50:53.235;FBTS SI 20250306 PS;SIMPLE_INSTRUMENT;EFP_FIN;EUR;40;107.41000000;179;EXCHANGE_LAST;;1;1;XEUR;11286677;639;
21.02.2025;11:52:56.500;FBTS SI 20250306 PS;SIMPLE_INSTRUMENT;EFP_FIN;EUR;41;107.41000000;209;EXCHANGE_LAST;;1;1;XEUR;11286677;639;
21.02.2025;12:01:26.651;FBTS SI 20250306 PS;SIMPLE_INSTRUMENT;EFP_FIN;EUR;43;107.41000000;1686;EXCHANGE_LAST;;1;1;XEUR;11286677;639;
21.02.2025;12:24:52.233;FBTS SI 20250306 PS;SIMPLE_INSTRUMENT;EFP_FIN;EUR;45;107.41000000;565;EXCHANGE_LAST;;1;1;XEUR;11286677;639;
21.02.2025;12:39:39.569;FBTS SI 20250306 PS;SIMPLE_INSTRUMENT;EFP_FIN;EUR;47;107.41000000;115;EXCHANGE_LAST;;1;1;XEUR;11286677;639;
21.02.2025;12:40:04.528;FBTS SI 20250306 PS;SIMPLE_INSTRUMENT;EFP_FIN;EUR;48;107.41000000;115;EXCHANGE_LAST;;1;1;XEUR;11286677;639;
21.02.2025;12:49:23.801;FBTS SI 20250306 PS;SIMPLE_INSTRUMENT;EFP_FIN;EUR;49;107.39000000;209;EXCHANGE_LAST;;1;1;XEUR;11286677;639;
21.02.2025;14:15:35.767;FBTS SI 20250306 PS;SIMPLE_INSTRUMENT;EFP_FIN;EUR;52;107.40000000;256;EXCHANGE_LAST;;1;1;XEUR;11286677;639;
21.02.2025;14:31:46.931;FBTS SI 20250306 PS;SIMPLE_INSTRUMENT;EFP_FIN;EUR;53;107.40000000;538;EXCHANGE_LAST;;1;1;XEUR;11286677;639;
21.02.2025;14:44:32.683;FBTS SI 20250306 PS;SIMPLE_INSTRUMENT;EFP_FIN;EUR;54;107.40000000;227;EXCHANGE_LAST;;1;1;XEUR;11286677;639;
21.02.2025;16:24:43.557;FBTS SI 20250306 PS;SIMPLE_INSTRUMENT;EFP_FIN;EUR;62;107.43000000;201;EXCHANGE_LAST;;1;1;XEUR;11286677;639;
21.02.2025;16:49:00.646;FBTS SI 20250306 PS;SIMPLE_INSTRUMENT;EFP_FIN;EUR;65;107.41000000;1534;EXCHANGE_LAST;;1;1;XEUR;11286677;639;
21.02.2025;08:28:46.736;FCEU SI 20250317 PS;SIMPLE_INSTRUMENT;BLOCK;USD;1;1.04875000;201;EXCHANGE_LAST;;1;1;XEUR;9136240;369376;
21.02.2025;11:03:13.599;FCEU SI 20250317 PS;SIMPLE_INSTRUMENT;BLOCK;USD;4;1.04760000;330;EXCHANGE_LAST;;1;1;XEUR;9136240;369376;
21.02.2025;09:32:45.804;FCMU SI 20250317 CS;SIMPLE_INSTRUMENT;BLOCK;USD;2;0.04898000;150;EXCHANGE_LAST;;1;1;XEUR;11329545;570874;
21.02.2025;15:31:43.636;FCMU SI 20250317 CS;SIMPLE_INSTRUMENT;BLOCK;USD;5;0.04901000;150;EXCHANGE_LAST;;1;1;XEUR;11329545;570874;
21.02.2025;10:33:24.517;FCPU SI 20250317 PS;SIMPLE_INSTRUMENT;BLOCK;USD;3;1.26530000;60;EXCHANGE_LAST;;1;1;XEUR;9136249;369379;
21.02.2025;09:02:58.328;FD3D SI 20251219 CS;SIMPLE_INSTRUMENT;BLOCK;EUR;3;110.20000000;1250;EXCHANGE_LAST;;1;1;XEUR;5914068;588;
21.02.2025;09:03:56.361;FD3D SI 20261218 CS;SIMPLE_INSTRUMENT;BLOCK;EUR;4;107.30000000;625;EXCHANGE_LAST;;1;1;XEUR;7158183;588;
21.02.2025;09:03:56.389;FD3D SI 20261218 CS;SIMPLE_INSTRUMENT;BLOCK;EUR;5;107.40000000;625;EXCHANGE_LAST;;1;1;XEUR;7158183;588;
21.02.2025;16:10:57.422;FD3D SI 20271217 CS;SIMPLE_INSTRUMENT;BLOCK;EUR;31;104.20000000;269;EXCHANGE_LAST;;1;1;XEUR;8782208;588;
21.02.2025;16:23:46.786;FD3D SI 20271217 CS;SIMPLE_INSTRUMENT;BLOCK;EUR;33;104.20000000;120;EXCHANGE_LAST;;1;1;XEUR;8782208;588;
21.02.2025;17:05:12.273;FD3D SI 20251219 CS;SIMPLE_INSTRUMENT;BLOCK;EUR;47;112.00000000;2000;EXCHANGE_LAST;;1;4;XEUR;5914068;588;
21.02.2025;09:16:46.751;FDAX SI 20250321 CS;SIMPLE_INSTRUMENT;BLOCK;EUR;1;22322.00000000;250;EXCHANGE_LAST;;1;1;XEUR;7561255;589;
21.02.2025;17:05:26.820;FDAX SI 20250321 CS;SIMPLE_INSTRUMENT;EFP_IDX;EUR;2;22337.00000000;11;EXCHANGE_LAST;;1;1;XEUR;7561255;589;
21.02.2025;17:05:39.982;FDAX SI 20250321 CS;SIMPLE_INSTRUMENT;EFP_IDX;EUR;3;22338.00000000;14;EXCHANGE_LAST;;1;1;XEUR;7561255;589;
21.02.2025;10:05:27.377;FDAX SI 20250321 CS;SIMPLE_INSTRUMENT;VOLA;EUR;671088650;22380.00000000;23;EXCHANGE_LAST;;1;1;XEUR;7561255;589;
21.02.2025;15:25:39.731;FDAX SI 20250321 CS;SIMPLE_INSTRUMENT;VOLA;EUR;671088667;22350.00000000;3;EXCHANGE_LAST;;1;1;XEUR;7561255;589;
21.02.2025;15:46:55.073;FDAX SI 20250321 CS;SIMPLE_INSTRUMENT;VOLA;EUR;671088673;22309.00000000;31;EXCHANGE_LAST;;1;1;XEUR;7561255;589;
21.02.2025;15:57:21.501;FDAX SI 20250321 CS;SIMPLE_INSTRUMENT;VOLA;EUR;671088675;22290.00000000;44;EXCHANGE_LAST;;1;1;XEUR;7561255;589;
21.02.2025;12:14:50.206;FEBD SI 20251219 CS;SIMPLE_INSTRUMENT;BLOCK;EUR;18;11.02000000;1500;EXCHANGE_LAST;;1;1;XEUR;5914075;597;
21.02.2025;12:14:55.362;FEBD SI 20261218 CS;SIMPLE_INSTRUMENT;BLOCK;EUR;19;10.36000000;1500;EXCHANGE_LAST;;1;1;XEUR;7158212;597;
21.02.2025;17:32:14.758;FEDV SI 20250321 CS;SIMPLE_INSTRUMENT;BLOCK;EUR;48;1789.50000000;500;EXCHANGE_LAST;;1;1;XEUR;11359068;596;
21.02.2025;17:32:42.782;FEDV SI 20250321 CS;SIMPLE_INSTRUMENT;BLOCK;EUR;49;1789.00000000;500;EXCHANGE_LAST;;1;1;XEUR;11359068;596;
21.02.2025;08:32:39.219;FEHY SI 20250321 CS;SIMPLE_INSTRUMENT;BLOCK;EUR;1;298.44000000;350;EXCHANGE_LAST;;1;1;XEUR;11428365;574047;
21.02.2025;16:25:58.862;FESB SI 20250321 CS;SIMPLE_INSTRUMENT;BLOCK;EUR;57;176.00000000;5800;EXCHANGE_LAST;;1;1;XEUR;11359072;605;
21.02.2025;16:44:22.959;FESB SI 20250321 CS;SIMPLE_INSTRUMENT;BLOCK;EUR;59;176.00000000;4500;EXCHANGE_LAST;;1;1;XEUR;11359072;605;
21.02.2025;16:52:30.366;FESB SI 20250321 CS;SIMPLE_INSTRUMENT;EFP_IDX;EUR;68;176.50000000;305;EXCHANGE_LAST;;1;1;XEUR;11359072;605;
21.02.2025;16:53:20.155;FESB SI 20250321 CS;SIMPLE_INSTRUMENT;EFP_IDX;EUR;69;176.60000000;457;EXCHANGE_LAST;;1;1;XEUR;11359072;605;
21.02.2025;16:55:16.395;FESB SI 20250321 CS;SIMPLE_INSTRUMENT;BLOCK;EUR;70;176.30000000;5000;EXCHANGE_LAST;;1;1;XEUR;11359072;605;
21.02.2025;11:01:18.578;FESB SI 20250321 CS;SIMPLE_INSTRUMENT;VOLA;EUR;603979806;175.70000000;2550;EXCHANGE_LAST;;1;1;XEUR;11359072;605;
21.02.2025;12:53:14.311;FESB SI 20250321 CS;SIMPLE_INSTRUMENT;VOLA;EUR;603979821;176.50000000;300;EXCHANGE_LAST;;1;1;XEUR;11359072;605;
21.02.2025;09:57:29.887;FESE SI 20250321 CS;SIMPLE_INSTRUMENT;VOLA;EUR;603979791;375.00000000;3;EXCHANGE_LAST;;1;1;XEUR;11359705;685;
21.02.2025;09:57:11.946;FESE SI 20250321 CS;SIMPLE_INSTRUMENT;VOLA;EUR;603979792;375.00000000;7;EXCHANGE_LAST;;1;1;XEUR;11359705;685;
21.02.2025;09:36:18.451;FESX SI 20250321 CS;SIMPLE_INSTRUMENT;BLOCK;EUR;1;5472.00000000;3895;EXCHANGE_LAST;;1;1;XEUR;7793482;675;
21.02.2025;14:16:05.508;FESX SI 20250321 CS;SIMPLE_INSTRUMENT;EFP_IDX;EUR;2;5490.00000000;1000;EXCHANGE_LAST;;1;1;XEUR;7793482;675;
21.02.2025;15:39:11.765;FESX SI 20250321 CS;SIMPLE_INSTRUMENT;BLOCK;EUR;3;5474.00000000;2065;EXCHANGE_LAST;;1;1;XEUR;7793482;675;
21.02.2025;16:51:04.489;FESX SI 20250321 CS;SIMPLE_INSTRUMENT;EFP_IDX;EUR;4;5483.00000000;34;EXCHANGE_LAST;;1;1;XEUR;7793482;675;
21.02.2025;16:50:51.938;FESX SI 20250321 CS;SIMPLE_INSTRUMENT;EFP_IDX;EUR;5;5484.00000000;191;EXCHANGE_LAST;;1;1;XEUR;7793482;675;
21.02.2025;16:58:06.775;FESX SI 20250321 CS;SIMPLE_INSTRUMENT;EFP_IDX;EUR;10;5483.00000000;151;EXCHANGE_LAST;;1;1;XEUR;7793482;675;
21.02.2025;16:58:10.727;FESX SI 20250321 CS;SIMPLE_INSTRUMENT;EFP_IDX;EUR;11;5484.00000000;399;EXCHANGE_LAST;;1;1;XEUR;7793482;675;
21.02.2025;16:54:36.709;FESX SI 20250321 CS;SIMPLE_INSTRUMENT;EFP_IDX;EUR;14;5483.00000000;42;EXCHANGE_LAST;;1;1;XEUR;7793482;675;
21.02.2025;16:54:19.634;FESX SI 20250321 CS;SIMPLE_INSTRUMENT;EFP_IDX;EUR;15;5484.00000000;108;EXCHANGE_LAST;;1;1;XEUR;7793482;675;
21.02.2025;17:17:25.804;FESX SI 20250321 CS;SIMPLE_INSTRUMENT;EFP_IDX;EUR;18;5484.00000000;425;EXCHANGE_LAST;;1;1;XEUR;7793482;675;
21.02.2025;17:17:58.265;FESX SI 20250321 CS;SIMPLE_INSTRUMENT;EFP_IDX;EUR;19;5483.00000000;75;EXCHANGE_LAST;;1;1;XEUR;7793482;675;
21.02.2025;17:18:29.711;FESX SI 20250321 CS;SIMPLE_INSTRUMENT;EFP_IDX;EUR;20;5483.00000000;75;EXCHANGE_LAST;;1;1;XEUR;7793482;675;
21.02.2025;17:17:42.444;FESX SI 20250321 CS;SIMPLE_INSTRUMENT;EFP_IDX;EUR;21;5484.00000000;425;EXCHANGE_LAST;;1;1;XEUR;7793482;675;
21.02.2025;17:18:44.046;FESX SI 20250321 CS;SIMPLE_INSTRUMENT;EFP_IDX;EUR;22;5484.00000000;120;EXCHANGE_LAST;;1;1;XEUR;7793482;675;
21.02.2025;17:19:12.241;FESX SI 20250321 CS;SIMPLE_INSTRUMENT;EFP_IDX;EUR;23;5483.00000000;80;EXCHANGE_LAST;;1;1;XEUR;7793482;675;
21.02.2025;17:19:37.480;FESX SI 20250321 CS;SIMPLE_INSTRUMENT;EFP_IDX;EUR;24;5484.00000000;540;EXCHANGE_LAST;;1;1;XEUR;7793482;675;
21.02.2025;17:19:25.772;FESX SI 20250321 CS;SIMPLE_INSTRUMENT;EFP_IDX;EUR;25;5483.00000000;360;EXCHANGE_LAST;;1;1;XEUR;7793482;675;
21.02.2025;09:06:02.708;FESX SI 20250321 CS;SIMPLE_INSTRUMENT;VOLA;EUR;637534219;5475.00000000;180;EXCHANGE_LAST;;1;1;XEUR;7793482;675;
21.02.2025;10:13:11.957;FESX SI 20250321 CS;SIMPLE_INSTRUMENT;VOLA;EUR;637534250;5476.00000000;113;EXCHANGE_LAST;;1;1;XEUR;7793482;675;
21.02.2025;11:10:22.858;FESX SI 20250321 CS;SIMPLE_INSTRUMENT;VOLA;EUR;637534274;5479.00000000;120;EXCHANGE_LAST;;1;1;XEUR;7793482;675;
21.02.2025;11:12:21.587;FESX SI 20250321 CS;SIMPLE_INSTRUMENT;VOLA;EUR;637534275;5479.00000000;115;EXCHANGE_LAST;;1;1;XEUR;7793482;675;
21.02.2025;12:03:32.787;FESX SI 20250321 CS;SIMPLE_INSTRUMENT;VOLA;EUR;637534289;5494.00000000;1530;EXCHANGE_LAST;;1;1;XEUR;7793482;675;
21.02.2025;12:47:17.477;FESX SI 20250321 CS;SIMPLE_INSTRUMENT;VOLA;EUR;637534306;5487.00000000;145;EXCHANGE_LAST;;1;1;XEUR;7793482;675;
21.02.2025;13:17:27.181;FESX SI 20250321 CS;SIMPLE_INSTRUMENT;VOLA;EUR;637534308;5469.00000000;334;EXCHANGE_LAST;;1;1;XEUR;7793482;675;
21.02.2025;13:15:07.901;FESX SI 20250321 CS;SIMPLE_INSTRUMENT;VOLA;EUR;637534312;5486.00000000;199;EXCHANGE_LAST;;1;1;XEUR;7793482;675;
21.02.2025;13:25:37.691;FESX SI 20250321 CS;SIMPLE_INSTRUMENT;VOLA;EUR;637534320;5486.00000000;260;EXCHANGE_LAST;;1;1;XEUR;7793482;675;
21.02.2025;14:31:25.806;FESX SI 20250321 CS;SIMPLE_INSTRUMENT;VOLA;EUR;637534351;5489.00000000;192;EXCHANGE_LAST;;1;1;XEUR;7793482;675;
21.02.2025;15:53:54.274;FESX SI 20250321 CS;SIMPLE_INSTRUMENT;VOLA;EUR;637534382;5472.00000000;222;EXCHANGE_LAST;;1;1;XEUR;7793482;675;
21.02.2025;15:55:31.339;FESX SI 20250321 CS;SIMPLE_INSTRUMENT;VOLA;EUR;637534385;5475.00000000;70;EXCHANGE_LAST;;1;1;XEUR;7793482;675;
21.02.2025;16:23:55.537;FESX SI 20250321 CS;SIMPLE_INSTRUMENT;VOLA;EUR;637534396;5470.00000000;90;EXCHANGE_LAST;;1;1;XEUR;7793482;675;
21.02.2025;16:30:14.711;FESX SI 20250321 CS;SIMPLE_INSTRUMENT;VOLA;EUR;637534404;5470.00000000;80;EXCHANGE_LAST;;1;1;XEUR;7793482;675;
21.02.2025;08:40:20.549;FEXD SI 20261218 CS;SIMPLE_INSTRUMENT;BLOCK;EUR;2;157.90000000;300;EXCHANGE_LAST;;1;1;XEUR;2163053;693;
21.02.2025;09:21:40.538;FEXD SI 20261218 CS;SIMPLE_INSTRUMENT;BLOCK;EUR;6;157.80000000;500;EXCHANGE_LAST;;1;1;XEUR;2163053;693;
21.02.2025;09:57:21.355;FEXD SI 20261218 CS;SIMPLE_INSTRUMENT;BLOCK;EUR;8;157.70000000;125;EXCHANGE_LAST;;1;1;XEUR;2163053;693;
21.02.2025;09:57:15.354;FEXD SI 20261218 CS;SIMPLE_INSTRUMENT;BLOCK;EUR;9;157.80000000;125;EXCHANGE_LAST;;1;1;XEUR;2163053;693;
21.02.2025;10:40:46.575;FEXD SI 20261218 CS;SIMPLE_INSTRUMENT;BLOCK;EUR;11;157.90000000;125;EXCHANGE_LAST;;1;1;XEUR;2163053;693;
21.02.2025;10:40:49.331;FEXD SI 20261218 CS;SIMPLE_INSTRUMENT;BLOCK;EUR;12;157.80000000;125;EXCHANGE_LAST;;1;1;XEUR;2163053;693;
21.02.2025;10:43:26.608;FEXD.S.DEC28.DEC29.SPD;FUTURES_SPREAD;BLOCK;EUR;13;3.10000000;125;EXCHANGE_LAST;;1;1;XEUR;72060570450264171;693;
21.02.2025;10:43:26.608;FEXD SI 20281215 CS;SIMPLE_INSTRUMENT;BLOCK;EUR;13;148.30000000;125;PRC_DECOMP_EXCHANGE;;;;XEUR;3680985;693;EXCHANGE
21.02.2025;10:43:26.608;FEXD SI 20291221 CS;SIMPLE_INSTRUMENT;BLOCK;EUR;13;145.20000000;125;PRC_DECOMP_EXCHANGE;;;;XEUR;4631968;693;EXCHANGE
21.02.2025;10:43:50.932;FEXD SI 20261218 CS;SIMPLE_INSTRUMENT;BLOCK;EUR;14;157.90000000;150;EXCHANGE_LAST;;1;1;XEUR;2163053;693;
21.02.2025;10:44:19.995;FEXD SI 20281215 CS;SIMPLE_INSTRUMENT;BLOCK;EUR;15;148.60000000;150;EXCHANGE_LAST;;1;1;XEUR;3680985;693;
21.02.2025;10:48:17.708;FEXD SI 20261218 CS;SIMPLE_INSTRUMENT;BLOCK;EUR;16;157.80000000;250;EXCHANGE_LAST;;1;1;XEUR;2163053;693;
21.02.2025;11:03:25.426;FEXD.S.DEC26.DEC27.SPD;FUTURES_SPREAD;BLOCK;EUR;17;5.10000000;125;EXCHANGE_LAST;;1;1;XEUR;72060570450264153;693;
21.02.2025;11:03:25.426;FEXD SI 20261218 CS;SIMPLE_INSTRUMENT;BLOCK;EUR;17;158.10000000;125;PRC_DECOMP_MEMBER;;;;XEUR;2163053;693;MEMBER
21.02.2025;11:03:25.426;FEXD SI 20271217 CS;SIMPLE_INSTRUMENT;BLOCK;EUR;17;153.00000000;125;PRC_DECOMP_MEMBER;;;;XEUR;2848338;693;MEMBER
21.02.2025;14:31:57.246;FEXD SI 20291221 CS;SIMPLE_INSTRUMENT;BLOCK;EUR;25;145.40000000;200;EXCHANGE_LAST;;1;1;XEUR;4631968;693;
21.02.2025;15:03:52.171;FEXD SI 20261218 CS;SIMPLE_INSTRUMENT;BLOCK;EUR;27;157.80000000;300;EXCHANGE_LAST;;1;1;XEUR;2163053;693;
21.02.2025;16:30:10.283;FEXD SI 20261218 CS;SIMPLE_INSTRUMENT;BLOCK;EUR;34;157.90000000;300;EXCHANGE_LAST;;1;1;XEUR;2163053;693;
21.02.2025;16:35:04.107;FEXD SI 20261218 CS;SIMPLE_INSTRUMENT;BLOCK;EUR;35;158.00000000;500;EXCHANGE_LAST;;1;1;XEUR;2163053;693;
21.02.2025;07:46:10.525;FGBL SI 20250306 PS;SIMPLE_INSTRUMENT;EFS;EUR;1;131.68000000;228;EXCHANGE_LAST;;1;1;XEUR;11286679;688;
21.02.2025;07:47:30.530;FGBL SI 20250306 PS;SIMPLE_INSTRUMENT;EFS;EUR;2;131.68000000;683;EXCHANGE_LAST;;1;1;XEUR;11286679;688;
21.02.2025;08:02:20.780;FGBL SI 20250306 PS;SIMPLE_INSTRUMENT;EFS;EUR;3;131.72000000;452;EXCHANGE_LAST;;1;1;XEUR;11286679;688;
21.02.2025;08:08:21.321;FGBL SI 20250306 PS;SIMPLE_INSTRUMENT;EFS;EUR;4;131.76000000;210;EXCHANGE_LAST;;1;1;XEUR;11286679;688;
21.02.2025;08:10:35.427;FGBL SI 20250306 PS;SIMPLE_INSTRUMENT;EFS;EUR;5;131.73000000;452;EXCHANGE_LAST;;1;1;XEUR;11286679;688;
21.02.2025;08:10:56.412;FGBL SI 20250306 PS;SIMPLE_INSTRUMENT;EFS;EUR;6;131.75000000;419;EXCHANGE_LAST;;1;1;XEUR;11286679;688;
21.02.2025;08:12:25.463;FGBL SI 20250306 PS;SIMPLE_INSTRUMENT;EFS;EUR;7;131.76000000;209;EXCHANGE_LAST;;1;1;XEUR;11286679;688;
21.02.2025;08:16:16.612;FGBL SI 20250306 PS;SIMPLE_INSTRUMENT;EFS;EUR;8;131.76000000;629;EXCHANGE_LAST;;1;1;XEUR;11286679;688;
21.02.2025;08:16:41.629;FGBL SI 20250306 PS;SIMPLE_INSTRUMENT;EFS;EUR;9;132.05000000;420;EXCHANGE_LAST;;1;1;XEUR;11286679;688;
21.02.2025;08:24:06.805;FGBL SI 20250306 PS;SIMPLE_INSTRUMENT;EFS;EUR;10;132.05000000;418;EXCHANGE_LAST;;1;1;XEUR;11286679;688;
21.02.2025;08:25:24.193;FGBL SI 20250306 PS;SIMPLE_INSTRUMENT;EFS;EUR;11;132.09000000;418;EXCHANGE_LAST;;1;1;XEUR;11286679;688;
21.02.2025;08:34:54.325;FGBL SI 20250306 PS;SIMPLE_INSTRUMENT;EFS;EUR;12;132.04000000;419;EXCHANGE_LAST;;1;1;XEUR;11286679;688;
21.02.2025;08:39:24.555;FGBL SI 20250306 PS;SIMPLE_INSTRUMENT;EFS;EUR;13;131.99000000;209;EXCHANGE_LAST;;1;1;XEUR;11286679;688;
21.02.2025;08:40:53.182;FGBL SI 20250306 PS;SIMPLE_INSTRUMENT;EFS;EUR;14;131.99000000;209;EXCHANGE_LAST;;1;1;XEUR;11286679;688;
21.02.2025;08:41:57.409;FGBL SI 20250306 PS;SIMPLE_INSTRUMENT;EFS;EUR;15;132.01000000;251;EXCHANGE_LAST;;1;1;XEUR;11286679;688;
21.02.2025;08:43:00.124;FGBL SI 20250306 PS;SIMPLE_INSTRUMENT;EFS;EUR;16;131.99000000;419;EXCHANGE_LAST;;1;1;XEUR;11286679;688;
21.02.2025;08:44:35.699;FGBL SI 20250306 PS;SIMPLE_INSTRUMENT;EFS;EUR;17;131.99000000;209;EXCHANGE_LAST;;1;1;XEUR;11286679;688;
21.02.2025;08:44:35.744;FGBL SI 20250306 PS;SIMPLE_INSTRUMENT;EFS;EUR;18;131.99000000;209;EXCHANGE_LAST;;1;1;XEUR;11286679;688;
21.02.2025;08:45:45.740;FGBL SI 20250306 PS;SIMPLE_INSTRUMENT;EFS;EUR;19;131.98000000;419;EXCHANGE_LAST;;1;1;XEUR;11286679;688;
21.02.2025;08:50:20.739;FGBL SI 20250306 PS;SIMPLE_INSTRUMENT;EFS;EUR;20;131.76000000;230;EXCHANGE_LAST;;1;1;XEUR;11286679;688;
21.02.2025;09:07:01.141;FGBL SI 20250306 PS;SIMPLE_INSTRUMENT;EFS;EUR;21;131.96000000;473;EXCHANGE_LAST;;1;1;XEUR;11286679;688;
21.02.2025;09:12:57.888;FGBL SI 20250306 PS;SIMPLE_INSTRUMENT;EFS;EUR;22;131.95000000;419;EXCHANGE_LAST;;1;1;XEUR;11286679;688;
21.02.2025;09:25:33.554;FGBL SI 20250306 PS;SIMPLE_INSTRUMENT;EFS;EUR;23;131.95000000;912;EXCHANGE_LAST;;1;1;XEUR;11286679;688;
21.02.2025;09:28:01.313;FGBL SI 20250306 PS;SIMPLE_INSTRUMENT;EFP_FIN;EUR;24;131.95000000;231;EXCHANGE_LAST;;1;1;XEUR;11286679;688;
21.02.2025;09:30:12.652;FGBL SI 20250306 PS;SIMPLE_INSTRUMENT;EFS;EUR;25;131.94000000;316;EXCHANGE_LAST;;1;1;XEUR;11286679;688;
21.02.2025;09:34:46.164;FGBL SI 20250306 PS;SIMPLE_INSTRUMENT;EFP_FIN;EUR;26;131.94000000;206;EXCHANGE_LAST;;1;1;XEUR;11286679;688;
21.02.2025;09:34:53.167;FGBL SI 20250306 PS;SIMPLE_INSTRUMENT;EFP_FIN;EUR;27;131.95000000;231;EXCHANGE_LAST;;1;1;XEUR;11286679;688;
21.02.2025;09:36:59.678;FGBL SI 20250306 PS;SIMPLE_INSTRUMENT;EFS;EUR;28;131.95000000;45;EXCHANGE_LAST;;1;1;XEUR;11286679;688;
21.02.2025;09:41:12.918;FGBL SI 20250306 PS;SIMPLE_INSTRUMENT;EFS;EUR;29;131.99000000;418;EXCHANGE_LAST;;1;1;XEUR;11286679;688;
21.02.2025;09:41:59.068;FGBL SI 20250306 PS;SIMPLE_INSTRUMENT;EFS;EUR;30;131.98000000;903;EXCHANGE_LAST;;1;1;XEUR;11286679;688;
21.02.2025;09:42:50.717;FGBL SI 20250306 PS;SIMPLE_INSTRUMENT;EFS;EUR;31;131.97000000;473;EXCHANGE_LAST;;1;1;XEUR;11286679;688;
21.02.2025;09:42:59.986;FGBL SI 20250306 PS;SIMPLE_INSTRUMENT;EFS;EUR;32;131.98000000;419;EXCHANGE_LAST;;1;1;XEUR;11286679;688;
21.02.2025;09:47:29.204;FGBL SI 20250306 PS;SIMPLE_INSTRUMENT;EFS;EUR;33;131.96000000;473;EXCHANGE_LAST;;1;1;XEUR;11286679;688;
21.02.2025;09:48:18.896;FGBL SI 20250306 PS;SIMPLE_INSTRUMENT;EFS;EUR;34;132.00000000;478;EXCHANGE_LAST;;1;1;XEUR;11286679;688;
21.02.2025;09:52:22.004;FGBL SI 20250306 PS;SIMPLE_INSTRUMENT;EFP_FIN;EUR;35;132.00000000;1954;EXCHANGE_LAST;;1;1;XEUR;11286679;688;
21.02.2025;09:48:45.478;FGBL SI 20250306 PS;SIMPLE_INSTRUMENT;EFS;EUR;36;131.96000000;419;EXCHANGE_LAST;;1;1;XEUR;11286679;688;
21.02.2025;09:50:05.874;FGBL SI 20250306 PS;SIMPLE_INSTRUMENT;EFS;EUR;37;131.96000000;419;EXCHANGE_LAST;;1;1;XEUR;11286679;688;
21.02.2025;10:03:06.297;FGBL SI 20250306 PS;SIMPLE_INSTRUMENT;EFS;EUR;38;131.95000000;293;EXCHANGE_LAST;;1;1;XEUR;11286679;688;
21.02.2025;10:03:53.611;FGBL SI 20250306 PS;SIMPLE_INSTRUMENT;EFS;EUR;39;131.95000000;209;EXCHANGE_LAST;;1;1;XEUR;11286679;688;
21.02.2025;10:04:53.048;FGBL SI 20250306 PS;SIMPLE_INSTRUMENT;EFS;EUR;40;131.95000000;419;EXCHANGE_LAST;;1;1;XEUR;11286679;688;
21.02.2025;10:08:35.570;FGBL SI 20250306 PS;SIMPLE_INSTRUMENT;EFS;EUR;41;131.97000000;838;EXCHANGE_LAST;;1;1;XEUR;11286679;688;
21.02.2025;10:10:07.296;FGBL SI 20250306 PS;SIMPLE_INSTRUMENT;EFS;EUR;42;132.00000000;419;EXCHANGE_LAST;;1;1;XEUR;11286679;688;
21.02.2025;10:10:12.303;FGBL SI 20250306 PS;SIMPLE_INSTRUMENT;EFS;EUR;43;132.00000000;419;EXCHANGE_LAST;;1;1;XEUR;11286679;688;
21.02.2025;10:10:52.330;FGBL SI 20250306 PS;SIMPLE_INSTRUMENT;EFS;EUR;44;131.97000000;419;EXCHANGE_LAST;;1;1;XEUR;11286679;688;
21.02.2025;10:27:08.829;FGBL SI 20250306 PS;SIMPLE_INSTRUMENT;EFS;EUR;45;131.95000000;595;EXCHANGE_LAST;;1;1;XEUR;11286679;688;
21.02.2025;10:28:45.008;FGBL SI 20250306 PS;SIMPLE_INSTRUMENT;EFS;EUR;46;131.98000000;419;EXCHANGE_LAST;;1;1;XEUR;11286679;688;
21.02.2025;10:28:58.916;FGBL SI 20250306 PS;SIMPLE_INSTRUMENT;EFS;EUR;47;131.98000000;50;EXCHANGE_LAST;;1;1;XEUR;11286679;688;
21.02.2025;10:29:15.029;FGBL SI 20250306 PS;SIMPLE_INSTRUMENT;EFS;EUR;48;131.97000000;419;EXCHANGE_LAST;;1;1;XEUR;11286679;688;
21.02.2025;10:29:30.039;FGBL SI 20250306 PS;SIMPLE_INSTRUMENT;EFS;EUR;49;131.97000000;419;EXCHANGE_LAST;;1;1;XEUR;11286679;688;
21.02.2025;10:29:55.058;FGBL SI 20250306 PS;SIMPLE_INSTRUMENT;EFS;EUR;50;131.97000000;419;EXCHANGE_LAST;;1;1;XEUR;11286679;688;
21.02.2025;10:30:53.004;FGBL SI 20250306 PS;SIMPLE_INSTRUMENT;EFS;EUR;51;131.98000000;297;EXCHANGE_LAST;;1;1;XEUR;11286679;688;
21.02.2025;10:36:35.369;FGBL SI 20250306 PS;SIMPLE_INSTRUMENT;EFP_FIN;EUR;52;131.94000000;171;EXCHANGE_LAST;;1;1;XEUR;11286679;688;
21.02.2025;10:40:20.481;FGBL SI 20250306 PS;SIMPLE_INSTRUMENT;EFS;EUR;53;131.98000000;419;EXCHANGE_LAST;;1;1;XEUR;11286679;688;
21.02.2025;10:40:30.488;FGBL SI 20250306 PS;SIMPLE_INSTRUMENT;EFS;EUR;54;131.98000000;419;EXCHANGE_LAST;;1;1;XEUR;11286679;688;
21.02.2025;10:50:45.234;FGBL SI 20250306 PS;SIMPLE_INSTRUMENT;EFS;EUR;55;131.97000000;223;EXCHANGE_LAST;;1;1;XEUR;11286679;688;
21.02.2025;11:03:31.661;FGBL SI 20250306 PS;SIMPLE_INSTRUMENT;EFS;EUR;56;132.06000000;418;EXCHANGE_LAST;;1;1;XEUR;11286679;688;
21.02.2025;11:04:45.311;FGBL SI 20250306 PS;SIMPLE_INSTRUMENT;EFS;EUR;57;132.08000000;418;EXCHANGE_LAST;;1;1;XEUR;11286679;688;
21.02.2025;11:05:07.939;FGBL SI 20250306 PS;SIMPLE_INSTRUMENT;EFS;EUR;58;132.07000000;486;EXCHANGE_LAST;;1;1;XEUR;11286679;688;
21.02.2025;11:05:19.874;FGBL SI 20250306 PS;SIMPLE_INSTRUMENT;EFS;EUR;59;132.08000000;418;EXCHANGE_LAST;;1;1;XEUR;11286679;688;
21.02.2025;11:11:49.466;FGBL SI 20250306 PS;SIMPLE_INSTRUMENT;EFP_FIN;EUR;62;132.07000000;557;EXCHANGE_LAST;;1;1;XEUR;11286679;688;
21.02.2025;11:12:48.874;FGBL SI 20250306 PS;SIMPLE_INSTRUMENT;EFS;EUR;63;132.07000000;418;EXCHANGE_LAST;;1;1;XEUR;11286679;688;
21.02.2025;11:20:34.160;FGBL SI 20250306 PS;SIMPLE_INSTRUMENT;EFS;EUR;65;132.06000000;486;EXCHANGE_LAST;;1;1;XEUR;11286679;688;
21.02.2025;11:22:08.166;FGBL SI 20250306 PS;SIMPLE_INSTRUMENT;EFS;EUR;66;132.06000000;1418;EXCHANGE_LAST;;1;1;XEUR;11286679;688;
21.02.2025;11:23:25.402;FGBL SI 20250306 PS;SIMPLE_INSTRUMENT;EFS;EUR;67;132.09000000;418;EXCHANGE_LAST;;1;1;XEUR;11286679;688;
21.02.2025;11:25:49.854;FGBL SI 20250306 PS;SIMPLE_INSTRUMENT;EFS;EUR;68;132.07000000;633;EXCHANGE_LAST;;1;1;XEUR;11286679;688;
21.02.2025;11:29:58.666;FGBL SI 20250306 PS;SIMPLE_INSTRUMENT;EFS;EUR;69;131.96000000;452;EXCHANGE_LAST;;1;1;XEUR;11286679;688;
21.02.2025;11:32:16.606;FGBL SI 20250306 PS;SIMPLE_INSTRUMENT;EFS;EUR;70;132.10000000;189;EXCHANGE_LAST;;1;1;XEUR;11286679;688;
21.02.2025;11:32:56.743;FGBL SI 20250306 PS;SIMPLE_INSTRUMENT;EFP_FIN;EUR;71;132.04000000;206;EXCHANGE_LAST;;1;1;XEUR;11286679;688;
21.02.2025;11:33:44.201;FGBL SI 20250306 PS;SIMPLE_INSTRUMENT;EFP_FIN;EUR;72;132.09000000;356;EXCHANGE_LAST;;1;1;XEUR;11286679;688;
21.02.2025;11:39:34.606;FGBL SI 20250306 PS;SIMPLE_INSTRUMENT;EFS;EUR;73;132.10000000;418;EXCHANGE_LAST;;1;1;XEUR;11286679;688;
21.02.2025;11:40:04.893;FGBL SI 20250306 PS;SIMPLE_INSTRUMENT;EFS;EUR;74;132.10000000;468;EXCHANGE_LAST;;1;1;XEUR;11286679;688;
21.02.2025;11:41:31.831;FGBL SI 20250306 PS;SIMPLE_INSTRUMENT;EFS;EUR;75;132.11000000;293;EXCHANGE_LAST;;1;1;XEUR;11286679;688;
21.02.2025;11:44:15.857;FGBL SI 20250306 PS;SIMPLE_INSTRUMENT;EFS;EUR;76;132.11000000;903;EXCHANGE_LAST;;1;1;XEUR;11286679;688;
21.02.2025;11:45:02.002;FGBL SI 20250306 PS;SIMPLE_INSTRUMENT;EFS;EUR;77;132.09000000;419;EXCHANGE_LAST;;1;1;XEUR;11286679;688;
21.02.2025;12:14:40.736;FGBL SI 20250306 PS;SIMPLE_INSTRUMENT;EFS;EUR;78;132.14000000;251;EXCHANGE_LAST;;1;1;XEUR;11286679;688;
21.02.2025;12:22:36.354;FGBL SI 20250306 PS;SIMPLE_INSTRUMENT;EFS;EUR;79;132.16000000;418;EXCHANGE_LAST;;1;1;XEUR;11286679;688;
21.02.2025;12:28:17.887;FGBL SI 20250306 PS;SIMPLE_INSTRUMENT;EFS;EUR;81;132.13000000;418;EXCHANGE_LAST;;1;1;XEUR;11286679;688;
21.02.2025;12:34:42.660;FGBL SI 20250306 PS;SIMPLE_INSTRUMENT;EFS;EUR;83;132.16000000;418;EXCHANGE_LAST;;1;1;XEUR;11286679;688;
21.02.2025;12:35:31.254;FGBL SI 20250306 PS;SIMPLE_INSTRUMENT;EFS;EUR;84;132.13000000;203;EXCHANGE_LAST;;1;1;XEUR;11286679;688;
21.02.2025;12:36:04.152;FGBL SI 20250306 PS;SIMPLE_INSTRUMENT;EFS;EUR;85;132.14000000;418;EXCHANGE_LAST;;1;1;XEUR;11286679;688;
21.02.2025;12:37:07.421;FGBL SI 20250306 PS;SIMPLE_INSTRUMENT;EFP_FIN;EUR;86;132.10000000;416;EXCHANGE_LAST;;1;1;XEUR;11286679;688;
21.02.2025;12:37:12.705;FGBL SI 20250306 PS;SIMPLE_INSTRUMENT;EFS;EUR;87;132.13000000;90;EXCHANGE_LAST;;1;1;XEUR;11286679;688;
21.02.2025;12:46:05.527;FGBL SI 20250306 PS;SIMPLE_INSTRUMENT;EFS;EUR;88;132.10000000;418;EXCHANGE_LAST;;1;1;XEUR;11286679;688;
21.02.2025;12:59:20.518;FGBL SI 20250306 PS;SIMPLE_INSTRUMENT;EFP_FIN;EUR;89;132.12000000;108;EXCHANGE_LAST;;1;1;XEUR;11286679;688;
21.02.2025;12:59:58.752;FGBL SI 20250306 PS;SIMPLE_INSTRUMENT;EFS;EUR;90;132.14000000;418;EXCHANGE_LAST;;1;1;XEUR;11286679;688;
21.02.2025;13:04:12.636;FGBL SI 20250306 PS;SIMPLE_INSTRUMENT;EFP_FIN;EUR;91;132.11000000;173;EXCHANGE_LAST;;1;1;XEUR;11286679;688;
21.02.2025;13:04:38.937;FGBL SI 20250306 PS;SIMPLE_INSTRUMENT;EFS;EUR;92;132.15000000;418;EXCHANGE_LAST;;1;1;XEUR;11286679;688;
21.02.2025;13:04:43.942;FGBL SI 20250306 PS;SIMPLE_INSTRUMENT;EFS;EUR;93;132.15000000;418;EXCHANGE_LAST;;1;1;XEUR;11286679;688;
21.02.2025;13:06:48.065;FGBL SI 20250306 PS;SIMPLE_INSTRUMENT;BLOCK;EUR;94;132.14000000;6500;EXCHANGE_LAST;;1;1;XEUR;11286679;688;
21.02.2025;13:08:19.105;FGBL SI 20250306 PS;SIMPLE_INSTRUMENT;EFS;EUR;95;132.15000000;418;EXCHANGE_LAST;;1;1;XEUR;11286679;688;
21.02.2025;13:10:55.211;FGBL SI 20250306 PS;SIMPLE_INSTRUMENT;EFS;EUR;96;132.14000000;418;EXCHANGE_LAST;;1;1;XEUR;11286679;688;
21.02.2025;13:11:53.271;FGBL SI 20250306 PS;SIMPLE_INSTRUMENT;EFP_FIN;EUR;97;132.14000000;159;EXCHANGE_LAST;;1;1;XEUR;11286679;688;
21.02.2025;13:14:13.542;FGBL SI 20250306 PS;SIMPLE_INSTRUMENT;EFP_FIN;EUR;98;132.14000000;198;EXCHANGE_LAST;;1;1;XEUR;11286679;688;
21.02.2025;13:13:14.255;FGBL SI 20250306 PS;SIMPLE_INSTRUMENT;EFP_FIN;EUR;99;132.14000000;1785;EXCHANGE_LAST;;1;1;XEUR;11286679;688;
21.02.2025;13:23:26.712;FGBL SI 20250306 PS;SIMPLE_INSTRUMENT;EFS;EUR;100;132.16000000;293;EXCHANGE_LAST;;1;1;XEUR;11286679;688;
21.02.2025;13:25:10.411;FGBL SI 20250306 PS;SIMPLE_INSTRUMENT;EFS;EUR;101;132.18000000;251;EXCHANGE_LAST;;1;1;XEUR;11286679;688;
21.02.2025;13:26:14.363;FGBL SI 20250306 PS;SIMPLE_INSTRUMENT;EFP_FIN;EUR;102;132.18000000;360;EXCHANGE_LAST;;1;1;XEUR;11286679;688;
21.02.2025;13:30:11.968;FGBL SI 20250306 PS;SIMPLE_INSTRUMENT;EFS;EUR;103;132.16000000;418;EXCHANGE_LAST;;1;1;XEUR;11286679;688;
21.02.2025;13:35:37.194;FGBL SI 20250306 PS;SIMPLE_INSTRUMENT;EFP_FIN;EUR;104;132.17000000;1648;EXCHANGE_LAST;;1;1;XEUR;11286679;688;
21.02.2025;13:39:02.974;FGBL SI 20250306 PS;SIMPLE_INSTRUMENT;EFS;EUR;105;132.16000000;451;EXCHANGE_LAST;;1;1;XEUR;11286679;688;
21.02.2025;13:44:01.926;FGBL SI 20250306 PS;SIMPLE_INSTRUMENT;EFS;EUR;106;132.11000000;902;EXCHANGE_LAST;;1;1;XEUR;11286679;688;
21.02.2025;13:44:28.509;FGBL SI 20250306 PS;SIMPLE_INSTRUMENT;EFS;EUR;107;132.11000000;419;EXCHANGE_LAST;;1;1;XEUR;11286679;688;
21.02.2025;13:46:56.891;FGBL SI 20250306 PS;SIMPLE_INSTRUMENT;EFP_FIN;EUR;108;132.14000000;396;EXCHANGE_LAST;;1;1;XEUR;11286679;688;
21.02.2025;13:47:38.639;FGBL SI 20250306 PS;SIMPLE_INSTRUMENT;EFS;EUR;109;132.09000000;419;EXCHANGE_LAST;;1;1;XEUR;11286679;688;
21.02.2025;13:51:43.802;FGBL SI 20250306 PS;SIMPLE_INSTRUMENT;EFS;EUR;110;132.08000000;419;EXCHANGE_LAST;;1;1;XEUR;11286679;688;
21.02.2025;13:52:03.819;FGBL SI 20250306 PS;SIMPLE_INSTRUMENT;EFS;EUR;111;132.06000000;419;EXCHANGE_LAST;;1;1;XEUR;11286679;688;
21.02.2025;13:53:46.805;FGBL SI 20250306 PS;SIMPLE_INSTRUMENT;EFS;EUR;112;132.10000000;236;EXCHANGE_LAST;;1;1;XEUR;11286679;688;
21.02.2025;14:00:20.397;FGBL SI 20250306 PS;SIMPLE_INSTRUMENT;EFS;EUR;113;132.08000000;473;EXCHANGE_LAST;;1;1;XEUR;11286679;688;
21.02.2025;14:05:17.808;FGBL SI 20250306 PS;SIMPLE_INSTRUMENT;EFS;EUR;114;132.07000000;319;EXCHANGE_LAST;;1;1;XEUR;11286679;688;
21.02.2025;14:11:17.586;FGBL SI 20250306 PS;SIMPLE_INSTRUMENT;EFS;EUR;115;132.06000000;236;EXCHANGE_LAST;;1;1;XEUR;11286679;688;
21.02.2025;14:19:30.898;FGBL SI 20250306 PS;SIMPLE_INSTRUMENT;EFS;EUR;116;132.14000000;418;EXCHANGE_LAST;;1;1;XEUR;11286679;688;
21.02.2025;14:19:45.910;FGBL SI 20250306 PS;SIMPLE_INSTRUMENT;EFS;EUR;117;132.14000000;418;EXCHANGE_LAST;;1;1;XEUR;11286679;688;
21.02.2025;14:20:51.170;FGBL SI 20250306 PS;SIMPLE_INSTRUMENT;EFS;EUR;118;132.13000000;418;EXCHANGE_LAST;;1;1;XEUR;11286679;688;
21.02.2025;14:22:13.342;FGBL SI 20250306 PS;SIMPLE_INSTRUMENT;EFS;EUR;119;132.14000000;631;EXCHANGE_LAST;;1;1;XEUR;11286679;688;
21.02.2025;14:23:06.972;FGBL SI 20250306 PS;SIMPLE_INSTRUMENT;EFS;EUR;120;132.19000000;227;EXCHANGE_LAST;;1;1;XEUR;11286679;688;
21.02.2025;14:23:38.200;FGBL SI 20250306 PS;SIMPLE_INSTRUMENT;EFS;EUR;121;132.14000000;340;EXCHANGE_LAST;;1;1;XEUR;11286679;688;
21.02.2025;14:32:53.084;FGBL SI 20250306 PS;SIMPLE_INSTRUMENT;EFS;EUR;122;132.17000000;546;EXCHANGE_LAST;;1;1;XEUR;11286679;688;
21.02.2025;14:38:43.717;FGBL SI 20250306 PS;SIMPLE_INSTRUMENT;EFS;EUR;123;132.19000000;418;EXCHANGE_LAST;;1;1;XEUR;11286679;688;
21.02.2025;14:39:51.640;FGBL SI 20250306 PS;SIMPLE_INSTRUMENT;EFS;EUR;124;132.20000000;418;EXCHANGE_LAST;;1;1;XEUR;11286679;688;
21.02.2025;14:42:50.334;FGBL SI 20250306 PS;SIMPLE_INSTRUMENT;EFS;EUR;125;132.22000000;950;EXCHANGE_LAST;;1;1;XEUR;11286679;688;
21.02.2025;14:42:30.246;FGBL SI 20250306 PS;SIMPLE_INSTRUMENT;EFS;EUR;126;132.20000000;689;EXCHANGE_LAST;;1;1;XEUR;11286679;688;
21.02.2025;14:49:10.526;FGBL SI 20250306 PS;SIMPLE_INSTRUMENT;EFS;EUR;127;132.28000000;418;EXCHANGE_LAST;;1;1;XEUR;11286679;688;
21.02.2025;14:51:04.101;FGBL SI 20250306 PS;SIMPLE_INSTRUMENT;EFS;EUR;128;132.23000000;451;EXCHANGE_LAST;;1;1;XEUR;11286679;688;
21.02.2025;14:54:04.762;FGBL SI 20250306 PS;SIMPLE_INSTRUMENT;EFS;EUR;129;132.30000000;418;EXCHANGE_LAST;;1;1;XEUR;11286679;688;
21.02.2025;14:57:36.983;FGBL SI 20250306 PS;SIMPLE_INSTRUMENT;EFS;EUR;130;132.29000000;125;EXCHANGE_LAST;;1;1;XEUR;11286679;688;
21.02.2025;15:02:56.401;FGBL SI 20250306 PS;SIMPLE_INSTRUMENT;EFP_FIN;EUR;131;132.30000000;540;EXCHANGE_LAST;;1;1;XEUR;11286679;688;
21.02.2025;15:04:58.094;FGBL SI 20250306 PS;SIMPLE_INSTRUMENT;EFS;EUR;132;132.31000000;579;EXCHANGE_LAST;;1;1;XEUR;11286679;688;
21.02.2025;15:05:01.689;FGBL SI 20250306 PS;SIMPLE_INSTRUMENT;EFS;EUR;133;132.34000000;472;EXCHANGE_LAST;;1;1;XEUR;11286679;688;
21.02.2025;15:07:23.703;FGBL SI 20250306 PS;SIMPLE_INSTRUMENT;EFS;EUR;134;132.31000000;900;EXCHANGE_LAST;;1;1;XEUR;11286679;688;
21.02.2025;15:08:48.083;FGBL SI 20250306 PS;SIMPLE_INSTRUMENT;EFS;EUR;135;132.31000000;236;EXCHANGE_LAST;;1;1;XEUR;11286679;688;
21.02.2025;15:09:19.276;FGBL SI 20250306 PS;SIMPLE_INSTRUMENT;EFP_FIN;EUR;136;132.32000000;631;EXCHANGE_LAST;;1;1;XEUR;11286679;688;
21.02.2025;15:10:42.839;FGBL SI 20250306 PS;SIMPLE_INSTRUMENT;EFS;EUR;137;132.33000000;472;EXCHANGE_LAST;;1;1;XEUR;11286679;688;
21.02.2025;15:14:13.201;FGBL SI 20250306 PS;SIMPLE_INSTRUMENT;EFS;EUR;138;132.33000000;225;EXCHANGE_LAST;;1;1;XEUR;11286679;688;
21.02.2025;15:18:03.418;FGBL SI 20250306 PS;SIMPLE_INSTRUMENT;EFS;EUR;139;132.34000000;209;EXCHANGE_LAST;;1;1;XEUR;11286679;688;
21.02.2025;15:22:23.780;FGBL SI 20250306 PS;SIMPLE_INSTRUMENT;EFP_FIN;EUR;140;132.33000000;115;EXCHANGE_LAST;;1;1;XEUR;11286679;688;
21.02.2025;15:22:33.727;FGBL SI 20250306 PS;SIMPLE_INSTRUMENT;EFS;EUR;141;132.33000000;72;EXCHANGE_LAST;;1;1;XEUR;11286679;688;
21.02.2025;15:24:24.052;FGBL SI 20250306 PS;SIMPLE_INSTRUMENT;EFS;EUR;142;132.33000000;418;EXCHANGE_LAST;;1;1;XEUR;11286679;688;
21.02.2025;15:27:27.572;FGBL SI 20250306 PS;SIMPLE_INSTRUMENT;EFS;EUR;143;132.35000000;418;EXCHANGE_LAST;;1;1;XEUR;11286679;688;
21.02.2025;15:28:42.965;FGBL SI 20250306 PS;SIMPLE_INSTRUMENT;EFS;EUR;144;132.33000000;418;EXCHANGE_LAST;;1;1;XEUR;11286679;688;
21.02.2025;15:29:34.090;FGBL SI 20250306 PS;SIMPLE_INSTRUMENT;EFS;EUR;145;132.35000000;236;EXCHANGE_LAST;;1;1;XEUR;11286679;688;
21.02.2025;15:35:53.874;FGBL SI 20250306 PS;SIMPLE_INSTRUMENT;EFS;EUR;146;132.33000000;595;EXCHANGE_LAST;;1;1;XEUR;11286679;688;
21.02.2025;15:37:54.344;FGBL SI 20250306 PS;SIMPLE_INSTRUMENT;EFS;EUR;147;132.35000000;472;EXCHANGE_LAST;;1;1;XEUR;11286679;688;
21.02.2025;15:39:49.434;FGBL SI 20250306 PS;SIMPLE_INSTRUMENT;EFS;EUR;148;132.33000000;944;EXCHANGE_LAST;;1;1;XEUR;11286679;688;
21.02.2025;15:41:17.928;FGBL SI 20250306 PS;SIMPLE_INSTRUMENT;EFS;EUR;149;132.33000000;227;EXCHANGE_LAST;;1;1;XEUR;11286679;688;
21.02.2025;15:43:02.454;FGBL SI 20250306 PS;SIMPLE_INSTRUMENT;EFS;EUR;150;132.33000000;418;EXCHANGE_LAST;;1;1;XEUR;11286679;688;
21.02.2025;15:43:36.757;FGBL SI 20250306 PS;SIMPLE_INSTRUMENT;EFS;EUR;151;132.34000000;209;EXCHANGE_LAST;;1;1;XEUR;11286679;688;
21.02.2025;15:45:07.722;FGBL SI 20250306 PS;SIMPLE_INSTRUMENT;EFS;EUR;152;132.31000000;835;EXCHANGE_LAST;;1;1;XEUR;11286679;688;
21.02.2025;15:48:39.068;FGBL SI 20250306 PS;SIMPLE_INSTRUMENT;EFS;EUR;153;132.34000000;902;EXCHANGE_LAST;;1;1;XEUR;11286679;688;
21.02.2025;15:48:50.063;FGBL SI 20250306 PS;SIMPLE_INSTRUMENT;EFS;EUR;154;132.38000000;192;EXCHANGE_LAST;;1;1;XEUR;11286679;688;
21.02.2025;15:48:56.370;FGBL SI 20250306 PS;SIMPLE_INSTRUMENT;EFS;EUR;155;132.37000000;591;EXCHANGE_LAST;;1;1;XEUR;11286679;688;
21.02.2025;15:53:36.322;FGBL SI 20250306 PS;SIMPLE_INSTRUMENT;EFP_FIN;EUR;156;132.36000000;225;EXCHANGE_LAST;;1;1;XEUR;11286679;688;
21.02.2025;15:58:35.040;FGBL SI 20250306 PS;SIMPLE_INSTRUMENT;EFS;EUR;157;132.38000000;209;EXCHANGE_LAST;;1;1;XEUR;11286679;688;
21.02.2025;16:02:01.949;FGBL SI 20250306 PS;SIMPLE_INSTRUMENT;EFP_FIN;EUR;158;132.36000000;364;EXCHANGE_LAST;;1;1;XEUR;11286679;688;
21.02.2025;16:07:35.156;FGBL SI 20250306 PS;SIMPLE_INSTRUMENT;EFS;EUR;159;132.37000000;209;EXCHANGE_LAST;;1;1;XEUR;11286679;688;
21.02.2025;16:09:04.138;FGBL SI 20250306 PS;SIMPLE_INSTRUMENT;EFS;EUR;160;132.38000000;135;EXCHANGE_LAST;;1;1;XEUR;11286679;688;
21.02.2025;16:11:21.661;FGBL SI 20250306 PS;SIMPLE_INSTRUMENT;EFS;EUR;163;132.35000000;456;EXCHANGE_LAST;;1;1;XEUR;11286679;688;
21.02.2025;16:15:02.659;FGBL SI 20250306 PS;SIMPLE_INSTRUMENT;EFS;EUR;164;132.41000000;418;EXCHANGE_LAST;;1;1;XEUR;11286679;688;
21.02.2025;16:16:44.289;FGBL SI 20250306 PS;SIMPLE_INSTRUMENT;EFP_FIN;EUR;165;132.38000000;450;EXCHANGE_LAST;;1;1;XEUR;11286679;688;
21.02.2025;16:18:08.005;FGBL SI 20250306 PS;SIMPLE_INSTRUMENT;EFS;EUR;166;132.41000000;150;EXCHANGE_LAST;;1;1;XEUR;11286679;688;
21.02.2025;16:20:47.945;FGBL SI 20250306 PS;SIMPLE_INSTRUMENT;EFS;EUR;167;132.36000000;225;EXCHANGE_LAST;;1;1;XEUR;11286679;688;
21.02.2025;16:24:02.573;FGBL SI 20250306 PS;SIMPLE_INSTRUMENT;EFS;EUR;168;132.40000000;236;EXCHANGE_LAST;;1;1;XEUR;11286679;688;
21.02.2025;16:24:18.051;FGBL SI 20250306 PS;SIMPLE_INSTRUMENT;EFS;EUR;169;132.39000000;209;EXCHANGE_LAST;;1;1;XEUR;11286679;688;
21.02.2025;16:29:01.589;FGBL SI 20250306 PS;SIMPLE_INSTRUMENT;EFS;EUR;170;132.38000000;180;EXCHANGE_LAST;;1;1;XEUR;11286679;688;
21.02.2025;16:29:04.241;FGBL SI 20250306 PS;SIMPLE_INSTRUMENT;EFS;EUR;171;132.39000000;836;EXCHANGE_LAST;;1;1;XEUR;11286679;688;
21.02.2025;16:32:00.688;FGBL SI 20250306 PS;SIMPLE_INSTRUMENT;EFS;EUR;172;132.37000000;451;EXCHANGE_LAST;;1;1;XEUR;11286679;688;
21.02.2025;16:33:26.917;FGBL SI 20250306 PS;SIMPLE_INSTRUMENT;EFS;EUR;173;132.37000000;451;EXCHANGE_LAST;;1;1;XEUR;11286679;688;
21.02.2025;16:38:39.393;FGBL SI 20250306 PS;SIMPLE_INSTRUMENT;EFS;EUR;174;132.38000000;221;EXCHANGE_LAST;;1;1;XEUR;11286679;688;
21.02.2025;16:45:20.036;FGBL SI 20250306 PS;SIMPLE_INSTRUMENT;EFS;EUR;175;132.34000000;418;EXCHANGE_LAST;;1;1;XEUR;11286679;688;
21.02.2025;16:45:21.131;FGBL SI 20250306 PS;SIMPLE_INSTRUMENT;EFS;EUR;176;132.31000000;1623;EXCHANGE_LAST;;1;1;XEUR;11286679;688;
21.02.2025;16:46:13.503;FGBL SI 20250306 PS;SIMPLE_INSTRUMENT;EFS;EUR;177;132.37000000;956;EXCHANGE_LAST;;1;1;XEUR;11286679;688;
21.02.2025;16:50:43.785;FGBL SI 20250306 PS;SIMPLE_INSTRUMENT;EFS;EUR;178;132.40000000;901;EXCHANGE_LAST;;1;1;XEUR;11286679;688;
21.02.2025;16:50:49.432;FGBL SI 20250306 PS;SIMPLE_INSTRUMENT;EFS;EUR;179;132.38000000;900;EXCHANGE_LAST;;1;1;XEUR;11286679;688;
21.02.2025;16:51:46.183;FGBL SI 20250306 PS;SIMPLE_INSTRUMENT;EFS;EUR;180;132.37000000;283;EXCHANGE_LAST;;1;1;XEUR;11286679;688;
21.02.2025;16:53:29.794;FGBL SI 20250306 PS;SIMPLE_INSTRUMENT;EFP_FIN;EUR;181;132.38000000;606;EXCHANGE_LAST;;1;1;XEUR;11286679;688;
21.02.2025;16:55:32.714;FGBL SI 20250306 PS;SIMPLE_INSTRUMENT;EFS;EUR;182;132.33000000;903;EXCHANGE_LAST;;1;1;XEUR;11286679;688;
21.02.2025;17:01:56.684;FGBL SI 20250306 PS;SIMPLE_INSTRUMENT;EFS;EUR;183;132.34000000;944;EXCHANGE_LAST;;1;1;XEUR;11286679;688;
21.02.2025;17:04:10.979;FGBL SI 20250306 PS;SIMPLE_INSTRUMENT;EFS;EUR;184;132.34000000;209;EXCHANGE_LAST;;1;1;XEUR;11286679;688;
21.02.2025;17:06:35.700;FGBL SI 20250306 PS;SIMPLE_INSTRUMENT;EFS;EUR;185;132.32000000;1580;EXCHANGE_LAST;;1;1;XEUR;11286679;688;
21.02.2025;17:10:20.195;FGBL SI 20250306 PS;SIMPLE_INSTRUMENT;EFS;EUR;186;132.29000000;836;EXCHANGE_LAST;;1;1;XEUR;11286679;688;
21.02.2025;17:10:58.263;FGBL SI 20250306 PS;SIMPLE_INSTRUMENT;EFS;EUR;187;132.32000000;903;EXCHANGE_LAST;;1;1;XEUR;11286679;688;
21.02.2025;17:17:50.135;FGBL SI 20250306 PS;SIMPLE_INSTRUMENT;EFS;EUR;188;132.31000000;330;EXCHANGE_LAST;;1;1;XEUR;11286679;688;
21.02.2025;17:19:09.785;FGBL SI 20250306 PS;SIMPLE_INSTRUMENT;EFS;EUR;189;132.34000000;95;EXCHANGE_LAST;;1;1;XEUR;11286679;688;
21.02.2025;17:21:50.004;FGBL SI 20250306 PS;SIMPLE_INSTRUMENT;EFS;EUR;190;132.28000000;371;EXCHANGE_LAST;;1;1;XEUR;11286679;688;
21.02.2025;09:56:45.055;FGBL SI 20250306 PS;SIMPLE_INSTRUMENT;VOLA;EUR;268435491;132.00000000;750;EXCHANGE_LAST;;1;1;XEUR;11286679;688;
21.02.2025;09:57:32.060;FGBL SI 20250306 PS;SIMPLE_INSTRUMENT;VOLA;EUR;268435492;132.00000000;750;EXCHANGE_LAST;;1;1;XEUR;11286679;688;
21.02.2025;10:25:46.807;FGBL SI 20250306 PS;SIMPLE_INSTRUMENT;VOLA;EUR;268435507;132.00000000;1000;EXCHANGE_LAST;;1;1;XEUR;11286679;688;
21.02.2025;10:26:47.818;FGBL SI 20250306 PS;SIMPLE_INSTRUMENT;VOLA;EUR;268435508;132.00000000;1000;EXCHANGE_LAST;;1;1;XEUR;11286679;688;
21.02.2025;13:36:59.931;FGBL SI 20250306 PS;SIMPLE_INSTRUMENT;VOLA;EUR;268435556;132.16000000;113;EXCHANGE_LAST;;1;1;XEUR;11286679;688;
21.02.2025;13:45:45.148;FGBL SI 20250606 PS;SIMPLE_INSTRUMENT;VOLA;EUR;268435558;131.25000000;45;EXCHANGE_LAST;;1;1;XEUR;11820389;688;
21.02.2025;14:00:00.145;FGBL SI 20250606 PS;SIMPLE_INSTRUMENT;VOLA;EUR;268435564;131.24000000;55;EXCHANGE_LAST;;1;1;XEUR;11820389;688;
21.02.2025;16:09:21.252;FGBL SI 20250306 PS;SIMPLE_INSTRUMENT;VOLA;EUR;268435609;132.38000000;75;EXCHANGE_LAST;;1;1;XEUR;11286679;688;
21.02.2025;07:31:34.045;FGBM SI 20250306 PS;SIMPLE_INSTRUMENT;EFS;EUR;1;117.07000000;926;EXCHANGE_LAST;;1;1;XEUR;11286680;689;
21.02.2025;08:00:57.775;FGBM SI 20250306 PS;SIMPLE_INSTRUMENT;EFS;EUR;2;117.09000000;946;EXCHANGE_LAST;;1;1;XEUR;11286680;689;
21.02.2025;08:10:28.885;FGBM SI 20250306 PS;SIMPLE_INSTRUMENT;EFS;EUR;3;117.11000000;945;EXCHANGE_LAST;;1;1;XEUR;11286680;689;
21.02.2025;08:16:51.637;FGBM SI 20250306 PS;SIMPLE_INSTRUMENT;EFS;EUR;4;117.10000000;927;EXCHANGE_LAST;;1;1;XEUR;11286680;689;
21.02.2025;08:44:45.707;FGBM SI 20250306 PS;SIMPLE_INSTRUMENT;EFS;EUR;5;117.24000000;925;EXCHANGE_LAST;;1;1;XEUR;11286680;689;
21.02.2025;08:48:22.732;FGBM SI 20250306 PS;SIMPLE_INSTRUMENT;EFS;EUR;6;117.11000000;480;EXCHANGE_LAST;;1;1;XEUR;11286680;689;
21.02.2025;09:00:03.448;FGBM SI 20250306 PS;SIMPLE_INSTRUMENT;EFS;EUR;7;117.21000000;231;EXCHANGE_LAST;;1;1;XEUR;11286680;689;
21.02.2025;09:02:52.487;FGBM SI 20250306 PS;SIMPLE_INSTRUMENT;EFP_FIN;EUR;8;117.25000000;594;EXCHANGE_LAST;;1;1;XEUR;11286680;689;
21.02.2025;09:06:52.959;FGBM SI 20250306 PS;SIMPLE_INSTRUMENT;EFP_FIN;EUR;9;117.24000000;939;EXCHANGE_LAST;;1;1;XEUR;11286680;689;
21.02.2025;09:08:53.838;FGBM SI 20250306 PS;SIMPLE_INSTRUMENT;EFS;EUR;10;117.22000000;462;EXCHANGE_LAST;;1;1;XEUR;11286680;689;
21.02.2025;09:13:17.987;FGBM SI 20250306 PS;SIMPLE_INSTRUMENT;EFP_FIN;EUR;11;117.25000000;939;EXCHANGE_LAST;;1;1;XEUR;11286680;689;
21.02.2025;09:15:12.977;FGBM SI 20250306 PS;SIMPLE_INSTRUMENT;EFS;EUR;12;117.22000000;925;EXCHANGE_LAST;;1;1;XEUR;11286680;689;
21.02.2025;09:29:50.861;FGBM SI 20250306 PS;SIMPLE_INSTRUMENT;EFS;EUR;13;117.21000000;662;EXCHANGE_LAST;;1;1;XEUR;11286680;689;
21.02.2025;09:38:04.894;FGBM SI 20250306 PS;SIMPLE_INSTRUMENT;EFS;EUR;14;117.22000000;925;EXCHANGE_LAST;;1;1;XEUR;11286680;689;
21.02.2025;09:39:58.799;FGBM SI 20250306 PS;SIMPLE_INSTRUMENT;EFP_FIN;EUR;15;117.21000000;2279;EXCHANGE_LAST;;1;1;XEUR;11286680;689;
21.02.2025;09:43:55.925;FGBM SI 20250306 PS;SIMPLE_INSTRUMENT;EFP_FIN;EUR;16;117.20000000;531;EXCHANGE_LAST;;1;1;XEUR;11286680;689;
21.02.2025;09:41:59.918;FGBM SI 20250306 PS;SIMPLE_INSTRUMENT;EFS;EUR;17;117.11000000;496;EXCHANGE_LAST;;1;1;XEUR;11286680;689;
21.02.2025;09:48:50.045;FGBM SI 20250306 PS;SIMPLE_INSTRUMENT;EFP_FIN;EUR;19;117.22000000;782;EXCHANGE_LAST;;1;1;XEUR;11286680;689;
21.02.2025;09:50:57.479;FGBM SI 20250306 PS;SIMPLE_INSTRUMENT;EFS;EUR;20;116.95000000;750;EXCHANGE_LAST;;1;1;XEUR;11286680;689;
21.02.2025;10:09:58.708;FGBM SI 20250306 PS;SIMPLE_INSTRUMENT;EFS;EUR;21;117.20000000;421;EXCHANGE_LAST;;1;1;XEUR;11286680;689;
21.02.2025;10:16:00.807;FGBM SI 20250306 PS;SIMPLE_INSTRUMENT;EFS;EUR;22;117.22000000;986;EXCHANGE_LAST;;1;1;XEUR;11286680;689;
21.02.2025;10:26:47.151;FGBM SI 20250306 PS;SIMPLE_INSTRUMENT;EFS;EUR;23;117.20000000;983;EXCHANGE_LAST;;1;1;XEUR;11286680;689;
21.02.2025;10:27:03.131;FGBM SI 20250306 PS;SIMPLE_INSTRUMENT;EFS;EUR;24;117.22000000;100;EXCHANGE_LAST;;1;1;XEUR;11286680;689;
21.02.2025;10:28:58.754;FGBM SI 20250306 PS;SIMPLE_INSTRUMENT;EFP_FIN;EUR;25;117.23000000;370;EXCHANGE_LAST;;1;1;XEUR;11286680;689;
21.02.2025;10:31:18.834;FGBM SI 20250306 PS;SIMPLE_INSTRUMENT;EFS;EUR;26;117.22000000;725;EXCHANGE_LAST;;1;1;XEUR;11286680;689;
21.02.2025;10:34:45.251;FGBM SI 20250306 PS;SIMPLE_INSTRUMENT;EFS;EUR;27;117.22000000;925;EXCHANGE_LAST;;1;1;XEUR;11286680;689;
21.02.2025;10:44:55.336;FGBM SI 20250306 PS;SIMPLE_INSTRUMENT;EFP_FIN;EUR;28;117.22000000;90;EXCHANGE_LAST;;1;1;XEUR;11286680;689;
21.02.2025;10:45:10.087;FGBM SI 20250306 PS;SIMPLE_INSTRUMENT;EFP_FIN;EUR;29;117.22000000;90;EXCHANGE_LAST;;1;1;XEUR;11286680;689;
21.02.2025;10:45:23.652;FGBM SI 20250306 PS;SIMPLE_INSTRUMENT;EFP_FIN;EUR;30;117.22000000;135;EXCHANGE_LAST;;1;1;XEUR;11286680;689;
21.02.2025;10:49:21.829;FGBM SI 20250306 PS;SIMPLE_INSTRUMENT;EFS;EUR;31;117.25000000;925;EXCHANGE_LAST;;1;1;XEUR;11286680;689;
21.02.2025;10:52:10.370;FGBM SI 20250306 PS;SIMPLE_INSTRUMENT;EFP_FIN;EUR;32;117.23000000;354;EXCHANGE_LAST;;1;1;XEUR;11286680;689;
21.02.2025;10:51:37.945;FGBM SI 20250306 PS;SIMPLE_INSTRUMENT;EFS;EUR;33;117.21000000;462;EXCHANGE_LAST;;1;1;XEUR;11286680;689;
21.02.2025;10:55:19.768;FGBM SI 20250306 PS;SIMPLE_INSTRUMENT;EFS;EUR;34;117.25000000;3805;EXCHANGE_LAST;;1;1;XEUR;11286680;689;
21.02.2025;10:54:43.027;FGBM SI 20250306 PS;SIMPLE_INSTRUMENT;EFS;EUR;35;117.24000000;194;EXCHANGE_LAST;;1;1;XEUR;11286680;689;
21.02.2025;10:57:16.711;FGBM SI 20250306 PS;SIMPLE_INSTRUMENT;EFS;EUR;36;117.24000000;462;EXCHANGE_LAST;;1;1;XEUR;11286680;689;
21.02.2025;10:59:43.754;FGBM SI 20250306 PS;SIMPLE_INSTRUMENT;EFS;EUR;37;117.25000000;924;EXCHANGE_LAST;;1;1;XEUR;11286680;689;
21.02.2025;11:02:02.479;FGBM SI 20250306 PS;SIMPLE_INSTRUMENT;EFS;EUR;38;117.25000000;924;EXCHANGE_LAST;;1;1;XEUR;11286680;689;
21.02.2025;11:02:35.764;FGBM SI 20250306 PS;SIMPLE_INSTRUMENT;EFS;EUR;39;117.26000000;873;EXCHANGE_LAST;;1;1;XEUR;11286680;689;
21.02.2025;11:04:18.384;FGBM SI 20250306 PS;SIMPLE_INSTRUMENT;EFP_FIN;EUR;40;117.24000000;206;EXCHANGE_LAST;;1;1;XEUR;11286680;689;
21.02.2025;11:08:21.108;FGBM SI 20250306 PS;SIMPLE_INSTRUMENT;EFP_FIN;EUR;41;117.24000000;1197;EXCHANGE_LAST;;1;1;XEUR;11286680;689;
21.02.2025;11:09:31.549;FGBM SI 20250306 PS;SIMPLE_INSTRUMENT;EFP_FIN;EUR;42;117.26000000;1447;EXCHANGE_LAST;;1;1;XEUR;11286680;689;
21.02.2025;11:11:35.651;FGBM SI 20250306 PS;SIMPLE_INSTRUMENT;EFS;EUR;43;117.27000000;873;EXCHANGE_LAST;;1;1;XEUR;11286680;689;
21.02.2025;11:14:26.051;FGBM SI 20250306 PS;SIMPLE_INSTRUMENT;EFP_FIN;EUR;44;117.24000000;455;EXCHANGE_LAST;;1;1;XEUR;11286680;689;
21.02.2025;11:33:01.233;FGBM SI 20250306 PS;SIMPLE_INSTRUMENT;EFP_FIN;EUR;45;117.28000000;431;EXCHANGE_LAST;;1;1;XEUR;11286680;689;
21.02.2025;11:33:39.359;FGBM SI 20250306 PS;SIMPLE_INSTRUMENT;EFP_FIN;EUR;46;117.28000000;604;EXCHANGE_LAST;;1;1;XEUR;11286680;689;
21.02.2025;11:35:29.857;FGBM SI 20250306 PS;SIMPLE_INSTRUMENT;EFP_FIN;EUR;47;117.26000000;378;EXCHANGE_LAST;;1;1;XEUR;11286680;689;
21.02.2025;11:45:32.075;FGBM SI 20250306 PS;SIMPLE_INSTRUMENT;EFP_FIN;EUR;48;117.28000000;940;EXCHANGE_LAST;;1;1;XEUR;11286680;689;
21.02.2025;11:55:36.711;FGBM SI 20250306 PS;SIMPLE_INSTRUMENT;EFP_FIN;EUR;49;117.28000000;103;EXCHANGE_LAST;;1;1;XEUR;11286680;689;
21.02.2025;12:08:53.204;FGBM SI 20250306 PS;SIMPLE_INSTRUMENT;EFP_FIN;EUR;50;117.27000000;2157;EXCHANGE_LAST;;1;1;XEUR;11286680;689;
21.02.2025;12:13:18.525;FGBM SI 20250306 PS;SIMPLE_INSTRUMENT;EFP_FIN;EUR;52;117.23000000;531;EXCHANGE_LAST;;1;1;XEUR;11286680;689;
21.02.2025;12:17:08.117;FGBM SI 20250306 PS;SIMPLE_INSTRUMENT;EFP_FIN;EUR;53;117.28000000;518;EXCHANGE_LAST;;1;1;XEUR;11286680;689;
21.02.2025;12:20:01.589;FGBM SI 20250306 PS;SIMPLE_INSTRUMENT;EFP_FIN;EUR;54;117.28000000;863;EXCHANGE_LAST;;1;1;XEUR;11286680;689;
21.02.2025;12:20:24.791;FGBM SI 20250306 PS;SIMPLE_INSTRUMENT;EFP_FIN;EUR;55;117.28000000;776;EXCHANGE_LAST;;1;1;XEUR;11286680;689;
21.02.2025;12:33:47.273;FGBM SI 20250306 PS;SIMPLE_INSTRUMENT;EFS;EUR;56;117.29000000;852;EXCHANGE_LAST;;1;1;XEUR;11286680;689;
21.02.2025;12:38:46.829;FGBM SI 20250306 PS;SIMPLE_INSTRUMENT;EFP_FIN;EUR;57;117.28000000;863;EXCHANGE_LAST;;1;1;XEUR;11286680;689;
21.02.2025;12:38:56.118;FGBM SI 20250306 PS;SIMPLE_INSTRUMENT;EFP_FIN;EUR;58;117.27000000;949;EXCHANGE_LAST;;1;1;XEUR;11286680;689;
21.02.2025;13:28:08.513;FGBM SI 20250306 PS;SIMPLE_INSTRUMENT;EFP_FIN;EUR;59;117.30000000;345;EXCHANGE_LAST;;1;1;XEUR;11286680;689;
21.02.2025;13:30:06.633;FGBM SI 20250306 PS;SIMPLE_INSTRUMENT;EFP_FIN;EUR;60;117.29000000;2027;EXCHANGE_LAST;;1;1;XEUR;11286680;689;
21.02.2025;13:30:36.987;FGBM SI 20250306 PS;SIMPLE_INSTRUMENT;EFS;EUR;61;117.29000000;924;EXCHANGE_LAST;;1;1;XEUR;11286680;689;
21.02.2025;13:31:30.916;FGBM SI 20250306 PS;SIMPLE_INSTRUMENT;EFS;EUR;62;117.29000000;1980;EXCHANGE_LAST;;1;1;XEUR;11286680;689;
21.02.2025;13:44:07.927;FGBM SI 20250306 PS;SIMPLE_INSTRUMENT;EFS;EUR;63;117.28000000;1890;EXCHANGE_LAST;;1;1;XEUR;11286680;689;
21.02.2025;13:48:13.662;FGBM SI 20250306 PS;SIMPLE_INSTRUMENT;EFS;EUR;64;117.28000000;462;EXCHANGE_LAST;;1;1;XEUR;11286680;689;
21.02.2025;13:53:41.650;FGBM SI 20250306 PS;SIMPLE_INSTRUMENT;EFS;EUR;65;117.26000000;924;EXCHANGE_LAST;;1;1;XEUR;11286680;689;
21.02.2025;13:54:27.232;FGBM SI 20250306 PS;SIMPLE_INSTRUMENT;EFS;EUR;66;117.27000000;495;EXCHANGE_LAST;;1;1;XEUR;11286680;689;
21.02.2025;13:58:53.878;FGBM SI 20250306 PS;SIMPLE_INSTRUMENT;EFP_FIN;EUR;67;117.28000000;404;EXCHANGE_LAST;;1;1;XEUR;11286680;689;
21.02.2025;14:10:11.241;FGBM SI 20250306 PS;SIMPLE_INSTRUMENT;EFS;EUR;68;117.26000000;495;EXCHANGE_LAST;;1;1;XEUR;11286680;689;
21.02.2025;14:10:53.139;FGBM SI 20250306 PS;SIMPLE_INSTRUMENT;EFP_FIN;EUR;69;117.25000000;215;EXCHANGE_LAST;;1;1;XEUR;11286680;689;
21.02.2025;14:24:20.160;FGBM SI 20250306 PS;SIMPLE_INSTRUMENT;EFP_FIN;EUR;70;117.30000000;431;EXCHANGE_LAST;;1;1;XEUR;11286680;689;
21.02.2025;14:24:35.382;FGBM SI 20250306 PS;SIMPLE_INSTRUMENT;EFP_FIN;EUR;71;117.30000000;863;EXCHANGE_LAST;;1;1;XEUR;11286680;689;
21.02.2025;14:24:52.940;FGBM SI 20250306 PS;SIMPLE_INSTRUMENT;EFP_FIN;EUR;72;117.25000000;518;EXCHANGE_LAST;;1;1;XEUR;11286680;689;
21.02.2025;14:31:25.019;FGBM SI 20250306 PS;SIMPLE_INSTRUMENT;EFP_FIN;EUR;73;117.27000000;816;EXCHANGE_LAST;;1;1;XEUR;11286680;689;
21.02.2025;14:35:10.335;FGBM SI 20250306 PS;SIMPLE_INSTRUMENT;EFS;EUR;74;117.28000000;1385;EXCHANGE_LAST;;1;1;XEUR;11286680;689;
21.02.2025;14:36:12.378;FGBM SI 20250306 PS;SIMPLE_INSTRUMENT;EFS;EUR;75;117.29000000;323;EXCHANGE_LAST;;1;1;XEUR;11286680;689;
21.02.2025;14:42:31.178;FGBM SI 20250306 PS;SIMPLE_INSTRUMENT;EFS;EUR;76;117.31000000;462;EXCHANGE_LAST;;1;1;XEUR;11286680;689;
21.02.2025;14:49:24.888;FGBM SI 20250306 PS;SIMPLE_INSTRUMENT;EFP_FIN;EUR;77;117.29000000;1449;EXCHANGE_LAST;;1;1;XEUR;11286680;689;
21.02.2025;14:50:32.633;FGBM SI 20250306 PS;SIMPLE_INSTRUMENT;EFP_FIN;EUR;78;117.28000000;269;EXCHANGE_LAST;;1;1;XEUR;11286680;689;
21.02.2025;14:57:50.338;FGBM SI 20250306 PS;SIMPLE_INSTRUMENT;EFP_FIN;EUR;79;117.28000000;113;EXCHANGE_LAST;;1;1;XEUR;11286680;689;
21.02.2025;14:56:11.529;FGBM SI 20250306 PS;SIMPLE_INSTRUMENT;EFP_FIN;EUR;80;117.28000000;276;EXCHANGE_LAST;;1;1;XEUR;11286680;689;
21.02.2025;14:58:02.262;FGBM SI 20250306 PS;SIMPLE_INSTRUMENT;EFP_FIN;EUR;81;117.28000000;280;EXCHANGE_LAST;;1;1;XEUR;11286680;689;
21.02.2025;15:00:44.220;FGBM SI 20250306 PS;SIMPLE_INSTRUMENT;EFP_FIN;EUR;82;117.30000000;773;EXCHANGE_LAST;;1;1;XEUR;11286680;689;
21.02.2025;15:02:09.706;FGBM SI 20250306 PS;SIMPLE_INSTRUMENT;EFP_FIN;EUR;83;117.28000000;1867;EXCHANGE_LAST;;1;1;XEUR;11286680;689;
21.02.2025;15:03:20.441;FGBM SI 20250306 PS;SIMPLE_INSTRUMENT;EFS;EUR;84;117.35000000;1240;EXCHANGE_LAST;;1;1;XEUR;11286680;689;
21.02.2025;15:11:35.997;FGBM SI 20250306 PS;SIMPLE_INSTRUMENT;EFS;EUR;85;117.37000000;924;EXCHANGE_LAST;;1;1;XEUR;11286680;689;
21.02.2025;15:11:46.764;FGBM SI 20250306 PS;SIMPLE_INSTRUMENT;EFP_FIN;EUR;86;117.38000000;71;EXCHANGE_LAST;;1;1;XEUR;11286680;689;
21.02.2025;15:26:27.531;FGBM SI 20250306 PS;SIMPLE_INSTRUMENT;EFS;EUR;87;117.38000000;924;EXCHANGE_LAST;;1;1;XEUR;11286680;689;
21.02.2025;15:38:03.181;FGBM SI 20250306 PS;SIMPLE_INSTRUMENT;EFS;EUR;88;117.37000000;923;EXCHANGE_LAST;;1;1;XEUR;11286680;689;
21.02.2025;15:38:56.181;FGBM SI 20250306 PS;SIMPLE_INSTRUMENT;EFS;EUR;89;117.37000000;461;EXCHANGE_LAST;;1;1;XEUR;11286680;689;
21.02.2025;15:39:50.744;FGBM SI 20250306 PS;SIMPLE_INSTRUMENT;EFS;EUR;90;117.40000000;461;EXCHANGE_LAST;;1;1;XEUR;11286680;689;
21.02.2025;15:41:08.569;FGBM SI 20250306 PS;SIMPLE_INSTRUMENT;EFS;EUR;91;117.37000000;873;EXCHANGE_LAST;;1;1;XEUR;11286680;689;
21.02.2025;15:47:08.957;FGBM SI 20250306 PS;SIMPLE_INSTRUMENT;EFS;EUR;92;117.36000000;1745;EXCHANGE_LAST;;1;1;XEUR;11286680;689;
21.02.2025;15:47:50.881;FGBM SI 20250306 PS;SIMPLE_INSTRUMENT;EFS;EUR;93;117.38000000;1238;EXCHANGE_LAST;;1;1;XEUR;11286680;689;
21.02.2025;15:54:06.474;FGBM SI 20250306 PS;SIMPLE_INSTRUMENT;EFP_FIN;EUR;94;117.42000000;133;EXCHANGE_LAST;;1;1;XEUR;11286680;689;
21.02.2025;15:59:43.289;FGBM SI 20250306 PS;SIMPLE_INSTRUMENT;EFP_FIN;EUR;95;117.38000000;68;EXCHANGE_LAST;;1;1;XEUR;11286680;689;
21.02.2025;15:58:39.567;FGBM SI 20250306 PS;SIMPLE_INSTRUMENT;EFP_FIN;EUR;96;117.38000000;68;EXCHANGE_LAST;;1;1;XEUR;11286680;689;
21.02.2025;16:09:48.408;FGBM SI 20250306 PS;SIMPLE_INSTRUMENT;EFS;EUR;97;117.38000000;474;EXCHANGE_LAST;;1;1;XEUR;11286680;689;
21.02.2025;16:12:24.291;FGBM SI 20250306 PS;SIMPLE_INSTRUMENT;EFP_FIN;EUR;98;117.38000000;455;EXCHANGE_LAST;;1;1;XEUR;11286680;689;
21.02.2025;16:15:17.543;FGBM SI 20250306 PS;SIMPLE_INSTRUMENT;EFS;EUR;99;117.38000000;989;EXCHANGE_LAST;;1;1;XEUR;11286680;689;
21.02.2025;16:19:34.280;FGBM SI 20250306 PS;SIMPLE_INSTRUMENT;EFP_FIN;EUR;100;117.42000000;282;EXCHANGE_LAST;;1;1;XEUR;11286680;689;
21.02.2025;16:36:08.211;FGBM SI 20250306 PS;SIMPLE_INSTRUMENT;EFS;EUR;101;117.39000000;461;EXCHANGE_LAST;;1;1;XEUR;11286680;689;
21.02.2025;16:38:05.583;FGBM SI 20250306 PS;SIMPLE_INSTRUMENT;EFS;EUR;102;117.40000000;461;EXCHANGE_LAST;;1;1;XEUR;11286680;689;
21.02.2025;16:38:08.198;FGBM SI 20250306 PS;SIMPLE_INSTRUMENT;EFP_FIN;EUR;103;117.39000000;816;EXCHANGE_LAST;;1;1;XEUR;11286680;689;
21.02.2025;16:38:15.842;FGBM SI 20250306 PS;SIMPLE_INSTRUMENT;EFS;EUR;104;117.28000000;1496;EXCHANGE_LAST;;1;1;XEUR;11286680;689;
21.02.2025;16:45:47.272;FGBM SI 20250306 PS;SIMPLE_INSTRUMENT;EFS;EUR;105;117.37000000;923;EXCHANGE_LAST;;1;1;XEUR;11286680;689;
21.02.2025;16:45:49.088;FGBM SI 20250306 PS;SIMPLE_INSTRUMENT;EFS;EUR;106;117.40000000;1988;EXCHANGE_LAST;;1;1;XEUR;11286680;689;
21.02.2025;16:49:52.648;FGBM SI 20250306 PS;SIMPLE_INSTRUMENT;EFS;EUR;107;117.40000000;1300;EXCHANGE_LAST;;1;1;XEUR;11286680;689;
21.02.2025;16:58:11.947;FGBM SI 20250306 PS;SIMPLE_INSTRUMENT;EFS;EUR;108;117.36000000;283;EXCHANGE_LAST;;1;1;XEUR;11286680;689;
21.02.2025;17:03:08.558;FGBM SI 20250306 PS;SIMPLE_INSTRUMENT;EFS;EUR;109;117.37000000;434;EXCHANGE_LAST;;1;1;XEUR;11286680;689;
21.02.2025;17:05:06.991;FGBM SI 20250306 PS;SIMPLE_INSTRUMENT;EFS;EUR;110;117.38000000;461;EXCHANGE_LAST;;1;1;XEUR;11286680;689;
21.02.2025;17:05:20.696;FGBM SI 20250306 PS;SIMPLE_INSTRUMENT;EFS;EUR;111;117.37000000;1979;EXCHANGE_LAST;;1;1;XEUR;11286680;689;
21.02.2025;17:09:28.971;FGBM SI 20250306 PS;SIMPLE_INSTRUMENT;EFS;EUR;112;117.35000000;1746;EXCHANGE_LAST;;1;1;XEUR;11286680;689;
21.02.2025;17:09:39.405;FGBM SI 20250306 PS;SIMPLE_INSTRUMENT;EFS;EUR;113;117.37000000;1901;EXCHANGE_LAST;;1;1;XEUR;11286680;689;
21.02.2025;17:11:39.584;FGBM SI 20250306 PS;SIMPLE_INSTRUMENT;EFS;EUR;114;117.35000000;489;EXCHANGE_LAST;;1;1;XEUR;11286680;689;
21.02.2025;09:02:58.149;FGBS SI 20250306 PS;SIMPLE_INSTRUMENT;EFS;EUR;1;106.75500000;553;EXCHANGE_LAST;;1;1;XEUR;11286681;690;
21.02.2025;09:07:21.974;FGBS SI 20250306 PS;SIMPLE_INSTRUMENT;EFS;EUR;2;106.70500000;2615;EXCHANGE_LAST;;1;1;XEUR;11286681;690;
21.02.2025;09:40:18.935;FGBS SI 20250306 PS;SIMPLE_INSTRUMENT;EFS;EUR;3;106.71000000;1374;EXCHANGE_LAST;;1;1;XEUR;11286681;690;
21.02.2025;10:24:26.670;FGBS SI 20250306 PS;SIMPLE_INSTRUMENT;EFS;EUR;4;106.71000000;5391;EXCHANGE_LAST;;1;1;XEUR;11286681;690;
21.02.2025;10:37:01.713;FGBS SI 20250306 PS;SIMPLE_INSTRUMENT;EFS;EUR;5;106.76000000;3424;EXCHANGE_LAST;;1;1;XEUR;11286681;690;
21.02.2025;10:59:03.581;FGBS SI 20250306 PS;SIMPLE_INSTRUMENT;EFS;EUR;6;106.75000000;1311;EXCHANGE_LAST;;1;1;XEUR;11286681;690;
21.02.2025;11:32:32.309;FGBS SI 20250306 PS;SIMPLE_INSTRUMENT;EFS;EUR;7;106.77000000;1370;EXCHANGE_LAST;;1;1;XEUR;11286681;690;
21.02.2025;11:58:22.326;FGBS SI 20250306 PS;SIMPLE_INSTRUMENT;EFS;EUR;8;106.77000000;1371;EXCHANGE_LAST;;1;1;XEUR;11286681;690;
21.02.2025;12:31:37.013;FGBS SI 20250306 PS;SIMPLE_INSTRUMENT;EFS;EUR;9;106.77500000;1179;EXCHANGE_LAST;;1;1;XEUR;11286681;690;
21.02.2025;13:11:27.941;FGBS SI 20250306 PS;SIMPLE_INSTRUMENT;EFS;EUR;10;106.77000000;2620;EXCHANGE_LAST;;1;1;XEUR;11286681;690;
21.02.2025;13:30:37.850;FGBS SI 20250306 PS;SIMPLE_INSTRUMENT;EFS;EUR;11;106.77000000;1374;EXCHANGE_LAST;;1;1;XEUR;11286681;690;
21.02.2025;13:59:42.452;FGBS SI 20250306 PS;SIMPLE_INSTRUMENT;EFP_FIN;EUR;12;106.77000000;692;EXCHANGE_LAST;;1;1;XEUR;11286681;690;
21.02.2025;14:04:32.200;FGBS SI 20250306 PS;SIMPLE_INSTRUMENT;EFS;EUR;13;106.76000000;1371;EXCHANGE_LAST;;1;1;XEUR;11286681;690;
21.02.2025;14:07:04.039;FGBS SI 20250306 PS;SIMPLE_INSTRUMENT;EFP_FIN;EUR;14;106.76500000;467;EXCHANGE_LAST;;1;1;XEUR;11286681;690;
21.02.2025;14:32:36.082;FGBS SI 20250306 PS;SIMPLE_INSTRUMENT;EFS;EUR;15;106.76000000;3151;EXCHANGE_LAST;;1;1;XEUR;11286681;690;
21.02.2025;15:15:25.359;FGBS SI 20250306 PS;SIMPLE_INSTRUMENT;EFS;EUR;16;106.79000000;2740;EXCHANGE_LAST;;1;1;XEUR;11286681;690;
21.02.2025;15:20:03.537;FGBS SI 20250306 PS;SIMPLE_INSTRUMENT;EFS;EUR;17;106.79500000;2740;EXCHANGE_LAST;;1;1;XEUR;11286681;690;
21.02.2025;16:21:14.562;FGBS SI 20250306 PS;SIMPLE_INSTRUMENT;EFS;EUR;18;106.79500000;1370;EXCHANGE_LAST;;1;1;XEUR;11286681;690;
21.02.2025;16:22:20.567;FGBS SI 20250306 PS;SIMPLE_INSTRUMENT;EFS;EUR;19;106.79500000;1370;EXCHANGE_LAST;;1;1;XEUR;11286681;690;
21.02.2025;16:26:38.445;FGBS SI 20250306 PS;SIMPLE_INSTRUMENT;EFP_FIN;EUR;20;106.79000000;2747;EXCHANGE_LAST;;1;1;XEUR;11286681;690;
21.02.2025;16:26:53.720;FGBS SI 20250306 PS;SIMPLE_INSTRUMENT;EFP_FIN;EUR;21;106.79000000;874;EXCHANGE_LAST;;1;1;XEUR;11286681;690;
21.02.2025;16:30:20.720;FGBS SI 20250306 PS;SIMPLE_INSTRUMENT;EFP_FIN;EUR;22;106.80000000;772;EXCHANGE_LAST;;1;1;XEUR;11286681;690;
21.02.2025;16:39:14.189;FGBS SI 20250306 PS;SIMPLE_INSTRUMENT;EFS;EUR;23;106.79000000;2740;EXCHANGE_LAST;;1;1;XEUR;11286681;690;
21.02.2025;16:42:14.336;FGBS SI 20250306 PS;SIMPLE_INSTRUMENT;EFP_FIN;EUR;24;106.79000000;249;EXCHANGE_LAST;;1;1;XEUR;11286681;690;
21.02.2025;16:43:19.659;FGBS SI 20250306 PS;SIMPLE_INSTRUMENT;EFS;EUR;25;106.79500000;1311;EXCHANGE_LAST;;1;1;XEUR;11286681;690;
21.02.2025;16:49:04.779;FGBS SI 20250306 PS;SIMPLE_INSTRUMENT;EFS;EUR;26;106.80000000;5284;EXCHANGE_LAST;;1;1;XEUR;11286681;690;
21.02.2025;16:48:53.415;FGBS SI 20250306 PS;SIMPLE_INSTRUMENT;EFS;EUR;27;106.79500000;1500;EXCHANGE_LAST;;1;1;XEUR;11286681;690;
21.02.2025;16:52:38.399;FGBS SI 20250306 PS;SIMPLE_INSTRUMENT;EFP_FIN;EUR;28;106.79000000;521;EXCHANGE_LAST;;1;1;XEUR;11286681;690;
21.02.2025;07:44:16.519;FGBX SI 20250306 PS;SIMPLE_INSTRUMENT;EFS;EUR;1;127.04000000;93;EXCHANGE_LAST;;1;1;XEUR;11286682;691;
21.02.2025;08:42:42.725;FGBX SI 20250306 PS;SIMPLE_INSTRUMENT;EFS;EUR;3;127.84000000;183;EXCHANGE_LAST;;1;1;XEUR;11286682;691;
21.02.2025;08:43:09.262;FGBX SI 20250306 PS;SIMPLE_INSTRUMENT;EFS;EUR;4;127.72000000;193;EXCHANGE_LAST;;1;1;XEUR;11286682;691;
21.02.2025;09:19:44.649;FGBX SI 20250306 PS;SIMPLE_INSTRUMENT;EFP_FIN;EUR;7;127.60000000;187;EXCHANGE_LAST;;1;1;XEUR;11286682;691;
21.02.2025;09:12:32.765;FGBX SI 20250306 PS;SIMPLE_INSTRUMENT;EFP_FIN;EUR;8;127.72000000;742;EXCHANGE_LAST;;1;1;XEUR;11286682;691;
21.02.2025;09:13:47.124;FGBX SI 20250306 PS;SIMPLE_INSTRUMENT;EFP_FIN;EUR;10;127.60000000;171;EXCHANGE_LAST;;1;1;XEUR;11286682;691;
21.02.2025;09:14:07.846;FGBX SI 20250306 PS;SIMPLE_INSTRUMENT;EFS;EUR;11;127.58000000;34;EXCHANGE_LAST;;1;1;XEUR;11286682;691;
21.02.2025;09:21:38.812;FGBX SI 20250306 PS;SIMPLE_INSTRUMENT;EFP_FIN;EUR;14;127.60000000;372;EXCHANGE_LAST;;1;1;XEUR;11286682;691;
21.02.2025;10:00:54.722;FGBX SI 20250306 PS;SIMPLE_INSTRUMENT;EFP_FIN;EUR;22;127.78000000;742;EXCHANGE_LAST;;1;1;XEUR;11286682;691;
21.02.2025;10:01:37.596;FGBX SI 20250306 PS;SIMPLE_INSTRUMENT;EFP_FIN;EUR;24;127.76000000;743;EXCHANGE_LAST;;1;1;XEUR;11286682;691;
21.02.2025;10:11:03.118;FGBX SI 20250306 PS;SIMPLE_INSTRUMENT;EFS;EUR;26;127.72000000;82;EXCHANGE_LAST;;1;1;XEUR;11286682;691;
21.02.2025;10:12:46.766;FGBX SI 20250306 PS;SIMPLE_INSTRUMENT;EFS;EUR;27;127.80000000;202;EXCHANGE_LAST;;1;1;XEUR;11286682;691;
21.02.2025;10:13:59.741;FGBX SI 20250306 PS;SIMPLE_INSTRUMENT;EFS;EUR;28;127.78000000;150;EXCHANGE_LAST;;1;1;XEUR;11286682;691;
21.02.2025;10:19:05.887;FGBX SI 20250306 PS;SIMPLE_INSTRUMENT;EFS;EUR;30;127.68000000;110;EXCHANGE_LAST;;1;1;XEUR;11286682;691;
21.02.2025;10:38:56.720;FGBX SI 20250306 PS;SIMPLE_INSTRUMENT;EFS;EUR;33;127.76000000;249;EXCHANGE_LAST;;1;1;XEUR;11286682;691;
21.02.2025;10:47:07.308;FGBX SI 20250306 PS;SIMPLE_INSTRUMENT;EFP_FIN;EUR;34;127.72000000;141;EXCHANGE_LAST;;1;1;XEUR;11286682;691;
21.02.2025;11:44:38.909;FGBX SI 20250306 PS;SIMPLE_INSTRUMENT;EFS;EUR;39;128.06000000;184;EXCHANGE_LAST;;1;1;XEUR;11286682;691;
21.02.2025;11:53:41.935;FGBX SI 20250306 PS;SIMPLE_INSTRUMENT;EFP_FIN;EUR;42;128.08000000;100;EXCHANGE_LAST;;1;1;XEUR;11286682;691;
21.02.2025;12:04:44.676;FGBX SI 20250306 PS;SIMPLE_INSTRUMENT;EFP_FIN;EUR;44;128.10000000;208;EXCHANGE_LAST;;1;1;XEUR;11286682;691;
21.02.2025;12:34:59.289;FGBX SI 20250306 PS;SIMPLE_INSTRUMENT;EFP_FIN;EUR;46;128.14000000;71;EXCHANGE_LAST;;1;1;XEUR;11286682;691;
21.02.2025;12:51:41.968;FGBX SI 20250306 PS;SIMPLE_INSTRUMENT;EFS;EUR;50;128.10000000;249;EXCHANGE_LAST;;1;1;XEUR;11286682;691;
21.02.2025;13:36:56.516;FGBX SI 20250306 PS;SIMPLE_INSTRUMENT;EFS;EUR;51;128.26000000;182;EXCHANGE_LAST;;1;1;XEUR;11286682;691;
21.02.2025;14:53:30.102;FGBX SI 20250306 PS;SIMPLE_INSTRUMENT;EFS;EUR;55;128.42000000;182;EXCHANGE_LAST;;1;1;XEUR;11286682;691;
21.02.2025;15:23:35.314;FGBX SI 20250306 PS;SIMPLE_INSTRUMENT;EFS;EUR;56;128.58000000;29;EXCHANGE_LAST;;1;1;XEUR;11286682;691;
21.02.2025;15:33:10.083;FGBX SI 20250306 PS;SIMPLE_INSTRUMENT;EFS;EUR;57;128.58000000;229;EXCHANGE_LAST;;1;1;XEUR;11286682;691;
21.02.2025;16:16:37.548;FGBX SI 20250306 PS;SIMPLE_INSTRUMENT;EFS;EUR;58;128.76000000;190;EXCHANGE_LAST;;1;1;XEUR;11286682;691;
21.02.2025;16:17:50.378;FGBX SI 20250306 PS;SIMPLE_INSTRUMENT;BLOCK;EUR;59;128.78000000;110;EXCHANGE_LAST;;1;1;XEUR;11286682;691;
21.02.2025;16:22:06.694;FGBX SI 20250306 PS;SIMPLE_INSTRUMENT;EFP_FIN;EUR;60;128.82000000;182;EXCHANGE_LAST;;1;1;XEUR;11286682;691;
21.02.2025;16:23:07.264;FGBX SI 20250306 PS;SIMPLE_INSTRUMENT;EFS;EUR;61;128.82000000;381;EXCHANGE_LAST;;1;1;XEUR;11286682;691;
21.02.2025;16:34:44.882;FGBX SI 20250306 PS;SIMPLE_INSTRUMENT;EFS;EUR;63;128.86000000;75;EXCHANGE_LAST;;1;1;XEUR;11286682;691;
21.02.2025;16:44:35.060;FGBX SI 20250306 PS;SIMPLE_INSTRUMENT;EFS;EUR;64;128.70000000;36;EXCHANGE_LAST;;1;1;XEUR;11286682;691;
21.02.2025;13:08:45.665;FGBX SI 20250606 PS;SIMPLE_INSTRUMENT;VOLA;EUR;268435544;127.42000000;53;EXCHANGE_LAST;;1;1;XEUR;11820392;691;
21.02.2025;13:09:26.671;FGBX SI 20250606 PS;SIMPLE_INSTRUMENT;VOLA;EUR;268435545;127.42000000;22;EXCHANGE_LAST;;1;1;XEUR;11820392;691;
21.02.2025;15:59:21.165;FGBX SI 20250306 PS;SIMPLE_INSTRUMENT;VOLA;EUR;268435601;128.64000000;90;EXCHANGE_LAST;;1;1;XEUR;11286682;691;
21.02.2025;16:14:36.273;FGBX SI 20250306 PS;SIMPLE_INSTRUMENT;VOLA;EUR;268435622;128.64000000;45;EXCHANGE_LAST;;1;1;XEUR;11286682;691;
21.02.2025;09:24:47.019;FHZN SI 20250321 PS AM P 210.0 0;SIMPLE_INSTRUMENT;BLOCK;CHF;9;1.65000000;1500;EXCHANGE_LAST;;1;1;XEUR;12469868;45379;
21.02.2025;14:33:56.137;FIA5 SI 20250515 PS AM C 15.40 0;SIMPLE_INSTRUMENT;BLOCK;EUR;8;0.23500000;2409;EXCHANGE_LAST;;1;1;XEUR;12808136;48227;
21.02.2025;09:46:09.592;FIN.O.250221.PDIA.000001;STANDARD_OPTION_STRATEGY;BLOCK;CHF;13;1.57000000;800;EXCHANGE_LAST;;1;1;XEUR;72060475960989211;671;
21.02.2025;09:46:09.592;FIN SI 20250221 PS AM P 70.00 0;SIMPLE_INSTRUMENT;BLOCK;CHF;13;0.07000000;800;PRC_DECOMP_EXCHANGE;;;;XEUR;12245004;671;EXCHANGE
21.02.2025;09:46:09.592;FIN SI 20250321 PS AM P 68.00 0;SIMPLE_INSTRUMENT;BLOCK;CHF;13;1.64000000;800;PRC_DECOMP_EXCHANGE;;;;XEUR;10839353;671;EXCHANGE
21.02.2025;08:03:27.445;FMAE SI 20250321 CS;SIMPLE_INSTRUMENT;EFP_IDX;EUR;25;430.85100000;300;EXCHANGE_LAST;;1;1;XEUR;7590772;48921;
21.02.2025;09:01:11.953;FMAE SI 20250321 CS;SIMPLE_INSTRUMENT;EFP_IDX;EUR;37;430.87400000;697;EXCHANGE_LAST;;1;1;XEUR;7590772;48921;
21.02.2025;10:51:10.075;FMAS SI 20250321 CS;SIMPLE_INSTRUMENT;BLOCK;USD;52;650.30000000;501;EXCHANGE_LAST;;1;1;XEUR;7589709;7061;
21.02.2025;01:28:28.310;FMCH SI 20250321 CS;SIMPLE_INSTRUMENT;BLOCK;USD;2;575.05900000;347;EXCHANGE_LAST;;1;1;XEUR;7592069;402909;
21.02.2025;01:53:46.674;FMCH SI 20250321 CS;SIMPLE_INSTRUMENT;BLOCK;USD;3;575.23000000;70;EXCHANGE_LAST;;1;1;XEUR;7592069;402909;
21.02.2025;01:57:56.858;FMCH SI 20250321 CS;SIMPLE_INSTRUMENT;BLOCK;USD;4;575.23100000;70;EXCHANGE_LAST;;1;1;XEUR;7592069;402909;
21.02.2025;03:02:59.932;FMCH SI 20250321 CS;SIMPLE_INSTRUMENT;BLOCK;USD;8;575.34500000;87;EXCHANGE_LAST;;1;1;XEUR;7592069;402909;
21.02.2025;07:16:07.361;FMCH SI 20250321 CS;SIMPLE_INSTRUMENT;EFP_IDX;USD;9;575.78700000;34;EXCHANGE_LAST;;1;1;XEUR;7592069;402909;
21.02.2025;14:37:20.498;FMCH SI 20250321 CS;SIMPLE_INSTRUMENT;BLOCK;USD;53;604.00000000;386;EXCHANGE_LAST;;1;1;XEUR;7592069;402909;
21.02.2025;02:09:12.666;FMEA SI 20250321 CS;SIMPLE_INSTRUMENT;BLOCK;USD;5;716.10000000;1216;EXCHANGE_LAST;;1;1;XEUR;7589834;12395;
21.02.2025;02:09:12.869;FMEA SI 20250321 CS;SIMPLE_INSTRUMENT;BLOCK;USD;6;716.00000000;375;EXCHANGE_LAST;;1;1;XEUR;7589834;12395;
21.02.2025;09:49:34.348;FMEA SI 20250321 CS;SIMPLE_INSTRUMENT;BLOCK;USD;45;716.07600000;800;EXCHANGE_LAST;;1;1;XEUR;7589834;12395;
21.02.2025;08:39:48.394;FMEE SI 20250321 CS;SIMPLE_INSTRUMENT;BLOCK;USD;33;336.67500000;533;EXCHANGE_LAST;;1;1;XEUR;7589846;12396;
21.02.2025;08:39:43.663;FMEE SI 20250321 CS;SIMPLE_INSTRUMENT;BLOCK;USD;34;336.70800000;300;EXCHANGE_LAST;;1;1;XEUR;7589846;12396;
21.02.2025;09:39:37.073;FMEE SI 20250321 CS;SIMPLE_INSTRUMENT;BLOCK;USD;38;336.70800000;670;EXCHANGE_LAST;;1;1;XEUR;7589846;12396;
21.02.2025;09:51:09.778;FMEE SI 20250321 CS;SIMPLE_INSTRUMENT;BLOCK;USD;44;336.70800000;450;EXCHANGE_LAST;;1;1;XEUR;7589846;12396;
21.02.2025;09:57:22.615;FMEF SI 20251219 CS;SIMPLE_INSTRUMENT;BLOCK;USD;47;1164.30000000;2403;EXCHANGE_LAST;;1;1;XEUR;7408963;30657;
21.02.2025;10:12:21.795;FMEF SI 20261218 CS;SIMPLE_INSTRUMENT;BLOCK;USD;49;1182.60000000;785;EXCHANGE_LAST;;1;1;XEUR;7408972;30657;
21.02.2025;09:50:38.345;FMEL SI 20250321 CS;SIMPLE_INSTRUMENT;BLOCK;USD;46;541.40500000;70;EXCHANGE_LAST;;1;1;XEUR;7589856;12397;
21.02.2025;07:17:07.996;FMEM SI 20250321 CS;SIMPLE_INSTRUMENT;BLOCK;USD;10;608.10000000;391;EXCHANGE_LAST;;1;1;XEUR;7589821;12394;
21.02.2025;07:38:27.129;FMEM SI 20250321 CS;SIMPLE_INSTRUMENT;BLOCK;USD;16;607.36700000;165;EXCHANGE_LAST;;1;1;XEUR;7589821;12394;
21.02.2025;08:09:44.740;FMEU SI 20250321 CS;SIMPLE_INSTRUMENT;BLOCK;EUR;29;367.20000000;1400;EXCHANGE_LAST;;1;1;XEUR;7589708;7058;
21.02.2025;09:43:38.959;FMFP SI 20251219 CS;SIMPLE_INSTRUMENT;BLOCK;USD;39;2474.40000000;77;EXCHANGE_LAST;;1;1;XEUR;7411192;51999;
21.02.2025;09:44:32.899;FMFP SI 20251219 CS;SIMPLE_INSTRUMENT;BLOCK;USD;40;2474.40000000;235;EXCHANGE_LAST;;1;1;XEUR;7411192;51999;
21.02.2025;09:45:59.944;FMFP SI 20261218 CS;SIMPLE_INSTRUMENT;BLOCK;USD;41;2529.50000000;101;EXCHANGE_LAST;;1;1;XEUR;7411188;51999;
21.02.2025;09:46:51.005;FMFP SI 20261218 CS;SIMPLE_INSTRUMENT;BLOCK;USD;42;2529.50000000;165;EXCHANGE_LAST;;1;1;XEUR;7411188;51999;
21.02.2025;09:47:46.440;FMFP SI 20271217 CS;SIMPLE_INSTRUMENT;BLOCK;USD;43;2586.60000000;142;EXCHANGE_LAST;;1;1;XEUR;8838730;51999;
21.02.2025;08:06:23.598;FMGC SI 20250321 CS;SIMPLE_INSTRUMENT;BLOCK;USD;27;13245.87000000;65;EXCHANGE_LAST;;1;1;XEUR;7590767;48916;
21.02.2025;15:30:08.496;FMGO SI 20250321 CS;SIMPLE_INSTRUMENT;BLOCK;USD;56;5375.00000000;241;EXCHANGE_LAST;;1;1;XEUR;8609359;583623;
21.02.2025;14:53:24.604;FMGQ SI 20250321 CS;SIMPLE_INSTRUMENT;BLOCK;USD;54;5233.90000000;95;EXCHANGE_LAST;;1;1;XEUR;8609376;583625;
21.02.2025;02:40:13.414;FMHK SI 20250321 CS;SIMPLE_INSTRUMENT;BLOCK;USD;7;56975.40000000;15;EXCHANGE_LAST;;1;1;XEUR;7590500;45282;
21.02.2025;08:53:46.246;FMHK SI 20250321 CS;SIMPLE_INSTRUMENT;BLOCK;USD;36;56935.64400000;15;EXCHANGE_LAST;;1;1;XEUR;7590500;45282;
21.02.2025;10:04:28.489;FMHK SI 20250321 CS;SIMPLE_INSTRUMENT;BLOCK;USD;48;58416.00000000;20;EXCHANGE_LAST;;1;1;XEUR;7590500;45282;
21.02.2025;02:15:27.606;FMID SI 20250321 CS;SIMPLE_INSTRUMENT;EFP_IDX;USD;1;1486.66500000;67;EXCHANGE_LAST;;1;1;XEUR;7590528;45289;
21.02.2025;00:49:42.423;FMIN SI 20250321 CS;SIMPLE_INSTRUMENT;BLOCK;USD;1;1175.10900000;50;EXCHANGE_LAST;;1;1;XEUR;7589865;12404;
21.02.2025;08:39:53.887;FMIN SI 20250321 CS;SIMPLE_INSTRUMENT;BLOCK;USD;32;1174.98700000;64;EXCHANGE_LAST;;1;1;XEUR;7589865;12404;
21.02.2025;10:40:14.735;FMMX SI 20250321 CS;SIMPLE_INSTRUMENT;BLOCK;USD;51;644.32300000;48;EXCHANGE_LAST;;1;1;XEUR;7589867;12545;
21.02.2025;08:05:52.410;FMPA SI 20250321 CS;SIMPLE_INSTRUMENT;BLOCK;USD;26;8758.41800000;391;EXCHANGE_LAST;;1;1;XEUR;7590728;48143;
21.02.2025;03:04:16.643;FMPH SI 20250321 CS;SIMPLE_INSTRUMENT;BLOCK;USD;2;398.00000000;10;EXCHANGE_LAST;;1;1;XEUR;7589869;12548;
21.02.2025;07:40:02.246;FMSA SI 20250321 CS;SIMPLE_INSTRUMENT;BLOCK;USD;18;1848.16300000;30;EXCHANGE_LAST;;1;1;XEUR;7591259;134861;
21.02.2025;08:25:51.707;FMSC SI 20250321 CS;SIMPLE_INSTRUMENT;EFP_IDX;USD;31;732.98400000;2114;EXCHANGE_LAST;;1;1;XEUR;7591474;221303;
21.02.2025;07:19:58.061;FMUE SI 20250321 CS;SIMPLE_INSTRUMENT;EFP_IDX;USD;11;8509.39000000;283;EXCHANGE_LAST;;1;1;XEUR;7590733;48149;
21.02.2025;07:37:17.534;FMUQ SI 20250321 CS;SIMPLE_INSTRUMENT;BLOCK;USD;15;6280.00000000;350;EXCHANGE_LAST;;1;1;XEUR;7590731;48146;
21.02.2025;07:38:33.843;FMUV SI 20250321 CS;SIMPLE_INSTRUMENT;BLOCK;USD;17;5499.79000000;595;EXCHANGE_LAST;;1;1;XEUR;7590730;48147;
21.02.2025;08:12:10.230;FMWN SI 20250321 CS;SIMPLE_INSTRUMENT;BLOCK;EUR;28;604.28000000;160;EXCHANGE_LAST;;1;1;XEUR;7590222;30654;
21.02.2025;10:21:51.248;FMWN SI 20250321 CS;SIMPLE_INSTRUMENT;BLOCK;EUR;50;604.42000000;1106;EXCHANGE_LAST;;1;1;XEUR;7590222;30654;
21.02.2025;07:22:28.719;FMWO SI 20250321 CS;SIMPLE_INSTRUMENT;EFP_IDX;USD;12;12381.91000000;62;EXCHANGE_LAST;;1;1;XEUR;7589707;7059;
21.02.2025;07:35:29.681;FMWO SI 20250321 CS;SIMPLE_INSTRUMENT;BLOCK;USD;13;12383.30000000;245;EXCHANGE_LAST;;1;1;XEUR;7589707;7059;
21.02.2025;07:36:48.109;FMWO SI 20250321 CS;SIMPLE_INSTRUMENT;EFP_IDX;USD;14;12382.30000000;135;EXCHANGE_LAST;;1;1;XEUR;7589707;7059;
21.02.2025;07:55:29.320;FMWO SI 20250321 CS;SIMPLE_INSTRUMENT;EFP_IDX;USD;19;12382.00000000;10;EXCHANGE_LAST;;1;1;XEUR;7589707;7059;
21.02.2025;07:55:52.211;FMWO SI 20250321 CS;SIMPLE_INSTRUMENT;EFP_IDX;USD;20;12382.00000000;135;EXCHANGE_LAST;;1;1;XEUR;7589707;7059;
21.02.2025;07:56:48.759;FMWO SI 20250321 CS;SIMPLE_INSTRUMENT;EFP_IDX;USD;21;12381.80000000;366;EXCHANGE_LAST;;1;1;XEUR;7589707;7059;
21.02.2025;07:57:40.398;FMWO SI 20250321 CS;SIMPLE_INSTRUMENT;EFP_IDX;USD;22;12382.45000000;38;EXCHANGE_LAST;;1;1;XEUR;7589707;7059;
21.02.2025;08:10:45.685;FMWO SI 20250321 CS;SIMPLE_INSTRUMENT;BLOCK;USD;30;12382.75000000;1270;EXCHANGE_LAST;;1;1;XEUR;7589707;7059;
21.02.2025;15:03:48.529;FMWO SI 20250321 CS;SIMPLE_INSTRUMENT;BLOCK;USD;55;12355.00000000;18000;EXCHANGE_LAST;;1;1;XEUR;7589707;7059;
21.02.2025;16:31:17.025;FMWO SI 20250321 CS;SIMPLE_INSTRUMENT;BLOCK;USD;58;12329.00000000;250;EXCHANGE_LAST;;1;1;XEUR;7589707;7059;
21.02.2025;09:00:12.879;FOAT SI 20250306 PS;SIMPLE_INSTRUMENT;EFP_FIN;EUR;1;123.38000000;1668;EXCHANGE_LAST;;1;1;XEUR;11286683;749;
21.02.2025;09:04:49.997;FOAT SI 20250306 PS;SIMPLE_INSTRUMENT;EFP_FIN;EUR;2;123.38000000;1250;EXCHANGE_LAST;;1;1;XEUR;11286683;749;
21.02.2025;09:07:28.317;FOAT SI 20250306 PS;SIMPLE_INSTRUMENT;EFP_FIN;EUR;3;123.39000000;2085;EXCHANGE_LAST;;1;1;XEUR;11286683;749;
21.02.2025;09:44:33.442;FOAT SI 20250306 PS;SIMPLE_INSTRUMENT;EFP_FIN;EUR;4;123.36000000;209;EXCHANGE_LAST;;1;1;XEUR;11286683;749;
21.02.2025;09:47:49.765;FOAT SI 20250306 PS;SIMPLE_INSTRUMENT;EFP_FIN;EUR;5;123.32000000;120;EXCHANGE_LAST;;1;1;XEUR;11286683;749;
21.02.2025;09:54:14.942;FOAT SI 20250306 PS;SIMPLE_INSTRUMENT;BLOCK;EUR;6;123.41000000;2224;EXCHANGE_LAST;;1;1;XEUR;11286683;749;
21.02.2025;09:56:42.925;FOAT SI 20250306 PS;SIMPLE_INSTRUMENT;EFP_FIN;EUR;7;123.37000000;1816;EXCHANGE_LAST;;1;1;XEUR;11286683;749;
21.02.2025;10:26:21.820;FOAT SI 20250306 PS;SIMPLE_INSTRUMENT;EFP_FIN;EUR;8;123.34000000;417;EXCHANGE_LAST;;1;1;XEUR;11286683;749;
21.02.2025;10:27:37.008;FOAT SI 20250306 PS;SIMPLE_INSTRUMENT;EFP_FIN;EUR;9;123.39000000;417;EXCHANGE_LAST;;1;1;XEUR;11286683;749;
21.02.2025;10:34:38.239;FOAT SI 20250306 PS;SIMPLE_INSTRUMENT;EFP_FIN;EUR;10;123.38000000;1500;EXCHANGE_LAST;;1;1;XEUR;11286683;749;
21.02.2025;10:42:19.933;FOAT SI 20250306 PS;SIMPLE_INSTRUMENT;EFP_FIN;EUR;11;123.38000000;130;EXCHANGE_LAST;;1;1;XEUR;11286683;749;
21.02.2025;10:44:01.211;FOAT SI 20250306 PS;SIMPLE_INSTRUMENT;EFP_FIN;EUR;12;123.38000000;533;EXCHANGE_LAST;;1;1;XEUR;11286683;749;
21.02.2025;10:44:20.778;FOAT SI 20250306 PS;SIMPLE_INSTRUMENT;EFP_FIN;EUR;13;123.36000000;834;EXCHANGE_LAST;;1;1;XEUR;11286683;749;
21.02.2025;10:44:39.013;FOAT SI 20250306 PS;SIMPLE_INSTRUMENT;EFP_FIN;EUR;14;123.36000000;1459;EXCHANGE_LAST;;1;1;XEUR;11286683;749;
21.02.2025;11:04:20.228;FOAT SI 20250306 PS;SIMPLE_INSTRUMENT;EFP_FIN;EUR;15;123.46000000;1026;EXCHANGE_LAST;;1;1;XEUR;11286683;749;
21.02.2025;11:11:01.133;FOAT SI 20250306 PS;SIMPLE_INSTRUMENT;EFS;EUR;16;123.46000000;1207;EXCHANGE_LAST;;1;1;XEUR;11286683;749;
21.02.2025;11:16:11.882;FOAT SI 20250306 PS;SIMPLE_INSTRUMENT;EFP_FIN;EUR;17;123.45000000;309;EXCHANGE_LAST;;1;1;XEUR;11286683;749;
21.02.2025;11:16:20.386;FOAT SI 20250306 PS;SIMPLE_INSTRUMENT;EFS;EUR;18;123.45000000;1088;EXCHANGE_LAST;;1;1;XEUR;11286683;749;
21.02.2025;11:24:50.488;FOAT SI 20250306 PS;SIMPLE_INSTRUMENT;EFP_FIN;EUR;19;123.41000000;1376;EXCHANGE_LAST;;1;1;XEUR;11286683;749;
21.02.2025;11:26:51.392;FOAT SI 20250306 PS;SIMPLE_INSTRUMENT;EFP_FIN;EUR;20;123.41000000;222;EXCHANGE_LAST;;1;1;XEUR;11286683;749;
21.02.2025;11:31:59.574;FOAT SI 20250306 PS;SIMPLE_INSTRUMENT;EFP_FIN;EUR;21;123.43000000;1459;EXCHANGE_LAST;;1;1;XEUR;11286683;749;
21.02.2025;11:32:48.000;FOAT SI 20250306 PS;SIMPLE_INSTRUMENT;EFP_FIN;EUR;22;123.46000000;1250;EXCHANGE_LAST;;1;1;XEUR;11286683;749;
21.02.2025;11:37:40.484;FOAT SI 20250306 PS;SIMPLE_INSTRUMENT;EFP_FIN;EUR;23;123.43000000;2083;EXCHANGE_LAST;;1;1;XEUR;11286683;749;
21.02.2025;11:39:27.314;FOAT SI 20250306 PS;SIMPLE_INSTRUMENT;EFP_FIN;EUR;24;123.43000000;2083;EXCHANGE_LAST;;1;1;XEUR;11286683;749;
21.02.2025;11:48:21.244;FOAT SI 20250306 PS;SIMPLE_INSTRUMENT;EFS;EUR;25;123.47000000;1968;EXCHANGE_LAST;;1;1;XEUR;11286683;749;
21.02.2025;11:54:29.094;FOAT SI 20250306 PS;SIMPLE_INSTRUMENT;EFP_FIN;EUR;26;123.46000000;3336;EXCHANGE_LAST;;1;1;XEUR;11286683;749;
21.02.2025;11:57:46.480;FOAT SI 20250306 PS;SIMPLE_INSTRUMENT;EFP_FIN;EUR;27;123.45000000;4170;EXCHANGE_LAST;;1;1;XEUR;11286683;749;
21.02.2025;11:57:41.479;FOAT SI 20250306 PS;SIMPLE_INSTRUMENT;EFP_FIN;EUR;28;123.45000000;4170;EXCHANGE_LAST;;1;1;XEUR;11286683;749;
21.02.2025;12:11:22.211;FOAT SI 20250306 PS;SIMPLE_INSTRUMENT;EFP_FIN;EUR;29;123.47000000;834;EXCHANGE_LAST;;1;1;XEUR;11286683;749;
21.02.2025;12:18:53.303;FOAT SI 20250306 PS;SIMPLE_INSTRUMENT;EFP_FIN;EUR;30;123.41000000;1467;EXCHANGE_LAST;;1;1;XEUR;11286683;749;
21.02.2025;12:42:29.673;FOAT SI 20250306 PS;SIMPLE_INSTRUMENT;EFP_FIN;EUR;31;123.45000000;116;EXCHANGE_LAST;;1;1;XEUR;11286683;749;
21.02.2025;13:12:52.910;FOAT SI 20250306 PS;SIMPLE_INSTRUMENT;EFP_FIN;EUR;32;123.51000000;1251;EXCHANGE_LAST;;1;1;XEUR;11286683;749;
21.02.2025;13:31:52.938;FOAT SI 20250306 PS;SIMPLE_INSTRUMENT;BLOCK;EUR;33;123.55000000;1171;EXCHANGE_LAST;;1;1;XEUR;11286683;749;
21.02.2025;14:07:09.981;FOAT SI 20250306 PS;SIMPLE_INSTRUMENT;EFP_FIN;EUR;34;123.48000000;309;EXCHANGE_LAST;;1;1;XEUR;11286683;749;
21.02.2025;14:07:27.959;FOAT SI 20250306 PS;SIMPLE_INSTRUMENT;EFP_FIN;EUR;35;123.48000000;184;EXCHANGE_LAST;;1;1;XEUR;11286683;749;
21.02.2025;14:07:45.102;FOAT SI 20250306 PS;SIMPLE_INSTRUMENT;EFP_FIN;EUR;36;123.48000000;942;EXCHANGE_LAST;;1;1;XEUR;11286683;749;
21.02.2025;14:08:00.573;FOAT SI 20250306 PS;SIMPLE_INSTRUMENT;EFP_FIN;EUR;37;123.48000000;250;EXCHANGE_LAST;;1;1;XEUR;11286683;749;
21.02.2025;14:41:08.920;FOAT SI 20250306 PS;SIMPLE_INSTRUMENT;EFP_FIN;EUR;38;123.53000000;834;EXCHANGE_LAST;;1;1;XEUR;11286683;749;
21.02.2025;14:53:06.210;FOAT SI 20250306 PS;SIMPLE_INSTRUMENT;EFP_FIN;EUR;39;123.54000000;495;EXCHANGE_LAST;;1;1;XEUR;11286683;749;
