#Date;TrdTime;Contract;ContractType;TrdTyp;Currency;TesId;Prc;Qty;TrdInd;Aggressor;Buy;Sell;Exch;InstrumentId;RelatedProdId;PrcDecomp
26.02.2025;10:18:21.202;1COV SI 20250321 PS AM P 52.00 0;SIMPLE_INSTRUMENT;BLOCK;EUR;3;0.14000000;500;EXCHANGE_LAST;;1;1;XEUR;10866252;48055;
26.02.2025;15:23:13.962;1COV SI 20261218 PS AM P 36.00 0;SIMPLE_INSTRUMENT;BLOCK;EUR;13;1.28000000;750;EXCHANGE_LAST;;1;1;XEUR;7236936;48055;
26.02.2025;12:56:29.933;A2LV SI 20251219 CS;SIMPLE_INSTRUMENT;BLOCK;EUR;46;15.50000000;250;EXCHANGE_LAST;;2;3;XEUR;3681050;12;
26.02.2025;12:50:48.603;A2LV SI 20261218 CS;SIMPLE_INSTRUMENT;BLOCK;EUR;47;16.30000000;50;EXCHANGE_LAST;;1;2;XEUR;4632085;12;
26.02.2025;14:13:48.261;A2LV SI 20251219 CS;SIMPLE_INSTRUMENT;BLOCK;EUR;69;15.40000000;72;EXCHANGE_LAST;;1;1;XEUR;3681050;12;
26.02.2025;10:45:42.925;A2SG SI 20250620 CS;SIMPLE_INSTRUMENT;BLOCK;EUR;18;1.44000000;200;EXCHANGE_LAST;;1;1;XEUR;10827627;14;
26.02.2025;11:03:44.312;A2XA SI 20261218 CS;SIMPLE_INSTRUMENT;BLOCK;EUR;22;2.42000000;250;EXCHANGE_LAST;;1;1;XEUR;4632093;17;
26.02.2025;13:26:52.910;A2XA SI 20251219 CS;SIMPLE_INSTRUMENT;BLOCK;EUR;55;2.37000000;750;EXCHANGE_LAST;;1;3;XEUR;3681055;17;
26.02.2025;13:27:16.402;A2XA SI 20261218 CS;SIMPLE_INSTRUMENT;BLOCK;EUR;56;2.43000000;150;EXCHANGE_LAST;;1;1;XEUR;4632093;17;
26.02.2025;13:39:53.250;A2XA SI 20251219 CS;SIMPLE_INSTRUMENT;BLOCK;EUR;58;2.35000000;1500;EXCHANGE_LAST;;1;2;XEUR;3681055;17;
26.02.2025;14:00:21.232;A2XA SI 20251219 CS;SIMPLE_INSTRUMENT;BLOCK;EUR;61;2.35000000;150;EXCHANGE_LAST;;1;1;XEUR;3681055;17;
26.02.2025;14:12:11.562;A2XA SI 20251219 CS;SIMPLE_INSTRUMENT;BLOCK;EUR;67;2.35000000;200;EXCHANGE_LAST;;1;1;XEUR;3681055;17;
26.02.2025;16:06:08.255;A2XA SI 20250620 CS;SIMPLE_INSTRUMENT;BLOCK;EUR;96;2.16500000;250;EXCHANGE_LAST;;1;1;XEUR;10827630;17;
26.02.2025;16:32:59.970;A2XA SI 20261218 CS;SIMPLE_INSTRUMENT;BLOCK;EUR;110;2.43000000;100;EXCHANGE_LAST;;1;1;XEUR;4632093;17;
26.02.2025;10:00:25.581;ABBE.O.250226.COMBO.000002;STANDARD_OPTION_STRATEGY;BLOCK;CHF;11;0.71000000;9000;EXCHANGE_LAST;;1;4;XEUR;74525121468962322;574516;
26.02.2025;10:00:25.581;ABBE SI 20250516 PS EU C 52.00 0;SIMPLE_INSTRUMENT;BLOCK;CHF;11;1.08000000;9000;PRC_DECOMP_EXCHANGE;;;;XEUR;12854049;574516;EXCHANGE
26.02.2025;10:00:25.581;ABBE SI 20250516 PS EU P 48.00 0;SIMPLE_INSTRUMENT;BLOCK;CHF;11;1.79000000;9000;PRC_DECOMP_EXCHANGE;;;;XEUR;12854092;574516;EXCHANGE
26.02.2025;12:38:53.185;ABBE SI 20260619 PS EU C 40.00 0;SIMPLE_INSTRUMENT;BLOCK;CHF;40;10.62000000;1000;EXCHANGE_LAST;;1;1;XEUR;9600814;574516;
26.02.2025;09:11:27.524;ABBN SI 20250321 PS AM P 48.00 0;SIMPLE_INSTRUMENT;BLOCK;CHF;3;0.65000000;1250;EXCHANGE_LAST;;1;1;XEUR;10886857;574517;
26.02.2025;09:37:43.419;ABBN SI 20251219 PS AM C 55.00 0;SIMPLE_INSTRUMENT;BLOCK;CHF;7;1.95000000;2500;EXCHANGE_LAST;;1;1;XEUR;11849002;574517;
26.02.2025;12:39:09.138;ABBN SI 20251219 PS AM P 32.00 0;SIMPLE_INSTRUMENT;BLOCK;CHF;41;0.30000000;1500;EXCHANGE_LAST;;1;1;XEUR;8509409;574517;
26.02.2025;16:23:11.782;ABBN SI 20251219 PS AM P 45.00 0;SIMPLE_INSTRUMENT;BLOCK;CHF;78;2.36000000;1000;EXCHANGE_LAST;;1;1;XEUR;11848994;574517;
26.02.2025;14:02:47.914;ADEN.O.250226.PDIA.000005;STANDARD_OPTION_STRATEGY;BLOCK;CHF;49;-1.17000000;1250;EXCHANGE_LAST;;1;1;XEUR;72057783016515770;44;
26.02.2025;14:02:47.914;ADEN SI 20250620 PS AM P 26.00 0;SIMPLE_INSTRUMENT;BLOCK;CHF;49;2.58000000;1250;PRC_DECOMP_EXCHANGE;;;;XEUR;11347901;44;EXCHANGE
26.02.2025;14:02:47.914;ADEN SI 20260619 PS AM P 20.00 0;SIMPLE_INSTRUMENT;BLOCK;CHF;49;1.41000000;1250;PRC_DECOMP_EXCHANGE;;;;XEUR;9536163;44;EXCHANGE
26.02.2025;14:51:13.184;ADEN SI 20250919 PS AM P 20.00 0;SIMPLE_INSTRUMENT;BLOCK;CHF;63;0.57000000;1600;EXCHANGE_LAST;;1;1;XEUR;11870213;44;
26.02.2025;14:55:10.811;ADS SI 20250620 PS AM P 240.00 0;SIMPLE_INSTRUMENT;BLOCK;EUR;5;12.80000000;500;EXCHANGE_LAST;;1;1;XEUR;7897598;50;
26.02.2025;16:55:39.283;AFX SI 20250620 PS AM C 76.00 0;SIMPLE_INSTRUMENT;BLOCK;EUR;8;0.45000000;900;EXCHANGE_LAST;;1;1;XEUR;7897691;56;
26.02.2025;16:55:42.332;AFX SI 20250620 PS AM P 46.00 0;SIMPLE_INSTRUMENT;BLOCK;EUR;9;1.29000000;900;EXCHANGE_LAST;;1;1;XEUR;11348392;56;
26.02.2025;16:55:42.459;AFX SI 20250620 PS AM C 60.00 0;SIMPLE_INSTRUMENT;BLOCK;EUR;10;3.90000000;900;EXCHANGE_LAST;;1;1;XEUR;8108863;56;
26.02.2025;13:48:26.916;AIR SI 20251219 PS AM P 170.00 0;SIMPLE_INSTRUMENT;BLOCK;EUR;24;8.55000000;300;EXCHANGE_LAST;;1;1;XEUR;12431444;64;
26.02.2025;13:10:35.817;ALV SI 20250321 PS AM P 315.00 0;SIMPLE_INSTRUMENT;BLOCK;EUR;4;1.70000000;300;EXCHANGE_LAST;;1;1;XEUR;12431903;74;
26.02.2025;14:36:59.646;ALVE.O.250226.CNV.000002;STANDARD_OPTION_STRATEGY;BLOCK;EUR;7;6.10000000;700;EXCHANGE_LAST;;1;1;XEUR;72057916160482426;75;
26.02.2025;14:36:59.646;ALVE SI 20251219 PS EU P 320.00 0;SIMPLE_INSTRUMENT;BLOCK;EUR;7;17.97000000;700;PRC_DECOMP_EXCHANGE;;;;XEUR;5920834;75;EXCHANGE
26.02.2025;14:36:59.646;ALVE SI 20251219 PS EU C 320.00 0;SIMPLE_INSTRUMENT;BLOCK;EUR;7;24.07000000;700;PRC_DECOMP_EXCHANGE;;;;XEUR;5920833;75;EXCHANGE
26.02.2025;10:18:38.250;ANN SI 20251219 PS AM P 26.00 0;SIMPLE_INSTRUMENT;BLOCK;EUR;8;1.77000000;750;EXCHANGE_LAST;;1;1;XEUR;12469704;45202;
26.02.2025;10:53:37.414;ANN.O.250226.RTSP.000003;STANDARD_OPTION_STRATEGY;BLOCK;EUR;17;1.65000000;1000;EXCHANGE_LAST;;1;1;XEUR;72251735149669650;45202;
26.02.2025;10:53:37.414;ANN SI 20250321 PS AM P 28.00 0;SIMPLE_INSTRUMENT;BLOCK;EUR;17;0.42000000;1000;PRC_DECOMP_EXCHANGE;;;;XEUR;10865134;45202;EXCHANGE
26.02.2025;10:53:37.414;ANN SI 20251219 PS AM C 32.00 0;SIMPLE_INSTRUMENT;BLOCK;EUR;17;2.07000000;1000;PRC_DECOMP_EXCHANGE;;;;XEUR;7421943;45202;EXCHANGE
26.02.2025;13:50:48.214;AXA SI 20251219 PS AM P 32.00 0;SIMPLE_INSTRUMENT;BLOCK;EUR;25;1.08000000;1250;EXCHANGE_LAST;;1;1;XEUR;6158498;127;
26.02.2025;14:12:06.918;AXA.O.250226.STD.000003;STANDARD_OPTION_STRATEGY;BLOCK;EUR;27;4.69000000;1500;EXCHANGE_LAST;;1;1;XEUR;72058139498795335;127;
26.02.2025;14:12:06.918;AXA SI 20250919 PS AM P 38.00 0;SIMPLE_INSTRUMENT;BLOCK;EUR;27;2.97000000;1500;PRC_DECOMP_EXCHANGE;;;;XEUR;11872534;127;EXCHANGE
26.02.2025;14:12:06.918;AXA SI 20250919 PS AM C 38.00 0;SIMPLE_INSTRUMENT;BLOCK;EUR;27;1.72000000;1500;PRC_DECOMP_EXCHANGE;;;;XEUR;11872537;127;EXCHANGE
26.02.2025;16:34:06.103;AXA SI 20260619 PS AM C 40.00 0;SIMPLE_INSTRUMENT;BLOCK;EUR;33;1.92000000;4648;EXCHANGE_LAST;;1;1;XEUR;9538772;127;
26.02.2025;11:18:39.130;B2AS SI 20261218 CS;SIMPLE_INSTRUMENT;BLOCK;EUR;24;2.22000000;150;EXCHANGE_LAST;;1;1;XEUR;4632165;140;
26.02.2025;12:45:48.735;B2AS SI 20251219 CS;SIMPLE_INSTRUMENT;BLOCK;EUR;45;2.26000000;250;EXCHANGE_LAST;;1;1;XEUR;3681119;140;
26.02.2025;09:36:50.898;B2NP SI 20261218 CS;SIMPLE_INSTRUMENT;BLOCK;EUR;7;4.83000000;250;EXCHANGE_LAST;;1;1;XEUR;6798320;131;
26.02.2025;15:48:04.071;BAN SI 20260619 PS AM P 52.00 0;SIMPLE_INSTRUMENT;BLOCK;CHF;69;5.10000000;500;EXCHANGE_LAST;;1;1;XEUR;11401579;298535;
26.02.2025;12:33:18.525;BARN SI 20251219 PS AM C 1120.00 0;SIMPLE_INSTRUMENT;BLOCK;CHF;39;95.90000000;200;EXCHANGE_LAST;;1;1;XEUR;10396327;149;
26.02.2025;10:05:57.553;BAS SI 20250919 PS AM C 52.00 0;SIMPLE_INSTRUMENT;BLOCK;EUR;2;2.58000000;2130;EXCHANGE_LAST;;1;1;XEUR;11873033;150;
26.02.2025;13:51:54.438;BAS SI 20251219 PS AM P 45.00 0;SIMPLE_INSTRUMENT;BLOCK;EUR;9;2.94000000;400;EXCHANGE_LAST;;1;1;XEUR;7509819;150;
26.02.2025;15:12:08.179;BAS SI 20250321 PS AM P 42.00 0;SIMPLE_INSTRUMENT;BLOCK;EUR;11;0.11000000;600;EXCHANGE_LAST;;1;1;XEUR;10830938;150;
26.02.2025;15:52:46.317;BAS SI 20250620 PS AM P 48.00 0;SIMPLE_INSTRUMENT;BLOCK;EUR;15;2.96000000;1000;EXCHANGE_LAST;;1;1;XEUR;7898976;150;
26.02.2025;16:01:48.091;BAS SI 20251219 PS AM C 60.00 0;SIMPLE_INSTRUMENT;BLOCK;EUR;16;1.20000000;400;EXCHANGE_LAST;;1;1;XEUR;5922207;150;
26.02.2025;16:20:01.455;BAS.O.250226.BER.000015;STANDARD_OPTION_STRATEGY;BLOCK;EUR;17;1.04000000;4500;EXCHANGE_LAST;;1;1;XEUR;72058238283092132;150;
26.02.2025;16:20:01.455;BAS SI 20250417 PS AM P 44.00 0;SIMPLE_INSTRUMENT;BLOCK;EUR;17;0.40000000;4500;PRC_DECOMP_EXCHANGE;;;;XEUR;12615330;150;EXCHANGE
26.02.2025;16:20:01.455;BAS SI 20250417 PS AM P 48.00 0;SIMPLE_INSTRUMENT;BLOCK;EUR;17;1.44000000;4500;PRC_DECOMP_EXCHANGE;;;;XEUR;12615306;150;EXCHANGE
26.02.2025;13:23:31.196;BASG SI 20250321 CS;SIMPLE_INSTRUMENT;BLOCK;EUR;54;49.29600000;6000;EXCHANGE_LAST;;1;1;XEUR;10694474;171;
26.02.2025;08:56:36.022;BAY SI 20261218 PS AM C 24.00 0;SIMPLE_INSTRUMENT;BLOCK;EUR;1;4.24000000;5000;EXCHANGE_LAST;;1;1;XEUR;8112438;168;
26.02.2025;11:55:16.763;BAY SI 20250919 PS AM C 26.50 0;SIMPLE_INSTRUMENT;BLOCK;EUR;6;1.41000000;1000;EXCHANGE_LAST;;1;1;XEUR;12224650;168;
26.02.2025;12:38:20.248;BAY SI 20250321 PS AM C 26.00 0;SIMPLE_INSTRUMENT;BLOCK;EUR;7;0.27000000;2500;EXCHANGE_LAST;;1;1;XEUR;10831479;168;
26.02.2025;15:15:41.929;BAY SI 20250321 PS AM C 24.00 0;SIMPLE_INSTRUMENT;BLOCK;EUR;12;0.75000000;625;EXCHANGE_LAST;;1;1;XEUR;10831471;168;
26.02.2025;15:30:24.914;BAY.O.250226.BLT.000023;STANDARD_OPTION_STRATEGY;BLOCK;EUR;14;2.13000000;500;EXCHANGE_LAST;;1;1;XEUR;72058315592508842;168;
26.02.2025;15:30:24.914;BAY SI 20251219 PS AM C 23.00 0;SIMPLE_INSTRUMENT;BLOCK;EUR;14;3.22000000;500;PRC_DECOMP_EXCHANGE;;;;XEUR;12224667;168;EXCHANGE
26.02.2025;15:30:24.914;BAY SI 20250321 PS AM C 23.00 0;SIMPLE_INSTRUMENT;BLOCK;EUR;14;1.09000000;500;PRC_DECOMP_EXCHANGE;;;;XEUR;11234147;168;EXCHANGE
26.02.2025;15:41:35.068;BBVG SI 20250321 CS;SIMPLE_INSTRUMENT;BLOCK;EUR;88;12.76560000;22000;EXCHANGE_LAST;;1;1;XEUR;10694312;163;
26.02.2025;09:46:01.513;BGNF SI 20250320 CS;SIMPLE_INSTRUMENT;BLOCK;EUR;10;50.89030000;3500;EXCHANGE_LAST;;1;1;XEUR;10690905;626574;
26.02.2025;09:15:25.713;BMW SI 20251219 PS AM P 76.00 0;SIMPLE_INSTRUMENT;BLOCK;EUR;1;5.30000000;500;EXCHANGE_LAST;;1;1;XEUR;5923232;210;
26.02.2025;10:39:02.951;BMW SI 20250417 PS AM C 94.00 0;SIMPLE_INSTRUMENT;BLOCK;EUR;11;1.68000000;1000;EXCHANGE_LAST;;1;1;XEUR;12795277;210;
26.02.2025;11:14:56.101;BMW SI 20251219 PS AM P 68.00 0;SIMPLE_INSTRUMENT;BLOCK;EUR;12;2.82000000;1000;EXCHANGE_LAST;;1;1;XEUR;5923230;210;
26.02.2025;12:54:50.492;BMW.O.250226.STG.000011;STANDARD_OPTION_STRATEGY;BLOCK;EUR;14;20.93000000;400;EXCHANGE_LAST;;1;1;XEUR;72058495981109488;210;
26.02.2025;12:54:50.492;BMW SI 20261218 PS AM P 80.00 0;SIMPLE_INSTRUMENT;BLOCK;EUR;14;10.56000000;400;PRC_DECOMP_EXCHANGE;;;;XEUR;12616547;210;EXCHANGE
26.02.2025;12:54:50.492;BMW SI 20261218 PS AM C 88.00 0;SIMPLE_INSTRUMENT;BLOCK;EUR;14;10.37000000;400;PRC_DECOMP_EXCHANGE;;;;XEUR;12616543;210;EXCHANGE
26.02.2025;14:35:44.779;BMW.O.250226.STG.000012;STANDARD_OPTION_STRATEGY;BLOCK;EUR;18;5.95000000;400;EXCHANGE_LAST;;1;1;XEUR;72058495981109489;210;
26.02.2025;14:35:44.779;BMW SI 20250321 PS AM P 88.00 0;SIMPLE_INSTRUMENT;BLOCK;EUR;18;4.29000000;400;PRC_DECOMP_EXCHANGE;;;;XEUR;10832549;210;EXCHANGE
26.02.2025;14:35:44.779;BMW SI 20250321 PS AM C 90.00 0;SIMPLE_INSTRUMENT;BLOCK;EUR;18;1.66000000;400;PRC_DECOMP_EXCHANGE;;;;XEUR;12571673;210;EXCHANGE
26.02.2025;14:45:11.521;BMWF.S.MAR25.APR25.SPD;FUTURES_SPREAD;BLOCK;EUR;75;-0.18100000;1500;EXCHANGE_LAST;;1;1;XEUR;72058620535111972;239;
26.02.2025;14:45:11.521;BMWF SI 20250417 CS;SIMPLE_INSTRUMENT;BLOCK;EUR;75;86.68100000;1500;PRC_DECOMP_MEMBER;;;;XEUR;10832713;239;MEMBER
26.02.2025;14:45:11.521;BMWF SI 20250321 CS;SIMPLE_INSTRUMENT;BLOCK;EUR;75;86.50000000;1500;PRC_DECOMP_MEMBER;;;;XEUR;10695616;239;MEMBER
26.02.2025;09:52:32.814;BNP SI 20260619 PS AM C 68.00 0;SIMPLE_INSTRUMENT;BLOCK;EUR;4;7.42000000;875;EXCHANGE_LAST;;1;1;XEUR;11479994;237;
26.02.2025;09:52:33.559;BNP SI 20251219 PS AM C 72.00 0;SIMPLE_INSTRUMENT;BLOCK;EUR;5;4.42000000;925;EXCHANGE_LAST;;1;1;XEUR;6371615;237;
26.02.2025;11:09:57.222;BNP SI 20250620 PS AM P 72.00 0;SIMPLE_INSTRUMENT;BLOCK;EUR;9;5.52000000;1500;EXCHANGE_LAST;;1;1;XEUR;8114384;237;
26.02.2025;12:46:08.835;BNP SI 20250919 PS AM C 72.00 0;SIMPLE_INSTRUMENT;BLOCK;EUR;17;4.27000000;500;EXCHANGE_LAST;;1;1;XEUR;11875017;237;
26.02.2025;12:53:34.915;BNP SI 20250919 PS AM P 72.00 0;SIMPLE_INSTRUMENT;BLOCK;EUR;18;6.30000000;500;EXCHANGE_LAST;;1;1;XEUR;11875012;237;
26.02.2025;14:42:46.792;BNP SI 20250620 PS AM P 50.00 0;SIMPLE_INSTRUMENT;BLOCK;EUR;28;0.28000000;1500;EXCHANGE_LAST;;1;1;XEUR;10626697;237;
26.02.2025;13:12:59.422;BNR SI 20250321 PS AM C 66.00 0;SIMPLE_INSTRUMENT;BLOCK;EUR;8;2.15000000;1500;EXCHANGE_LAST;;1;1;XEUR;12435320;235;
26.02.2025;11:43:05.282;BRBF SI 20251219 CS;SIMPLE_INSTRUMENT;BLOCK;GBX;33;1109.85070000;12;EXCHANGE_LAST;;1;1;XEUR;8674444;249;
26.02.2025;12:00:07.787;C4RI SI 20271217 CS;SIMPLE_INSTRUMENT;BLOCK;EUR;40;2.70000000;300;EXCHANGE_LAST;;2;1;XEUR;8408414;50862;
26.02.2025;15:18:44.140;C4RI SI 20261218 CS;SIMPLE_INSTRUMENT;BLOCK;EUR;78;2.91000000;100;EXCHANGE_LAST;;1;1;XEUR;6821680;50862;
26.02.2025;15:36:27.847;C4RI SI 20261218 CS;SIMPLE_INSTRUMENT;BLOCK;EUR;84;2.91000000;100;EXCHANGE_LAST;;1;1;XEUR;6821680;50862;
26.02.2025;12:52:08.988;CBK.O.250226.STD.000005;STANDARD_OPTION_STRATEGY;BLOCK;EUR;2;5.70000000;12000;EXCHANGE_LAST;;2;2;XEUR;72058745089203742;268;
26.02.2025;12:52:08.988;CBK SI 20260619 PS AM C 20.00 0;SIMPLE_INSTRUMENT;BLOCK;EUR;2;2.83000000;12000;PRC_DECOMP_EXCHANGE;;;;XEUR;9666939;268;EXCHANGE
26.02.2025;12:52:08.988;CBK SI 20260619 PS AM P 20.00 0;SIMPLE_INSTRUMENT;BLOCK;EUR;2;2.87000000;12000;PRC_DECOMP_EXCHANGE;;;;XEUR;9666940;268;EXCHANGE
26.02.2025;12:03:00.618;CLX SI 20250516 PS AM C 36.00 0;SIMPLE_INSTRUMENT;BLOCK;EUR;10;0.97000000;3500;EXCHANGE_LAST;;1;1;XEUR;12854895;626615;
26.02.2025;12:02:44.617;CLX SI 20250516 PS AM P 28.00 0;SIMPLE_INSTRUMENT;BLOCK;EUR;14;0.17000000;3500;EXCHANGE_LAST;;1;1;XEUR;12854912;626615;
26.02.2025;12:02:29.616;CLX SI 20250516 PS AM C 40.00 0;SIMPLE_INSTRUMENT;BLOCK;EUR;15;0.15000000;3500;EXCHANGE_LAST;;1;1;XEUR;12854893;626615;
26.02.2025;12:02:14.614;CLX SI 20250516 PS AM P 32.00 0;SIMPLE_INSTRUMENT;BLOCK;EUR;16;0.70000000;3500;EXCHANGE_LAST;;1;1;XEUR;12854904;626615;
26.02.2025;16:40:58.216;CR5J SI 20250320 CS;SIMPLE_INSTRUMENT;BLOCK;EUR;114;50.92500000;500;EXCHANGE_LAST;;1;1;XEUR;10689747;50861;
26.02.2025;14:56:33.111;CRI5 SI 20260618 PS AM P 40.00 0;SIMPLE_INSTRUMENT;BLOCK;EUR;21;3.31000000;800;EXCHANGE_LAST;;1;1;XEUR;9675498;320;
26.02.2025;13:43:55.342;DAI SI 20250321 PS AM C 62.00 0;SIMPLE_INSTRUMENT;BLOCK;EUR;17;1.50000000;5000;EXCHANGE_LAST;;2;2;XEUR;12327509;443196;
26.02.2025;14:53:57.746;DAI.O.250226.STD.000015;STANDARD_OPTION_STRATEGY;BLOCK;EUR;19;8.36000000;1750;EXCHANGE_LAST;;1;2;XEUR;73961106363664249;443196;
26.02.2025;14:53:57.746;DAI SI 20250620 PS AM C 60.00 0;SIMPLE_INSTRUMENT;BLOCK;EUR;19;3.70000000;1750;PRC_DECOMP_EXCHANGE;;;;XEUR;7934293;443196;EXCHANGE
26.02.2025;14:53:57.746;DAI SI 20250620 PS AM P 60.00 0;SIMPLE_INSTRUMENT;BLOCK;EUR;19;4.66000000;1750;PRC_DECOMP_EXCHANGE;;;;XEUR;7934298;443196;EXCHANGE
26.02.2025;14:20:30.680;DAIG SI 20250321 CS;SIMPLE_INSTRUMENT;BLOCK;EUR;70;61.44260000;325;EXCHANGE_LAST;;1;1;XEUR;10734482;443203;
26.02.2025;14:37:37.823;DAIG.S.MAR25.APR25.SPD;FUTURES_SPREAD;BLOCK;EUR;74;-0.13000000;1500;EXCHANGE_LAST;;1;1;XEUR;73961136428417120;443203;
26.02.2025;14:37:37.823;DAIG SI 20250321 CS;SIMPLE_INSTRUMENT;BLOCK;EUR;74;61.25000000;1500;PRC_DECOMP_MEMBER;;;;XEUR;10734482;443203;MEMBER
26.02.2025;14:37:37.823;DAIG SI 20250417 CS;SIMPLE_INSTRUMENT;BLOCK;EUR;74;61.38000000;1500;PRC_DECOMP_MEMBER;;;;XEUR;10884414;443203;MEMBER
26.02.2025;13:01:22.637;DBK.O.250226.BR23.000016;STANDARD_OPTION_STRATEGY;BLOCK;EUR;3;-1.30000000;5250;EXCHANGE_LAST;;2;2;XEUR;72059148816160813;362;
26.02.2025;13:01:22.637;DBK SI 20251219 PS AM P 20.00 0;SIMPLE_INSTRUMENT;BLOCK;EUR;3;1.97000000;10500;PRC_DECOMP_EXCHANGE;;;;XEUR;7356551;362;EXCHANGE
26.02.2025;13:01:22.637;DBK SI 20251219 PS AM P 17.00 0;SIMPLE_INSTRUMENT;BLOCK;EUR;3;0.88000000;15750;PRC_DECOMP_EXCHANGE;;;;XEUR;12352685;362;EXCHANGE
26.02.2025;09:55:23.411;DHE SI 20251219 PS AM P 22.00 0;SIMPLE_INSTRUMENT;BLOCK;EUR;6;3.13000000;1300;EXCHANGE_LAST;;1;1;XEUR;7427776;57135;
26.02.2025;13:45:45.421;DPW SI 20250321 PS AM C 42.00 0;SIMPLE_INSTRUMENT;BLOCK;EUR;31;0.21000000;2464;EXCHANGE_LAST;;1;1;XEUR;10836806;445;
26.02.2025;13:45:29.420;DPW SI 20250321 PS AM C 42.00 0;SIMPLE_INSTRUMENT;BLOCK;EUR;32;0.22000000;2464;EXCHANGE_LAST;;1;1;XEUR;10836806;445;
26.02.2025;10:49:00.215;DTE SI 20251219 PS AM P 32.00 0;SIMPLE_INSTRUMENT;BLOCK;EUR;15;1.51000000;10000;EXCHANGE_LAST;;2;1;XEUR;7834484;424;
26.02.2025;11:11:56.114;DTE SI 20250620 PS AM P 30.00 0;SIMPLE_INSTRUMENT;BLOCK;EUR;19;0.38000000;2500;EXCHANGE_LAST;;1;1;XEUR;11356792;424;
26.02.2025;16:00:23.810;DTE SI 20251219 PS AM C 36.00 0;SIMPLE_INSTRUMENT;BLOCK;EUR;39;1.54000000;4000;EXCHANGE_LAST;;2;1;XEUR;8215292;424;
26.02.2025;09:41:27.391;E2NT SI 20251219 CS;SIMPLE_INSTRUMENT;BLOCK;EUR;8;1.01500000;1500;EXCHANGE_LAST;;1;2;XEUR;3681294;470;
26.02.2025;10:48:08.614;E2NT SI 20251219 CS;SIMPLE_INSTRUMENT;BLOCK;EUR;21;1.01500000;500;EXCHANGE_LAST;;1;1;XEUR;3681294;470;
26.02.2025;14:51:43.322;E2NT SI 20251219 CS;SIMPLE_INSTRUMENT;BLOCK;EUR;76;1.02000000;500;EXCHANGE_LAST;;1;2;XEUR;3681294;470;
26.02.2025;15:29:39.626;E2NT SI 20251219 CS;SIMPLE_INSTRUMENT;BLOCK;EUR;80;1.02000000;400;EXCHANGE_LAST;;1;1;XEUR;3681294;470;
26.02.2025;15:45:12.976;E2NT SI 20251219 CS;SIMPLE_INSTRUMENT;BLOCK;EUR;90;1.02000000;1250;EXCHANGE_LAST;;1;1;XEUR;3681294;470;
26.02.2025;09:13:01.517;ELVH SI 20250321 CS;SIMPLE_INSTRUMENT;BLOCK;EUR;3;46.50420000;500;EXCHANGE_LAST;;1;1;XEUR;10720458;47535;
26.02.2025;12:08:09.549;ENL5 SI 20250918 PS AM C 7.20 0;SIMPLE_INSTRUMENT;BLOCK;EUR;17;0.25500000;550;EXCHANGE_LAST;;1;1;XEUR;11863607;500;
26.02.2025;09:10:58.379;ENR SI 20281215 PS AM P 32.00 0;SIMPLE_INSTRUMENT;BLOCK;EUR;1;6.93000000;500;EXCHANGE_LAST;;1;1;XEUR;10971076;298530;
26.02.2025;10:45:21.423;ENR SI 20250321 PS AM C 60.00 0;SIMPLE_INSTRUMENT;BLOCK;EUR;11;1.61000000;2000;EXCHANGE_LAST;;1;1;XEUR;12193252;298530;
26.02.2025;10:45:35.408;ENR SI 20250321 PS AM C 70.00 0;SIMPLE_INSTRUMENT;BLOCK;EUR;12;0.32000000;1110;EXCHANGE_LAST;;1;1;XEUR;12573860;298530;
26.02.2025;10:45:49.169;ENR SI 20250321 PS AM C 70.00 0;SIMPLE_INSTRUMENT;BLOCK;EUR;13;0.33000000;1890;EXCHANGE_LAST;;1;1;XEUR;12573860;298530;
26.02.2025;10:54:12.209;ENR SI 20250516 PS AM C 60.00 0;SIMPLE_INSTRUMENT;BLOCK;EUR;16;4.10000000;3200;EXCHANGE_LAST;;3;3;XEUR;12848162;298530;
26.02.2025;11:15:39.799;ENR SI 20250620 PS AM C 80.00 0;SIMPLE_INSTRUMENT;BLOCK;EUR;20;1.40000000;1225;EXCHANGE_LAST;;1;1;XEUR;12327350;298530;
26.02.2025;11:19:58.482;ENR FI 20250620 PS AM C 65.0000 0;FLEXIBLE_INSTRUMENT;BLOCK;EUR;21;3.90000000;1225;EXCHANGE_LAST;;1;1;XEUR;1154203681193730885;298530;
26.02.2025;12:29:00.455;ENR SI 20250321 PS AM C 70.00 0;SIMPLE_INSTRUMENT;BLOCK;EUR;25;0.36000000;1265;EXCHANGE_LAST;;1;1;XEUR;12573860;298530;
26.02.2025;13:06:39.113;ENR SI 20251219 PS AM P 46.00 0;SIMPLE_INSTRUMENT;BLOCK;EUR;27;6.40000000;1000;EXCHANGE_LAST;;1;3;XEUR;12483995;298530;
26.02.2025;13:11:46.958;ENR SI 20251219 PS AM P 46.00 0;SIMPLE_INSTRUMENT;BLOCK;EUR;29;6.27000000;1300;EXCHANGE_LAST;;1;2;XEUR;12483995;298530;
26.02.2025;13:28:05.361;ENR SI 20251219 PS AM P 46.00 0;SIMPLE_INSTRUMENT;BLOCK;EUR;30;6.40000000;200;EXCHANGE_LAST;;1;1;XEUR;12483995;298530;
26.02.2025;15:12:34.921;ENR SI 20261218 PS AM P 40.00 0;SIMPLE_INSTRUMENT;BLOCK;EUR;34;6.73000000;200;EXCHANGE_LAST;;1;1;XEUR;9380451;298530;
26.02.2025;15:53:22.665;ENR.O.250226.BUL.000016;STANDARD_OPTION_STRATEGY;BLOCK;EUR;38;2.10000000;800;EXCHANGE_LAST;;1;2;XEUR;73339770624818112;298530;
26.02.2025;15:53:22.665;ENR SI 20250321 PS AM C 68.00 0;SIMPLE_INSTRUMENT;BLOCK;EUR;38;0.56000000;800;PRC_DECOMP_EXCHANGE;;;;XEUR;12229452;298530;EXCHANGE
26.02.2025;15:53:22.665;ENR SI 20250321 PS AM C 58.00 0;SIMPLE_INSTRUMENT;BLOCK;EUR;38;2.66000000;800;PRC_DECOMP_EXCHANGE;;;;XEUR;12193256;298530;EXCHANGE
26.02.2025;16:29:22.716;ENT5 SI 20281214 PS AM P 12.00 0;SIMPLE_INSTRUMENT;BLOCK;EUR;23;1.67000000;2500;EXCHANGE_LAST;;2;1;XEUR;10381179;497;
26.02.2025;09:21:55.529;EOA SI 20250321 PS AM C 12.00 0;SIMPLE_INSTRUMENT;BLOCK;EUR;2;0.61000000;7680;EXCHANGE_LAST;;1;1;XEUR;10867737;49065;
26.02.2025;09:32:13.565;EOA.O.250226.STG.000006;STANDARD_OPTION_STRATEGY;BLOCK;EUR;3;1.10000000;4500;EXCHANGE_LAST;;1;1;XEUR;72268326608331674;49065;
26.02.2025;09:32:13.565;EOA SI 20250919 PS AM C 13.00 0;SIMPLE_INSTRUMENT;BLOCK;EUR;3;0.45000000;4500;PRC_DECOMP_MEMBER;;;;XEUR;11908993;49065;MEMBER
26.02.2025;09:32:13.565;EOA SI 20250919 PS AM P 12.00 0;SIMPLE_INSTRUMENT;BLOCK;EUR;3;0.65000000;4500;PRC_DECOMP_MEMBER;;;;XEUR;11908975;49065;MEMBER
26.02.2025;08:37:52.346;F3IA SI 20261218 CS;SIMPLE_INSTRUMENT;BLOCK;EUR;1;0.65000000;150;EXCHANGE_LAST;;1;1;XEUR;6830373;390387;
26.02.2025;08:38:10.892;F3IA SI 20261218 CS;SIMPLE_INSTRUMENT;BLOCK;EUR;2;0.65000000;400;EXCHANGE_LAST;;1;1;XEUR;6830373;390387;
26.02.2025;10:00:15.899;F3IA SI 20261218 CS;SIMPLE_INSTRUMENT;BLOCK;EUR;13;0.69000000;1000;EXCHANGE_LAST;;1;1;XEUR;6830373;390387;
26.02.2025;10:15:28.490;F3IA SI 20261218 CS;SIMPLE_INSTRUMENT;BLOCK;EUR;14;0.69000000;270;EXCHANGE_LAST;;1;1;XEUR;6830373;390387;
26.02.2025;15:30:36.644;F3IA SI 20261218 CS;SIMPLE_INSTRUMENT;BLOCK;EUR;82;0.68000000;1350;EXCHANGE_LAST;;1;3;XEUR;6830373;390387;
26.02.2025;15:44:07.324;F3IA SI 20261218 CS;SIMPLE_INSTRUMENT;BLOCK;EUR;89;0.68000000;300;EXCHANGE_LAST;;1;1;XEUR;6830373;390387;
26.02.2025;16:32:55.699;F3IA SI 20261218 CS;SIMPLE_INSTRUMENT;BLOCK;EUR;104;0.68000000;2100;EXCHANGE_LAST;;2;3;XEUR;6830373;390387;
26.02.2025;13:04:15.184;F3TE SI 20271217 CS;SIMPLE_INSTRUMENT;BLOCK;EUR;48;0.70000000;250;EXCHANGE_LAST;;1;1;XEUR;6633916;390379;
26.02.2025;13:16:49.152;F3TE SI 20261218 CS;SIMPLE_INSTRUMENT;BLOCK;EUR;53;0.73500000;700;EXCHANGE_LAST;;1;1;XEUR;6633899;390379;
26.02.2025;17:13:08.020;FATX SI 20250321 CS;SIMPLE_INSTRUMENT;EFP_IDX;EUR;10;4233.50000000;3;EXCHANGE_LAST;;1;1;XEUR;11385582;28699;
26.02.2025;17:13:33.383;FATX SI 20250321 CS;SIMPLE_INSTRUMENT;EFP_IDX;EUR;11;4234.00000000;33;EXCHANGE_LAST;;1;1;XEUR;11385582;28699;
26.02.2025;08:53:55.563;FBTP SI 20250306 PS;SIMPLE_INSTRUMENT;EFP_FIN;EUR;1;120.27000000;873;EXCHANGE_LAST;;1;1;XEUR;11286675;636;
26.02.2025;09:13:39.059;FBTP SI 20250306 PS;SIMPLE_INSTRUMENT;EFP_FIN;EUR;2;120.29000000;1160;EXCHANGE_LAST;;1;1;XEUR;11286675;636;
26.02.2025;09:23:39.383;FBTP SI 20250306 PS;SIMPLE_INSTRUMENT;EFP_FIN;EUR;3;120.20000000;448;EXCHANGE_LAST;;1;1;XEUR;11286675;636;
26.02.2025;09:35:21.787;FBTP SI 20250306 PS;SIMPLE_INSTRUMENT;EFP_FIN;EUR;4;120.31000000;895;EXCHANGE_LAST;;1;1;XEUR;11286675;636;
26.02.2025;09:47:25.562;FBTP SI 20250306 PS;SIMPLE_INSTRUMENT;EFP_FIN;EUR;5;120.29000000;476;EXCHANGE_LAST;;1;1;XEUR;11286675;636;
26.02.2025;09:56:23.851;FBTP SI 20250306 PS;SIMPLE_INSTRUMENT;EFP_FIN;EUR;6;120.28000000;281;EXCHANGE_LAST;;1;1;XEUR;11286675;636;
26.02.2025;10:04:56.371;FBTP SI 20250306 PS;SIMPLE_INSTRUMENT;BLOCK;EUR;7;120.28000000;797;EXCHANGE_LAST;;1;1;XEUR;11286675;636;
26.02.2025;10:31:19.883;FBTP SI 20250606 PS;SIMPLE_INSTRUMENT;EFP_FIN;EUR;8;120.00000000;884;EXCHANGE_LAST;;1;1;XEUR;11820365;636;
26.02.2025;10:53:39.198;FBTP SI 20250306 PS;SIMPLE_INSTRUMENT;EFP_FIN;EUR;9;120.39000000;299;EXCHANGE_LAST;;1;1;XEUR;11286675;636;
26.02.2025;10:58:31.673;FBTP SI 20250306 PS;SIMPLE_INSTRUMENT;EFP_FIN;EUR;10;120.37000000;140;EXCHANGE_LAST;;1;1;XEUR;11286675;636;
26.02.2025;11:02:06.920;FBTP SI 20250306 PS;SIMPLE_INSTRUMENT;EFP_FIN;EUR;11;120.36000000;933;EXCHANGE_LAST;;1;1;XEUR;11286675;636;
26.02.2025;11:21:02.906;FBTP SI 20250306 PS;SIMPLE_INSTRUMENT;EFP_FIN;EUR;12;120.38000000;102;EXCHANGE_LAST;;1;1;XEUR;11286675;636;
26.02.2025;11:23:17.843;FBTP SI 20250306 PS;SIMPLE_INSTRUMENT;EFP_FIN;EUR;13;120.35000000;2877;EXCHANGE_LAST;;1;1;XEUR;11286675;636;
26.02.2025;11:36:01.059;FBTP SI 20250606 PS;SIMPLE_INSTRUMENT;BLOCK;EUR;14;120.00000000;884;EXCHANGE_LAST;;1;1;XEUR;11820365;636;
26.02.2025;11:57:03.805;FBTP SI 20250306 PS;SIMPLE_INSTRUMENT;EFP_FIN;EUR;15;120.35000000;191;EXCHANGE_LAST;;1;1;XEUR;11286675;636;
26.02.2025;12:06:32.368;FBTP SI 20250306 PS;SIMPLE_INSTRUMENT;EFP_FIN;EUR;16;120.34000000;144;EXCHANGE_LAST;;1;1;XEUR;11286675;636;
26.02.2025;12:06:32.368;FBTP SI 20250306 PS;SIMPLE_INSTRUMENT;EFP_FIN;EUR;17;120.36000000;1101;EXCHANGE_LAST;;1;1;XEUR;11286675;636;
26.02.2025;12:09:51.330;FBTP SI 20250306 PS;SIMPLE_INSTRUMENT;EFP_FIN;EUR;18;120.34000000;191;EXCHANGE_LAST;;1;1;XEUR;11286675;636;
26.02.2025;12:32:32.288;FBTP SI 20250306 PS;SIMPLE_INSTRUMENT;EFP_FIN;EUR;19;120.33000000;101;EXCHANGE_LAST;;1;1;XEUR;11286675;636;
26.02.2025;13:28:57.189;FBTP SI 20250306 PS;SIMPLE_INSTRUMENT;EFP_FIN;EUR;20;120.46000000;2291;EXCHANGE_LAST;;1;1;XEUR;11286675;636;
26.02.2025;13:29:26.319;FBTP SI 20250306 PS;SIMPLE_INSTRUMENT;EFP_FIN;EUR;21;120.34000000;124;EXCHANGE_LAST;;1;1;XEUR;11286675;636;
26.02.2025;13:29:26.319;FBTP SI 20250306 PS;SIMPLE_INSTRUMENT;EFP_FIN;EUR;22;120.34000000;163;EXCHANGE_LAST;;1;1;XEUR;11286675;636;
26.02.2025;13:34:15.035;FBTP SI 20250306 PS;SIMPLE_INSTRUMENT;BLOCK;EUR;23;120.50000000;748;EXCHANGE_LAST;;1;1;XEUR;11286675;636;
26.02.2025;13:50:23.197;FBTP SI 20250606 PS;SIMPLE_INSTRUMENT;EFP_FIN;EUR;24;120.06000000;1326;EXCHANGE_LAST;;1;1;XEUR;11820365;636;
26.02.2025;14:13:29.465;FBTP SI 20250306 PS;SIMPLE_INSTRUMENT;EFP_FIN;EUR;25;120.41000000;448;EXCHANGE_LAST;;1;1;XEUR;11286675;636;
26.02.2025;14:45:42.250;FBTP SI 20250306 PS;SIMPLE_INSTRUMENT;EFP_FIN;EUR;26;120.40000000;83;EXCHANGE_LAST;;1;1;XEUR;11286675;636;
26.02.2025;14:48:23.258;FBTP SI 20250606 PS;SIMPLE_INSTRUMENT;BLOCK;EUR;27;120.04000000;1327;EXCHANGE_LAST;;1;1;XEUR;11820365;636;
26.02.2025;15:02:40.540;FBTP SI 20250306 PS;SIMPLE_INSTRUMENT;EFP_FIN;EUR;28;120.42000000;170;EXCHANGE_LAST;;1;1;XEUR;11286675;636;
26.02.2025;15:33:55.261;FBTP SI 20250306 PS;SIMPLE_INSTRUMENT;EFP_FIN;EUR;29;120.31000000;895;EXCHANGE_LAST;;1;1;XEUR;11286675;636;
26.02.2025;15:41:10.927;FBTP SI 20250306 PS;SIMPLE_INSTRUMENT;EFP_FIN;EUR;30;120.31000000;1428;EXCHANGE_LAST;;1;1;XEUR;11286675;636;
26.02.2025;16:14:49.996;FBTP SI 20250306 PS;SIMPLE_INSTRUMENT;EFP_FIN;EUR;31;120.37000000;230;EXCHANGE_LAST;;1;1;XEUR;11286675;636;
26.02.2025;16:19:25.556;FBTP SI 20250306 PS;SIMPLE_INSTRUMENT;EFP_FIN;EUR;32;120.33000000;86;EXCHANGE_LAST;;1;1;XEUR;11286675;636;
26.02.2025;16:19:45.640;FBTP SI 20250306 PS;SIMPLE_INSTRUMENT;EFP_FIN;EUR;33;120.33000000;940;EXCHANGE_LAST;;1;1;XEUR;11286675;636;
26.02.2025;16:27:33.665;FBTP SI 20250306 PS;SIMPLE_INSTRUMENT;EFP_FIN;EUR;34;120.37000000;691;EXCHANGE_LAST;;1;1;XEUR;11286675;636;
26.02.2025;16:39:10.704;FBTP SI 20250306 PS;SIMPLE_INSTRUMENT;EFP_FIN;EUR;35;120.39000000;173;EXCHANGE_LAST;;1;1;XEUR;11286675;636;
26.02.2025;09:32:29.142;FBTS SI 20250306 PS;SIMPLE_INSTRUMENT;BLOCK;EUR;6;107.52000000;1080;EXCHANGE_LAST;;1;1;XEUR;11286677;639;
26.02.2025;10:29:15.189;FBTS SI 20250306 PS;SIMPLE_INSTRUMENT;EFP_FIN;EUR;12;107.55000000;158;EXCHANGE_LAST;;1;1;XEUR;11286677;639;
26.02.2025;10:32:03.964;FBTS SI 20250306 PS;SIMPLE_INSTRUMENT;EFP_FIN;EUR;13;107.56000000;490;EXCHANGE_LAST;;1;1;XEUR;11286677;639;
26.02.2025;10:38:35.381;FBTS SI 20250606 PS;SIMPLE_INSTRUMENT;EFP_FIN;EUR;15;107.35000000;238;EXCHANGE_LAST;;1;1;XEUR;11820367;639;
26.02.2025;10:39:45.382;FBTS SI 20250606 PS;SIMPLE_INSTRUMENT;EFP_FIN;EUR;16;107.35000000;476;EXCHANGE_LAST;;1;1;XEUR;11820367;639;
26.02.2025;10:45:29.548;FBTS SI 20250306 PS;SIMPLE_INSTRUMENT;BLOCK;EUR;17;107.56000000;1007;EXCHANGE_LAST;;1;1;XEUR;11286677;639;
26.02.2025;10:44:11.651;FBTS SI 20250606 PS;SIMPLE_INSTRUMENT;EFP_FIN;EUR;18;107.35000000;2380;EXCHANGE_LAST;;1;1;XEUR;11820367;639;
26.02.2025;10:47:54.387;FBTS SI 20250306 PS;SIMPLE_INSTRUMENT;EFP_FIN;EUR;19;107.56000000;524;EXCHANGE_LAST;;1;1;XEUR;11286677;639;
26.02.2025;10:49:37.374;FBTS SI 20250606 PS;SIMPLE_INSTRUMENT;EFP_FIN;EUR;20;107.35000000;476;EXCHANGE_LAST;;1;1;XEUR;11820367;639;
26.02.2025;10:50:38.127;FBTS SI 20250606 PS;SIMPLE_INSTRUMENT;EFP_FIN;EUR;21;107.35000000;476;EXCHANGE_LAST;;1;1;XEUR;11820367;639;
26.02.2025;11:38:31.595;FBTS SI 20250606 PS;SIMPLE_INSTRUMENT;BLOCK;EUR;27;107.35000000;847;EXCHANGE_LAST;;1;1;XEUR;11820367;639;
26.02.2025;11:58:36.571;FBTS SI 20250306 PS;SIMPLE_INSTRUMENT;BLOCK;EUR;28;107.56000000;450;EXCHANGE_LAST;;1;1;XEUR;11286677;639;
26.02.2025;12:15:47.916;FBTS SI 20250606 PS;SIMPLE_INSTRUMENT;BLOCK;EUR;30;107.35000000;476;EXCHANGE_LAST;;1;1;XEUR;11820367;639;
26.02.2025;12:24:44.648;FBTS SI 20250306 PS;SIMPLE_INSTRUMENT;EFP_FIN;EUR;33;107.56000000;50;EXCHANGE_LAST;;1;1;XEUR;11286677;639;
26.02.2025;12:27:59.176;FBTS SI 20250306 PS;SIMPLE_INSTRUMENT;BLOCK;EUR;34;107.56000000;264;EXCHANGE_LAST;;1;1;XEUR;11286677;639;
26.02.2025;13:10:51.980;FBTS SI 20250306 PS;SIMPLE_INSTRUMENT;EFP_FIN;EUR;35;107.58000000;874;EXCHANGE_LAST;;1;1;XEUR;11286677;639;
26.02.2025;13:20:10.008;FBTS SI 20250306 PS;SIMPLE_INSTRUMENT;EFP_FIN;EUR;36;107.57000000;624;EXCHANGE_LAST;;1;1;XEUR;11286677;639;
26.02.2025;13:22:16.416;FBTS SI 20250306 PS;SIMPLE_INSTRUMENT;EFP_FIN;EUR;37;107.59000000;176;EXCHANGE_LAST;;1;1;XEUR;11286677;639;
26.02.2025;13:22:36.544;FBTS SI 20250306 PS;SIMPLE_INSTRUMENT;EFP_FIN;EUR;38;107.59000000;220;EXCHANGE_LAST;;1;1;XEUR;11286677;639;
26.02.2025;14:01:02.129;FBTS SI 20250306 PS;SIMPLE_INSTRUMENT;EFP_FIN;EUR;39;107.57000000;981;EXCHANGE_LAST;;1;1;XEUR;11286677;639;
26.02.2025;14:06:37.602;FBTS SI 20250306 PS;SIMPLE_INSTRUMENT;EFP_FIN;EUR;40;107.57000000;176;EXCHANGE_LAST;;1;1;XEUR;11286677;639;
26.02.2025;14:49:24.913;FBTS SI 20250306 PS;SIMPLE_INSTRUMENT;BLOCK;EUR;44;107.56000000;441;EXCHANGE_LAST;;1;1;XEUR;11286677;639;
26.02.2025;15:08:07.457;FBTS SI 20250306 PS;SIMPLE_INSTRUMENT;EFP_FIN;EUR;45;107.55000000;615;EXCHANGE_LAST;;1;1;XEUR;11286677;639;
26.02.2025;15:12:48.124;FBTS SI 20250306 PS;SIMPLE_INSTRUMENT;BLOCK;EUR;46;107.55000000;616;EXCHANGE_LAST;;1;1;XEUR;11286677;639;
26.02.2025;15:41:12.483;FBTS SI 20250306 PS;SIMPLE_INSTRUMENT;BLOCK;EUR;49;107.56000000;454;EXCHANGE_LAST;;1;1;XEUR;11286677;639;
26.02.2025;15:56:55.103;FBTS SI 20250606 PS;SIMPLE_INSTRUMENT;EFP_FIN;EUR;51;107.39000000;952;EXCHANGE_LAST;;1;1;XEUR;11820367;639;
26.02.2025;15:58:07.301;FBTS SI 20250306 PS;SIMPLE_INSTRUMENT;EFP_FIN;EUR;52;107.55000000;454;EXCHANGE_LAST;;1;1;XEUR;11286677;639;
26.02.2025;15:59:34.016;FBTS SI 20250306 PS;SIMPLE_INSTRUMENT;BLOCK;EUR;53;107.55000000;527;EXCHANGE_LAST;;1;1;XEUR;11286677;639;
26.02.2025;16:00:21.094;FBTS SI 20250306 PS;SIMPLE_INSTRUMENT;BLOCK;EUR;54;107.55000000;454;EXCHANGE_LAST;;1;1;XEUR;11286677;639;
26.02.2025;16:01:09.350;FBTS SI 20250306 PS;SIMPLE_INSTRUMENT;BLOCK;EUR;55;107.55000000;988;EXCHANGE_LAST;;1;1;XEUR;11286677;639;
26.02.2025;16:08:03.329;FBTS SI 20250306 PS;SIMPLE_INSTRUMENT;EFP_FIN;EUR;56;107.55000000;988;EXCHANGE_LAST;;1;1;XEUR;11286677;639;
26.02.2025;16:11:25.667;FBTS SI 20250306 PS;SIMPLE_INSTRUMENT;EFP_FIN;EUR;57;107.57000000;173;EXCHANGE_LAST;;1;1;XEUR;11286677;639;
26.02.2025;16:18:33.541;FBTS SI 20250306 PS;SIMPLE_INSTRUMENT;BLOCK;EUR;59;107.56000000;455;EXCHANGE_LAST;;1;1;XEUR;11286677;639;
26.02.2025;17:07:20.523;FBTS SI 20250306 PS;SIMPLE_INSTRUMENT;EFP_FIN;EUR;61;107.57000000;308;EXCHANGE_LAST;;1;1;XEUR;11286677;639;
26.02.2025;15:58:13.507;FCBU SI 20250402 CS;SIMPLE_INSTRUMENT;BLOCK;USD;3;0.17210000;250;EXCHANGE_LAST;;1;1;XEUR;10984561;570870;
26.02.2025;10:13:15.423;FCNS SI 20250317 PS;SIMPLE_INSTRUMENT;EFP_IDX;SEK;1;0.95207000;166;EXCHANGE_LAST;;1;1;XEUR;9136391;402911;
26.02.2025;10:13:15.936;FCNS SI 20250317 PS;SIMPLE_INSTRUMENT;EFP_IDX;SEK;2;0.95208000;449;EXCHANGE_LAST;;1;1;XEUR;9136391;402911;
26.02.2025;16:16:29.219;FCNS SI 20250317 PS;SIMPLE_INSTRUMENT;EFP_IDX;SEK;4;0.95284000;38;EXCHANGE_LAST;;1;1;XEUR;9136391;402911;
26.02.2025;16:16:29.930;FCNS SI 20250317 PS;SIMPLE_INSTRUMENT;EFP_IDX;SEK;5;0.95285000;175;EXCHANGE_LAST;;1;1;XEUR;9136391;402911;
26.02.2025;17:50:52.213;FCNS SI 20250317 PS;SIMPLE_INSTRUMENT;EFP_IDX;SEK;6;0.95252000;161;EXCHANGE_LAST;;1;1;XEUR;9136391;402911;
26.02.2025;17:50:52.750;FCNS SI 20250317 PS;SIMPLE_INSTRUMENT;EFP_IDX;SEK;7;0.95253000;112;EXCHANGE_LAST;;1;1;XEUR;9136391;402911;
26.02.2025;19:26:06.648;FCNS SI 20250317 PS;SIMPLE_INSTRUMENT;EFP_IDX;SEK;8;0.95379000;3;EXCHANGE_LAST;;1;1;XEUR;9136391;402911;
26.02.2025;19:26:07.228;FCNS SI 20250317 PS;SIMPLE_INSTRUMENT;EFP_IDX;SEK;9;0.95380000;17;EXCHANGE_LAST;;1;1;XEUR;9136391;402911;
26.02.2025;21:56:38.458;FCNS SI 20250317 PS;SIMPLE_INSTRUMENT;EFP_IDX;SEK;10;0.95381000;83;EXCHANGE_LAST;;1;1;XEUR;9136391;402911;
26.02.2025;16:51:16.817;FDAX SI 20250321 CS;SIMPLE_INSTRUMENT;EFP_IDX;EUR;1;22839.00000000;38;EXCHANGE_LAST;;1;1;XEUR;7561255;589;
26.02.2025;16:51:24.518;FDAX SI 20250321 CS;SIMPLE_INSTRUMENT;EFP_IDX;EUR;2;22840.00000000;22;EXCHANGE_LAST;;1;1;XEUR;7561255;589;
26.02.2025;16:51:35.425;FDAX SI 20250321 CS;SIMPLE_INSTRUMENT;EFP_IDX;EUR;3;22839.00000000;16;EXCHANGE_LAST;;1;1;XEUR;7561255;589;
26.02.2025;16:51:43.440;FDAX SI 20250321 CS;SIMPLE_INSTRUMENT;EFP_IDX;EUR;4;22840.00000000;9;EXCHANGE_LAST;;1;1;XEUR;7561255;589;
26.02.2025;09:36:58.603;FDAX SI 20250321 CS;SIMPLE_INSTRUMENT;VOLA;EUR;671088644;22709.00000000;43;EXCHANGE_LAST;;1;1;XEUR;7561255;589;
26.02.2025;14:01:24.989;FDAX SI 20250321 CS;SIMPLE_INSTRUMENT;VOLA;EUR;671088659;22840.00000000;19;EXCHANGE_LAST;;1;1;XEUR;7561255;589;
26.02.2025;15:23:00.000;FDAX SI 20250321 CS;SIMPLE_INSTRUMENT;VOLA;EUR;671088662;22750.00000000;3;EXCHANGE_LAST;;1;1;XEUR;7561255;589;
26.02.2025;16:08:12.306;FDAX SI 20250321 CS;SIMPLE_INSTRUMENT;VOLA;EUR;671088664;22825.00000000;30;EXCHANGE_LAST;;1;1;XEUR;7561255;589;
26.02.2025;14:12:57.934;FEBD.S.DEC26.DEC27.SPD;FUTURES_SPREAD;BLOCK;EUR;20;0.72000000;250;EXCHANGE_LAST;;1;1;XEUR;72060158133407009;597;
26.02.2025;14:12:57.934;FEBD SI 20271217 CS;SIMPLE_INSTRUMENT;BLOCK;EUR;20;9.83000000;250;PRC_DECOMP_MEMBER;;;;XEUR;7776307;597;MEMBER
26.02.2025;14:12:57.934;FEBD SI 20261218 CS;SIMPLE_INSTRUMENT;BLOCK;EUR;20;10.55000000;250;PRC_DECOMP_MEMBER;;;;XEUR;7158212;597;MEMBER
26.02.2025;14:35:30.252;FEBD SI 20261218 CS;SIMPLE_INSTRUMENT;BLOCK;EUR;21;10.54000000;250;EXCHANGE_LAST;;1;1;XEUR;7158212;597;
26.02.2025;15:32:27.627;FEBD SI 20271217 CS;SIMPLE_INSTRUMENT;BLOCK;EUR;28;9.84000000;250;EXCHANGE_LAST;;1;1;XEUR;7776307;597;
26.02.2025;16:29:51.390;FEBD SI 20281215 CS;SIMPLE_INSTRUMENT;BLOCK;EUR;39;9.11000000;250;EXCHANGE_LAST;;1;1;XEUR;7776305;597;
26.02.2025;16:28:37.897;FEBD SI 20281215 CS;SIMPLE_INSTRUMENT;BLOCK;EUR;40;9.11000000;150;EXCHANGE_LAST;;1;1;XEUR;7776305;597;
26.02.2025;16:12:26.281;FEDV SI 20250321 CS;SIMPLE_INSTRUMENT;BLOCK;EUR;35;1846.00000000;300;EXCHANGE_LAST;;1;1;XEUR;11359068;596;
26.02.2025;16:35:51.805;FEDV SI 20250321 CS;SIMPLE_INSTRUMENT;BLOCK;EUR;41;1849.00000000;1000;EXCHANGE_LAST;;1;1;XEUR;11359068;596;
26.02.2025;16:45:25.406;FEDV SI 20250321 CS;SIMPLE_INSTRUMENT;BLOCK;EUR;45;1849.00000000;2000;EXCHANGE_LAST;;1;1;XEUR;11359068;596;
26.02.2025;16:55:46.913;FEDV SI 20250321 CS;SIMPLE_INSTRUMENT;BLOCK;EUR;52;1851.00000000;520;EXCHANGE_LAST;;1;1;XEUR;11359068;596;
26.02.2025;16:56:08.249;FEDV SI 20250321 CS;SIMPLE_INSTRUMENT;BLOCK;EUR;53;1849.50000000;980;EXCHANGE_LAST;;1;1;XEUR;11359068;596;
26.02.2025;16:48:22.950;FESB SI 20250321 CS;SIMPLE_INSTRUMENT;BLOCK;EUR;36;184.30000000;1651;EXCHANGE_LAST;;1;1;XEUR;11359072;605;
26.02.2025;16:48:31.951;FESB SI 20250321 CS;SIMPLE_INSTRUMENT;BLOCK;EUR;37;184.50000000;1876;EXCHANGE_LAST;;1;1;XEUR;11359072;605;
26.02.2025;11:27:05.501;FESB SI 20250321 CS;SIMPLE_INSTRUMENT;VOLA;EUR;603979800;182.50000000;210;EXCHANGE_LAST;;1;1;XEUR;11359072;605;
26.02.2025;14:19:31.641;FESO SI 20250321 CS;SIMPLE_INSTRUMENT;VOLA;EUR;603979824;479.60000000;40;EXCHANGE_LAST;;1;1;XEUR;11359566;677;
26.02.2025;15:26:24.554;FESX SI 20250321 CS;SIMPLE_INSTRUMENT;EFP_IDX;EUR;2;5520.00000000;1500;EXCHANGE_LAST;;1;1;XEUR;7793482;675;
26.02.2025;16:05:38.487;FESX SI 20250321 CS;SIMPLE_INSTRUMENT;BLOCK;EUR;3;5525.00000000;10000;EXCHANGE_LAST;;1;1;XEUR;7793482;675;
26.02.2025;16:19:26.169;FESX SI 20250321 CS;SIMPLE_INSTRUMENT;BLOCK;EUR;4;5525.00000000;2388;EXCHANGE_LAST;;1;1;XEUR;7793482;675;
26.02.2025;16:40:35.901;FESX SI 20250321 CS;SIMPLE_INSTRUMENT;EFP_IDX;EUR;5;5535.00000000;380;EXCHANGE_LAST;;1;1;XEUR;7793482;675;
26.02.2025;16:40:42.974;FESX SI 20250321 CS;SIMPLE_INSTRUMENT;EFP_IDX;EUR;6;5536.00000000;120;EXCHANGE_LAST;;1;1;XEUR;7793482;675;
26.02.2025;16:45:58.069;FESX SI 20250321 CS;SIMPLE_INSTRUMENT;EFP_IDX;EUR;7;5535.00000000;127;EXCHANGE_LAST;;1;1;XEUR;7793482;675;
26.02.2025;16:46:14.486;FESX SI 20250321 CS;SIMPLE_INSTRUMENT;EFP_IDX;EUR;8;5536.00000000;73;EXCHANGE_LAST;;1;1;XEUR;7793482;675;
26.02.2025;16:45:39.342;FESX SI 20250321 CS;SIMPLE_INSTRUMENT;EFP_IDX;EUR;9;5535.00000000;95;EXCHANGE_LAST;;1;1;XEUR;7793482;675;
26.02.2025;16:45:59.929;FESX SI 20250321 CS;SIMPLE_INSTRUMENT;EFP_IDX;EUR;10;5536.00000000;55;EXCHANGE_LAST;;1;1;XEUR;7793482;675;
26.02.2025;16:48:02.729;FESX SI 20250321 CS;SIMPLE_INSTRUMENT;EFP_IDX;EUR;11;5535.00000000;135;EXCHANGE_LAST;;1;1;XEUR;7793482;675;
26.02.2025;16:47:52.324;FESX SI 20250321 CS;SIMPLE_INSTRUMENT;EFP_IDX;EUR;12;5536.00000000;215;EXCHANGE_LAST;;1;1;XEUR;7793482;675;
26.02.2025;16:49:59.892;FESX SI 20250321 CS;SIMPLE_INSTRUMENT;BLOCK;EUR;13;5535.00000000;3000;EXCHANGE_LAST;;1;1;XEUR;7793482;675;
26.02.2025;16:58:41.305;FESX SI 20250321 CS;SIMPLE_INSTRUMENT;EFP_IDX;EUR;14;5535.00000000;318;EXCHANGE_LAST;;1;1;XEUR;7793482;675;
26.02.2025;17:01:28.213;FESX SI 20250321 CS;SIMPLE_INSTRUMENT;EFP_IDX;EUR;15;5535.00000000;63;EXCHANGE_LAST;;1;1;XEUR;7793482;675;
26.02.2025;17:02:05.649;FESX SI 20250321 CS;SIMPLE_INSTRUMENT;EFP_IDX;EUR;16;5535.00000000;96;EXCHANGE_LAST;;1;1;XEUR;7793482;675;
26.02.2025;17:00:46.578;FESX SI 20250321 CS;SIMPLE_INSTRUMENT;EFP_IDX;EUR;17;5536.00000000;182;EXCHANGE_LAST;;1;1;XEUR;7793482;675;
26.02.2025;17:02:06.493;FESX SI 20250321 CS;SIMPLE_INSTRUMENT;EFP_IDX;EUR;18;5536.00000000;37;EXCHANGE_LAST;;1;1;XEUR;7793482;675;
26.02.2025;17:02:45.844;FESX SI 20250321 CS;SIMPLE_INSTRUMENT;EFP_IDX;EUR;19;5536.00000000;54;EXCHANGE_LAST;;1;1;XEUR;7793482;675;
26.02.2025;08:58:28.380;FESX SI 20250321 CS;SIMPLE_INSTRUMENT;VOLA;EUR;637534217;5492.00000000;133;EXCHANGE_LAST;;1;1;XEUR;7793482;675;
26.02.2025;09:18:57.260;FESX SI 20250321 CS;SIMPLE_INSTRUMENT;VOLA;EUR;637534227;5498.00000000;38;EXCHANGE_LAST;;1;1;XEUR;7793482;675;
26.02.2025;09:24:51.652;FESX SI 20250321 CS;SIMPLE_INSTRUMENT;VOLA;EUR;637534232;5505.00000000;240;EXCHANGE_LAST;;1;1;XEUR;7793482;675;
26.02.2025;09:49:52.856;FESX SI 20250321 CS;SIMPLE_INSTRUMENT;VOLA;EUR;637534248;5510.00000000;330;EXCHANGE_LAST;;1;1;XEUR;7793482;675;
26.02.2025;10:23:14.858;FESX SI 20250321 CS;SIMPLE_INSTRUMENT;VOLA;EUR;637534265;5519.00000000;312;EXCHANGE_LAST;;1;1;XEUR;7793482;675;
26.02.2025;10:53:15.097;FESX SI 20250321 CS;SIMPLE_INSTRUMENT;VOLA;EUR;637534280;5490.00000000;110;EXCHANGE_LAST;;1;1;XEUR;7793482;675;
26.02.2025;11:28:16.364;FESX SI 20250321 CS;SIMPLE_INSTRUMENT;VOLA;EUR;637534288;5518.00000000;309;EXCHANGE_LAST;;1;1;XEUR;7793482;675;
26.02.2025;11:59:22.903;FESX SI 20250321 CS;SIMPLE_INSTRUMENT;VOLA;EUR;637534299;5530.00000000;160;EXCHANGE_LAST;;1;1;XEUR;7793482;675;
26.02.2025;12:14:32.391;FESX SI 20250321 CS;SIMPLE_INSTRUMENT;VOLA;EUR;637534312;5519.00000000;75;EXCHANGE_LAST;;1;1;XEUR;7793482;675;
26.02.2025;12:51:46.851;FESX SI 20250321 CS;SIMPLE_INSTRUMENT;VOLA;EUR;637534324;5535.00000000;615;EXCHANGE_LAST;;1;1;XEUR;7793482;675;
26.02.2025;13:10:51.358;FESX SI 20250321 CS;SIMPLE_INSTRUMENT;VOLA;EUR;637534334;5532.00000000;1250;EXCHANGE_LAST;;1;1;XEUR;7793482;675;
26.02.2025;13:11:38.256;FESX SI 20250321 CS;SIMPLE_INSTRUMENT;VOLA;EUR;637534335;5532.00000000;1274;EXCHANGE_LAST;;1;1;XEUR;7793482;675;
26.02.2025;13:22:26.219;FESX SI 20250321 CS;SIMPLE_INSTRUMENT;VOLA;EUR;637534338;5532.00000000;1400;EXCHANGE_LAST;;1;1;XEUR;7793482;675;
26.02.2025;13:26:51.971;FESX SI 20250321 CS;SIMPLE_INSTRUMENT;VOLA;EUR;637534344;5500.00000000;230;EXCHANGE_LAST;;1;1;XEUR;7793482;675;
26.02.2025;14:44:26.880;FESX SI 20250321 CS;SIMPLE_INSTRUMENT;VOLA;EUR;637534364;5510.00000000;234;EXCHANGE_LAST;;1;1;XEUR;7793482;675;
26.02.2025;15:08:27.790;FESX SI 20250321 CS;SIMPLE_INSTRUMENT;VOLA;EUR;637534376;5515.00000000;90;EXCHANGE_LAST;;1;1;XEUR;7793482;675;
26.02.2025;15:17:36.746;FESX SI 20250321 CS;SIMPLE_INSTRUMENT;VOLA;EUR;637534381;5505.00000000;10;EXCHANGE_LAST;;1;1;XEUR;7793482;675;
26.02.2025;15:54:00.190;FESX SI 20250321 CS;SIMPLE_INSTRUMENT;VOLA;EUR;637534394;5525.00000000;30;EXCHANGE_LAST;;1;1;XEUR;7793482;675;
26.02.2025;16:02:36.848;FESX SI 20250321 CS;SIMPLE_INSTRUMENT;VOLA;EUR;637534397;5523.00000000;260;EXCHANGE_LAST;;1;1;XEUR;7793482;675;
26.02.2025;16:07:16.460;FESX SI 20250321 CS;SIMPLE_INSTRUMENT;VOLA;EUR;637534401;5520.00000000;160;EXCHANGE_LAST;;1;1;XEUR;7793482;675;
26.02.2025;16:40:51.386;FESX SI 20250321 CS;SIMPLE_INSTRUMENT;VOLA;EUR;637534426;5525.00000000;1660;EXCHANGE_LAST;;1;1;XEUR;7793482;675;
26.02.2025;08:15:19.784;FEXD SI 20281215 CS;SIMPLE_INSTRUMENT;BLOCK;EUR;1;149.50000000;1000;EXCHANGE_LAST;;1;1;XEUR;3680985;693;
26.02.2025;08:50:54.883;FEXD.S.DEC26.DEC27.SPD;FUTURES_SPREAD;BLOCK;EUR;2;5.00000000;1500;EXCHANGE_LAST;;1;2;XEUR;72060570450264153;693;
26.02.2025;08:50:54.883;FEXD SI 20261218 CS;SIMPLE_INSTRUMENT;BLOCK;EUR;2;159.00000000;1500;PRC_DECOMP_MEMBER;;;;XEUR;2163053;693;MEMBER
26.02.2025;08:50:54.883;FEXD SI 20271217 CS;SIMPLE_INSTRUMENT;BLOCK;EUR;2;154.00000000;1500;PRC_DECOMP_MEMBER;;;;XEUR;2848338;693;MEMBER
26.02.2025;10:20:39.250;FEXD SI 20261218 CS;SIMPLE_INSTRUMENT;BLOCK;EUR;6;159.20000000;500;EXCHANGE_LAST;;1;1;XEUR;2163053;693;
26.02.2025;11:39:36.246;FEXD SI 20261218 CS;SIMPLE_INSTRUMENT;BLOCK;EUR;13;159.40000000;650;EXCHANGE_LAST;;1;1;XEUR;2163053;693;
26.02.2025;13:58:50.982;FEXD SI 20271217 CS;SIMPLE_INSTRUMENT;BLOCK;EUR;19;154.40000000;900;EXCHANGE_LAST;;1;1;XEUR;2848338;693;
26.02.2025;14:55:24.870;FEXD SI 20281215 CS;SIMPLE_INSTRUMENT;BLOCK;EUR;23;149.60000000;850;EXCHANGE_LAST;;2;1;XEUR;3680985;693;
26.02.2025;16:12:03.001;FEXD SI 20251219 CS;SIMPLE_INSTRUMENT;BLOCK;EUR;33;166.20000000;375;EXCHANGE_LAST;;1;1;XEUR;1548120;693;
26.02.2025;16:12:05.866;FEXD SI 20251219 CS;SIMPLE_INSTRUMENT;BLOCK;EUR;34;166.50000000;375;EXCHANGE_LAST;;1;1;XEUR;1548120;693;
26.02.2025;08:32:34.509;FGBL SI 20250306 PS;SIMPLE_INSTRUMENT;EFS;EUR;1;132.40000000;1886;EXCHANGE_LAST;;1;1;XEUR;11286679;688;
26.02.2025;08:34:11.122;FGBL SI 20250306 PS;SIMPLE_INSTRUMENT;EFS;EUR;2;132.42000000;418;EXCHANGE_LAST;;1;1;XEUR;11286679;688;
26.02.2025;08:34:59.408;FGBL SI 20250306 PS;SIMPLE_INSTRUMENT;EFS;EUR;3;132.44000000;418;EXCHANGE_LAST;;1;1;XEUR;11286679;688;
26.02.2025;08:35:56.609;FGBL SI 20250306 PS;SIMPLE_INSTRUMENT;EFS;EUR;4;132.43000000;418;EXCHANGE_LAST;;1;1;XEUR;11286679;688;
26.02.2025;08:36:00.292;FGBL SI 20250306 PS;SIMPLE_INSTRUMENT;EFS;EUR;5;132.43000000;293;EXCHANGE_LAST;;1;1;XEUR;11286679;688;
26.02.2025;08:37:02.731;FGBL SI 20250306 PS;SIMPLE_INSTRUMENT;EFS;EUR;6;132.43000000;125;EXCHANGE_LAST;;1;1;XEUR;11286679;688;
26.02.2025;08:37:47.147;FGBL SI 20250306 PS;SIMPLE_INSTRUMENT;EFS;EUR;7;132.44000000;418;EXCHANGE_LAST;;1;1;XEUR;11286679;688;
26.02.2025;08:37:57.273;FGBL SI 20250306 PS;SIMPLE_INSTRUMENT;EFP_FIN;EUR;8;132.40000000;89;EXCHANGE_LAST;;1;1;XEUR;11286679;688;
26.02.2025;08:39:46.199;FGBL SI 20250306 PS;SIMPLE_INSTRUMENT;EFP_FIN;EUR;9;132.42000000;212;EXCHANGE_LAST;;1;1;XEUR;11286679;688;
26.02.2025;08:42:44.259;FGBL SI 20250606 PS;SIMPLE_INSTRUMENT;EFS;EUR;10;131.54000000;487;EXCHANGE_LAST;;1;1;XEUR;11820389;688;
26.02.2025;08:56:43.079;FGBL SI 20250306 PS;SIMPLE_INSTRUMENT;EFP_FIN;EUR;11;132.66000000;704;EXCHANGE_LAST;;1;1;XEUR;11286679;688;
26.02.2025;09:00:09.845;FGBL SI 20250306 PS;SIMPLE_INSTRUMENT;EFS;EUR;12;132.66000000;200;EXCHANGE_LAST;;1;1;XEUR;11286679;688;
26.02.2025;09:03:35.152;FGBL SI 20250306 PS;SIMPLE_INSTRUMENT;EFS;EUR;14;132.59000000;235;EXCHANGE_LAST;;1;1;XEUR;11286679;688;
26.02.2025;09:06:54.254;FGBL SI 20250306 PS;SIMPLE_INSTRUMENT;EFS;EUR;15;132.71000000;235;EXCHANGE_LAST;;1;1;XEUR;11286679;688;
26.02.2025;09:08:36.474;FGBL SI 20250306 PS;SIMPLE_INSTRUMENT;EFP_FIN;EUR;16;132.70000000;934;EXCHANGE_LAST;;1;1;XEUR;11286679;688;
26.02.2025;09:08:58.305;FGBL SI 20250306 PS;SIMPLE_INSTRUMENT;EFP_FIN;EUR;17;132.71000000;328;EXCHANGE_LAST;;1;1;XEUR;11286679;688;
26.02.2025;09:20:07.312;FGBL SI 20250306 PS;SIMPLE_INSTRUMENT;EFS;EUR;18;132.67000000;1344;EXCHANGE_LAST;;1;1;XEUR;11286679;688;
26.02.2025;09:28:16.160;FGBL SI 20250306 PS;SIMPLE_INSTRUMENT;EFS;EUR;19;132.30000000;300;EXCHANGE_LAST;;1;1;XEUR;11286679;688;
26.02.2025;09:29:26.582;FGBL SI 20250306 PS;SIMPLE_INSTRUMENT;EFP_FIN;EUR;20;132.67000000;464;EXCHANGE_LAST;;1;1;XEUR;11286679;688;
26.02.2025;09:37:45.163;FGBL SI 20250306 PS;SIMPLE_INSTRUMENT;EFP_FIN;EUR;21;132.63000000;303;EXCHANGE_LAST;;1;1;XEUR;11286679;688;
26.02.2025;09:40:24.384;FGBL SI 20250306 PS;SIMPLE_INSTRUMENT;EFS;EUR;22;132.62000000;627;EXCHANGE_LAST;;1;1;XEUR;11286679;688;
26.02.2025;09:47:31.718;FGBL SI 20250306 PS;SIMPLE_INSTRUMENT;EFS;EUR;23;132.60000000;471;EXCHANGE_LAST;;1;1;XEUR;11286679;688;
26.02.2025;09:47:40.869;FGBL SI 20250306 PS;SIMPLE_INSTRUMENT;EFS;EUR;24;132.60000000;418;EXCHANGE_LAST;;1;1;XEUR;11286679;688;
26.02.2025;09:48:33.469;FGBL SI 20250306 PS;SIMPLE_INSTRUMENT;EFS;EUR;25;132.60000000;418;EXCHANGE_LAST;;1;1;XEUR;11286679;688;
26.02.2025;09:49:16.939;FGBL SI 20250306 PS;SIMPLE_INSTRUMENT;EFS;EUR;26;132.60000000;418;EXCHANGE_LAST;;1;1;XEUR;11286679;688;
26.02.2025;09:49:16.984;FGBL SI 20250306 PS;SIMPLE_INSTRUMENT;EFS;EUR;27;132.60000000;418;EXCHANGE_LAST;;1;1;XEUR;11286679;688;
26.02.2025;09:49:25.943;FGBL SI 20250306 PS;SIMPLE_INSTRUMENT;EFS;EUR;28;132.60000000;418;EXCHANGE_LAST;;1;1;XEUR;11286679;688;
26.02.2025;09:52:21.255;FGBL SI 20250306 PS;SIMPLE_INSTRUMENT;EFS;EUR;29;132.61000000;418;EXCHANGE_LAST;;1;1;XEUR;11286679;688;
26.02.2025;09:56:53.234;FGBL SI 20250306 PS;SIMPLE_INSTRUMENT;EFS;EUR;30;132.63000000;418;EXCHANGE_LAST;;1;1;XEUR;11286679;688;
26.02.2025;10:05:13.672;FGBL SI 20250306 PS;SIMPLE_INSTRUMENT;EFS;EUR;31;132.68000000;418;EXCHANGE_LAST;;1;1;XEUR;11286679;688;
26.02.2025;10:12:33.305;FGBL SI 20250306 PS;SIMPLE_INSTRUMENT;EFP_FIN;EUR;32;132.60000000;794;EXCHANGE_LAST;;1;1;XEUR;11286679;688;
26.02.2025;10:15:29.444;FGBL SI 20250306 PS;SIMPLE_INSTRUMENT;EFS;EUR;33;132.70000000;418;EXCHANGE_LAST;;1;1;XEUR;11286679;688;
26.02.2025;10:18:15.826;FGBL SI 20250306 PS;SIMPLE_INSTRUMENT;EFS;EUR;34;132.69000000;418;EXCHANGE_LAST;;1;1;XEUR;11286679;688;
26.02.2025;10:28:28.334;FGBL SI 20250306 PS;SIMPLE_INSTRUMENT;EFS;EUR;36;132.68000000;1000;EXCHANGE_LAST;;1;1;XEUR;11286679;688;
26.02.2025;10:27:26.503;FGBL SI 20250306 PS;SIMPLE_INSTRUMENT;EFS;EUR;37;132.68000000;940;EXCHANGE_LAST;;1;1;XEUR;11286679;688;
26.02.2025;10:30:22.343;FGBL SI 20250306 PS;SIMPLE_INSTRUMENT;EFS;EUR;38;132.68000000;209;EXCHANGE_LAST;;1;1;XEUR;11286679;688;
26.02.2025;10:35:20.197;FGBL SI 20250306 PS;SIMPLE_INSTRUMENT;EFS;EUR;39;132.60000000;1000;EXCHANGE_LAST;;1;1;XEUR;11286679;688;
26.02.2025;10:33:41.489;FGBL SI 20250306 PS;SIMPLE_INSTRUMENT;EFS;EUR;40;132.69000000;1411;EXCHANGE_LAST;;1;1;XEUR;11286679;688;
26.02.2025;10:34:11.241;FGBL SI 20250306 PS;SIMPLE_INSTRUMENT;EFS;EUR;41;132.69000000;418;EXCHANGE_LAST;;1;1;XEUR;11286679;688;
26.02.2025;10:37:21.488;FGBL SI 20250306 PS;SIMPLE_INSTRUMENT;EFP_FIN;EUR;42;132.66000000;366;EXCHANGE_LAST;;1;1;XEUR;11286679;688;
26.02.2025;10:39:50.946;FGBL SI 20250306 PS;SIMPLE_INSTRUMENT;EFS;EUR;43;132.73000000;418;EXCHANGE_LAST;;1;1;XEUR;11286679;688;
26.02.2025;10:41:13.138;FGBL SI 20250306 PS;SIMPLE_INSTRUMENT;EFS;EUR;44;132.72000000;672;EXCHANGE_LAST;;1;1;XEUR;11286679;688;
26.02.2025;10:44:22.267;FGBL SI 20250306 PS;SIMPLE_INSTRUMENT;EFS;EUR;45;132.75000000;417;EXCHANGE_LAST;;1;1;XEUR;11286679;688;
26.02.2025;10:44:42.140;FGBL SI 20250306 PS;SIMPLE_INSTRUMENT;EFS;EUR;46;132.73000000;418;EXCHANGE_LAST;;1;1;XEUR;11286679;688;
26.02.2025;10:46:58.764;FGBL SI 20250306 PS;SIMPLE_INSTRUMENT;EFS;EUR;47;132.73000000;1791;EXCHANGE_LAST;;1;1;XEUR;11286679;688;
26.02.2025;10:49:26.936;FGBL SI 20250306 PS;SIMPLE_INSTRUMENT;EFP_FIN;EUR;48;132.70000000;397;EXCHANGE_LAST;;1;1;XEUR;11286679;688;
26.02.2025;10:52:47.480;FGBL SI 20250306 PS;SIMPLE_INSTRUMENT;EFS;EUR;49;132.69000000;418;EXCHANGE_LAST;;1;1;XEUR;11286679;688;
26.02.2025;10:55:22.577;FGBL SI 20250306 PS;SIMPLE_INSTRUMENT;EFS;EUR;50;132.69000000;418;EXCHANGE_LAST;;1;1;XEUR;11286679;688;
26.02.2025;11:07:57.359;FGBL SI 20250306 PS;SIMPLE_INSTRUMENT;EFS;EUR;52;132.65000000;269;EXCHANGE_LAST;;1;1;XEUR;11286679;688;
26.02.2025;11:13:17.000;FGBL SI 20250306 PS;SIMPLE_INSTRUMENT;EFS;EUR;53;132.65000000;896;EXCHANGE_LAST;;1;1;XEUR;11286679;688;
26.02.2025;11:25:58.850;FGBL SI 20250306 PS;SIMPLE_INSTRUMENT;EFS;EUR;54;132.64000000;1793;EXCHANGE_LAST;;1;1;XEUR;11286679;688;
26.02.2025;11:30:11.947;FGBL SI 20250306 PS;SIMPLE_INSTRUMENT;EFS;EUR;55;132.63000000;418;EXCHANGE_LAST;;1;1;XEUR;11286679;688;
26.02.2025;11:30:14.451;FGBL SI 20250306 PS;SIMPLE_INSTRUMENT;EFS;EUR;56;132.66000000;179;EXCHANGE_LAST;;1;1;XEUR;11286679;688;
26.02.2025;11:38:47.285;FGBL SI 20250306 PS;SIMPLE_INSTRUMENT;EFS;EUR;57;132.67000000;418;EXCHANGE_LAST;;1;1;XEUR;11286679;688;
26.02.2025;11:59:08.471;FGBL SI 20250306 PS;SIMPLE_INSTRUMENT;EFS;EUR;58;132.66000000;705;EXCHANGE_LAST;;1;1;XEUR;11286679;688;
26.02.2025;12:00:46.798;FGBL SI 20250306 PS;SIMPLE_INSTRUMENT;EFP_FIN;EUR;59;132.66000000;235;EXCHANGE_LAST;;1;1;XEUR;11286679;688;
26.02.2025;12:01:59.300;FGBL SI 20250306 PS;SIMPLE_INSTRUMENT;EFS;EUR;60;132.67000000;209;EXCHANGE_LAST;;1;1;XEUR;11286679;688;
26.02.2025;12:01:59.345;FGBL SI 20250306 PS;SIMPLE_INSTRUMENT;EFS;EUR;61;132.67000000;418;EXCHANGE_LAST;;1;1;XEUR;11286679;688;
26.02.2025;12:03:29.373;FGBL SI 20250306 PS;SIMPLE_INSTRUMENT;EFS;EUR;62;132.67000000;209;EXCHANGE_LAST;;1;1;XEUR;11286679;688;
26.02.2025;12:05:04.437;FGBL SI 20250306 PS;SIMPLE_INSTRUMENT;EFS;EUR;63;132.63000000;418;EXCHANGE_LAST;;1;1;XEUR;11286679;688;
26.02.2025;12:05:57.045;FGBL SI 20250306 PS;SIMPLE_INSTRUMENT;EFP_FIN;EUR;64;132.64000000;103;EXCHANGE_LAST;;1;1;XEUR;11286679;688;
26.02.2025;12:06:39.503;FGBL SI 20250306 PS;SIMPLE_INSTRUMENT;EFS;EUR;65;132.65000000;418;EXCHANGE_LAST;;1;1;XEUR;11286679;688;
26.02.2025;12:07:14.529;FGBL SI 20250306 PS;SIMPLE_INSTRUMENT;EFS;EUR;66;132.63000000;418;EXCHANGE_LAST;;1;1;XEUR;11286679;688;
26.02.2025;12:14:35.787;FGBL SI 20250306 PS;SIMPLE_INSTRUMENT;EFS;EUR;67;132.66000000;418;EXCHANGE_LAST;;1;1;XEUR;11286679;688;
26.02.2025;12:21:36.048;FGBL SI 20250306 PS;SIMPLE_INSTRUMENT;EFS;EUR;68;132.71000000;418;EXCHANGE_LAST;;1;1;XEUR;11286679;688;
26.02.2025;12:22:14.586;FGBL SI 20250306 PS;SIMPLE_INSTRUMENT;EFS;EUR;69;132.65000000;941;EXCHANGE_LAST;;1;1;XEUR;11286679;688;
26.02.2025;12:22:42.021;FGBL SI 20250306 PS;SIMPLE_INSTRUMENT;EFS;EUR;70;132.71000000;935;EXCHANGE_LAST;;1;1;XEUR;11286679;688;
26.02.2025;12:24:03.624;FGBL SI 20250606 PS;SIMPLE_INSTRUMENT;EFS;EUR;71;131.83000000;985;EXCHANGE_LAST;;1;1;XEUR;11820389;688;
26.02.2025;12:28:41.881;FGBL SI 20250606 PS;SIMPLE_INSTRUMENT;EFS;EUR;72;131.87000000;194;EXCHANGE_LAST;;1;1;XEUR;11820389;688;
26.02.2025;12:33:21.701;FGBL SI 20250306 PS;SIMPLE_INSTRUMENT;EFP_FIN;EUR;73;132.73000000;151;EXCHANGE_LAST;;1;1;XEUR;11286679;688;
26.02.2025;12:47:34.139;FGBL SI 20250306 PS;SIMPLE_INSTRUMENT;EFS;EUR;74;132.79000000;418;EXCHANGE_LAST;;1;1;XEUR;11286679;688;
26.02.2025;12:48:39.187;FGBL SI 20250306 PS;SIMPLE_INSTRUMENT;EFS;EUR;75;132.80000000;418;EXCHANGE_LAST;;1;1;XEUR;11286679;688;
26.02.2025;12:49:52.362;FGBL SI 20250306 PS;SIMPLE_INSTRUMENT;EFS;EUR;76;132.79000000;1000;EXCHANGE_LAST;;1;1;XEUR;11286679;688;
26.02.2025;12:51:19.753;FGBL SI 20250306 PS;SIMPLE_INSTRUMENT;EFP_FIN;EUR;77;132.74000000;90;EXCHANGE_LAST;;1;1;XEUR;11286679;688;
26.02.2025;12:58:14.583;FGBL SI 20250306 PS;SIMPLE_INSTRUMENT;EFS;EUR;78;132.78000000;418;EXCHANGE_LAST;;1;1;XEUR;11286679;688;
26.02.2025;13:06:06.378;FGBL SI 20250306 PS;SIMPLE_INSTRUMENT;EFS;EUR;79;132.79000000;442;EXCHANGE_LAST;;1;1;XEUR;11286679;688;
26.02.2025;13:07:59.700;FGBL SI 20250306 PS;SIMPLE_INSTRUMENT;EFS;EUR;80;132.77000000;220;EXCHANGE_LAST;;1;1;XEUR;11286679;688;
26.02.2025;13:13:26.183;FGBL SI 20250306 PS;SIMPLE_INSTRUMENT;EFS;EUR;81;132.83000000;418;EXCHANGE_LAST;;1;1;XEUR;11286679;688;
26.02.2025;13:13:51.225;FGBL SI 20250306 PS;SIMPLE_INSTRUMENT;EFP_FIN;EUR;82;132.78000000;895;EXCHANGE_LAST;;1;1;XEUR;11286679;688;
26.02.2025;13:22:44.580;FGBL SI 20250306 PS;SIMPLE_INSTRUMENT;EFS;EUR;83;132.84000000;417;EXCHANGE_LAST;;1;1;XEUR;11286679;688;
26.02.2025;13:27:54.745;FGBL SI 20250306 PS;SIMPLE_INSTRUMENT;EFS;EUR;84;132.86000000;418;EXCHANGE_LAST;;1;1;XEUR;11286679;688;
26.02.2025;13:29:37.857;FGBL SI 20250306 PS;SIMPLE_INSTRUMENT;EFS;EUR;85;132.86000000;418;EXCHANGE_LAST;;1;1;XEUR;11286679;688;
26.02.2025;13:30:50.655;FGBL SI 20250306 PS;SIMPLE_INSTRUMENT;EFS;EUR;86;132.80000000;235;EXCHANGE_LAST;;1;1;XEUR;11286679;688;
26.02.2025;13:32:23.879;FGBL SI 20250306 PS;SIMPLE_INSTRUMENT;EFP_FIN;EUR;87;132.85000000;291;EXCHANGE_LAST;;1;1;XEUR;11286679;688;
26.02.2025;13:34:28.025;FGBL SI 20250306 PS;SIMPLE_INSTRUMENT;EFS;EUR;88;132.85000000;209;EXCHANGE_LAST;;1;1;XEUR;11286679;688;
26.02.2025;13:42:50.323;FGBL SI 20250306 PS;SIMPLE_INSTRUMENT;EFS;EUR;89;132.74000000;313;EXCHANGE_LAST;;1;1;XEUR;11286679;688;
26.02.2025;13:44:36.248;FGBL SI 20250306 PS;SIMPLE_INSTRUMENT;EFS;EUR;90;132.74000000;224;EXCHANGE_LAST;;1;1;XEUR;11286679;688;
26.02.2025;13:44:49.467;FGBL SI 20250306 PS;SIMPLE_INSTRUMENT;EFS;EUR;91;132.71000000;292;EXCHANGE_LAST;;1;1;XEUR;11286679;688;
26.02.2025;13:53:36.248;FGBL SI 20250306 PS;SIMPLE_INSTRUMENT;EFS;EUR;92;132.37000000;676;EXCHANGE_LAST;;1;1;XEUR;11286679;688;
26.02.2025;13:56:12.295;FGBL SI 20250306 PS;SIMPLE_INSTRUMENT;EFS;EUR;93;132.70000000;101;EXCHANGE_LAST;;1;1;XEUR;11286679;688;
26.02.2025;13:58:23.121;FGBL SI 20250306 PS;SIMPLE_INSTRUMENT;EFS;EUR;94;132.75000000;94;EXCHANGE_LAST;;1;1;XEUR;11286679;688;
26.02.2025;14:10:58.735;FGBL SI 20250306 PS;SIMPLE_INSTRUMENT;EFP_FIN;EUR;95;132.75000000;74;EXCHANGE_LAST;;1;1;XEUR;11286679;688;
26.02.2025;14:17:46.677;FGBL SI 20250306 PS;SIMPLE_INSTRUMENT;EFS;EUR;96;132.62000000;27;EXCHANGE_LAST;;1;1;XEUR;11286679;688;
26.02.2025;14:19:36.524;FGBL SI 20250306 PS;SIMPLE_INSTRUMENT;EFS;EUR;97;132.75000000;470;EXCHANGE_LAST;;1;1;XEUR;11286679;688;
26.02.2025;14:26:10.463;FGBL SI 20250306 PS;SIMPLE_INSTRUMENT;BLOCK;EUR;98;132.66000000;4000;EXCHANGE_LAST;;1;1;XEUR;11286679;688;
26.02.2025;14:26:12.684;FGBL SI 20250306 PS;SIMPLE_INSTRUMENT;EFP_FIN;EUR;99;132.75000000;676;EXCHANGE_LAST;;1;1;XEUR;11286679;688;
26.02.2025;14:26:22.457;FGBL SI 20250306 PS;SIMPLE_INSTRUMENT;BLOCK;EUR;100;132.66000000;5000;EXCHANGE_LAST;;1;1;XEUR;11286679;688;
26.02.2025;14:27:07.124;FGBL SI 20250606 PS;SIMPLE_INSTRUMENT;BLOCK;EUR;101;131.77000000;2000;EXCHANGE_LAST;;1;1;XEUR;11820389;688;
26.02.2025;14:27:16.237;FGBL SI 20250606 PS;SIMPLE_INSTRUMENT;BLOCK;EUR;102;131.77000000;2500;EXCHANGE_LAST;;1;1;XEUR;11820389;688;
26.02.2025;14:27:37.960;FGBL SI 20250606 PS;SIMPLE_INSTRUMENT;BLOCK;EUR;103;131.78000000;2000;EXCHANGE_LAST;;1;1;XEUR;11820389;688;
26.02.2025;14:27:46.547;FGBL SI 20250606 PS;SIMPLE_INSTRUMENT;BLOCK;EUR;104;131.78000000;2500;EXCHANGE_LAST;;1;1;XEUR;11820389;688;
26.02.2025;14:46:35.115;FGBL SI 20250306 PS;SIMPLE_INSTRUMENT;EFS;EUR;105;132.71000000;418;EXCHANGE_LAST;;1;1;XEUR;11286679;688;
26.02.2025;14:46:45.125;FGBL SI 20250306 PS;SIMPLE_INSTRUMENT;EFS;EUR;106;132.71000000;418;EXCHANGE_LAST;;1;1;XEUR;11286679;688;
26.02.2025;14:47:00.138;FGBL SI 20250306 PS;SIMPLE_INSTRUMENT;EFS;EUR;107;132.71000000;418;EXCHANGE_LAST;;1;1;XEUR;11286679;688;
26.02.2025;14:47:19.487;FGBL SI 20250306 PS;SIMPLE_INSTRUMENT;EFS;EUR;108;132.71000000;418;EXCHANGE_LAST;;1;1;XEUR;11286679;688;
26.02.2025;14:48:28.750;FGBL SI 20250306 PS;SIMPLE_INSTRUMENT;EFS;EUR;109;132.66000000;418;EXCHANGE_LAST;;1;1;XEUR;11286679;688;
26.02.2025;14:48:45.222;FGBL SI 20250306 PS;SIMPLE_INSTRUMENT;EFS;EUR;110;132.69000000;418;EXCHANGE_LAST;;1;1;XEUR;11286679;688;
26.02.2025;14:49:35.273;FGBL SI 20250306 PS;SIMPLE_INSTRUMENT;EFS;EUR;111;132.67000000;418;EXCHANGE_LAST;;1;1;XEUR;11286679;688;
26.02.2025;14:50:42.324;FGBL SI 20250306 PS;SIMPLE_INSTRUMENT;EFS;EUR;112;132.67000000;418;EXCHANGE_LAST;;1;1;XEUR;11286679;688;
26.02.2025;14:52:09.749;FGBL SI 20250306 PS;SIMPLE_INSTRUMENT;EFS;EUR;113;132.67000000;418;EXCHANGE_LAST;;1;1;XEUR;11286679;688;
26.02.2025;14:53:58.011;FGBL SI 20250306 PS;SIMPLE_INSTRUMENT;EFP_FIN;EUR;114;132.67000000;1486;EXCHANGE_LAST;;1;1;XEUR;11286679;688;
26.02.2025;14:54:56.496;FGBL SI 20250306 PS;SIMPLE_INSTRUMENT;EFS;EUR;115;132.65000000;418;EXCHANGE_LAST;;1;1;XEUR;11286679;688;
26.02.2025;14:55:16.513;FGBL SI 20250306 PS;SIMPLE_INSTRUMENT;EFS;EUR;116;132.65000000;418;EXCHANGE_LAST;;1;1;XEUR;11286679;688;
26.02.2025;14:55:26.521;FGBL SI 20250306 PS;SIMPLE_INSTRUMENT;EFS;EUR;117;132.64000000;209;EXCHANGE_LAST;;1;1;XEUR;11286679;688;
26.02.2025;14:55:41.535;FGBL SI 20250306 PS;SIMPLE_INSTRUMENT;EFS;EUR;118;132.65000000;418;EXCHANGE_LAST;;1;1;XEUR;11286679;688;
26.02.2025;15:01:06.590;FGBL SI 20250306 PS;SIMPLE_INSTRUMENT;EFP_FIN;EUR;119;132.72000000;704;EXCHANGE_LAST;;1;1;XEUR;11286679;688;
26.02.2025;15:04:52.758;FGBL SI 20250306 PS;SIMPLE_INSTRUMENT;EFP_FIN;EUR;120;132.65000000;1486;EXCHANGE_LAST;;1;1;XEUR;11286679;688;
26.02.2025;15:07:17.235;FGBL SI 20250306 PS;SIMPLE_INSTRUMENT;EFP_FIN;EUR;121;132.85000000;776;EXCHANGE_LAST;;1;1;XEUR;11286679;688;
26.02.2025;15:11:27.401;FGBL SI 20250306 PS;SIMPLE_INSTRUMENT;EFS;EUR;122;132.63000000;209;EXCHANGE_LAST;;1;1;XEUR;11286679;688;
26.02.2025;15:11:29.535;FGBL SI 20250306 PS;SIMPLE_INSTRUMENT;EFS;EUR;123;132.63000000;897;EXCHANGE_LAST;;1;1;XEUR;11286679;688;
26.02.2025;15:11:54.545;FGBL SI 20250306 PS;SIMPLE_INSTRUMENT;EFS;EUR;124;132.63000000;209;EXCHANGE_LAST;;1;1;XEUR;11286679;688;
26.02.2025;15:13:50.625;FGBL SI 20250306 PS;SIMPLE_INSTRUMENT;EFS;EUR;125;132.63000000;418;EXCHANGE_LAST;;1;1;XEUR;11286679;688;
26.02.2025;15:14:18.388;FGBL SI 20250306 PS;SIMPLE_INSTRUMENT;EFS;EUR;126;132.61000000;418;EXCHANGE_LAST;;1;1;XEUR;11286679;688;
26.02.2025;15:14:56.652;FGBL SI 20250306 PS;SIMPLE_INSTRUMENT;EFS;EUR;127;132.61000000;835;EXCHANGE_LAST;;1;1;XEUR;11286679;688;
26.02.2025;15:17:56.601;FGBL SI 20250306 PS;SIMPLE_INSTRUMENT;EFS;EUR;128;132.61000000;418;EXCHANGE_LAST;;1;1;XEUR;11286679;688;
26.02.2025;15:23:48.519;FGBL SI 20250306 PS;SIMPLE_INSTRUMENT;EFS;EUR;129;132.63000000;265;EXCHANGE_LAST;;1;1;XEUR;11286679;688;
26.02.2025;15:23:54.745;FGBL SI 20250306 PS;SIMPLE_INSTRUMENT;EFP_FIN;EUR;130;132.60000000;185;EXCHANGE_LAST;;1;1;XEUR;11286679;688;
26.02.2025;15:25:09.148;FGBL SI 20250306 PS;SIMPLE_INSTRUMENT;EFP_FIN;EUR;131;132.62000000;743;EXCHANGE_LAST;;1;1;XEUR;11286679;688;
26.02.2025;15:28:42.660;FGBL SI 20250306 PS;SIMPLE_INSTRUMENT;EFP_FIN;EUR;132;132.62000000;970;EXCHANGE_LAST;;1;1;XEUR;11286679;688;
26.02.2025;15:30:03.334;FGBL SI 20250306 PS;SIMPLE_INSTRUMENT;EFP_FIN;EUR;133;132.60000000;93;EXCHANGE_LAST;;1;1;XEUR;11286679;688;
26.02.2025;15:39:21.878;FGBL SI 20250306 PS;SIMPLE_INSTRUMENT;EFS;EUR;134;132.62000000;896;EXCHANGE_LAST;;1;1;XEUR;11286679;688;
26.02.2025;15:43:34.117;FGBL SI 20250306 PS;SIMPLE_INSTRUMENT;EFS;EUR;135;132.64000000;172;EXCHANGE_LAST;;1;1;XEUR;11286679;688;
26.02.2025;15:45:22.912;FGBL SI 20250306 PS;SIMPLE_INSTRUMENT;EFP_FIN;EUR;136;132.62000000;81;EXCHANGE_LAST;;1;1;XEUR;11286679;688;
26.02.2025;15:50:26.376;FGBL SI 20250306 PS;SIMPLE_INSTRUMENT;EFP_FIN;EUR;137;132.70000000;412;EXCHANGE_LAST;;1;1;XEUR;11286679;688;
26.02.2025;15:53:47.330;FGBL SI 20250306 PS;SIMPLE_INSTRUMENT;EFS;EUR;138;132.63000000;418;EXCHANGE_LAST;;1;1;XEUR;11286679;688;
26.02.2025;15:54:28.290;FGBL SI 20250306 PS;SIMPLE_INSTRUMENT;EFS;EUR;139;132.64000000;156;EXCHANGE_LAST;;1;1;XEUR;11286679;688;
26.02.2025;15:56:14.546;FGBL SI 20250306 PS;SIMPLE_INSTRUMENT;EFP_FIN;EUR;140;132.67000000;447;EXCHANGE_LAST;;1;1;XEUR;11286679;688;
26.02.2025;15:58:01.061;FGBL SI 20250306 PS;SIMPLE_INSTRUMENT;EFS;EUR;141;132.65000000;418;EXCHANGE_LAST;;1;1;XEUR;11286679;688;
26.02.2025;15:58:16.072;FGBL SI 20250306 PS;SIMPLE_INSTRUMENT;EFS;EUR;142;132.66000000;418;EXCHANGE_LAST;;1;1;XEUR;11286679;688;
26.02.2025;15:58:42.091;FGBL SI 20250306 PS;SIMPLE_INSTRUMENT;EFS;EUR;143;132.66000000;418;EXCHANGE_LAST;;1;1;XEUR;11286679;688;
26.02.2025;15:59:11.600;FGBL SI 20250306 PS;SIMPLE_INSTRUMENT;EFS;EUR;144;132.66000000;418;EXCHANGE_LAST;;1;1;XEUR;11286679;688;
26.02.2025;15:59:19.852;FGBL SI 20250306 PS;SIMPLE_INSTRUMENT;EFP_FIN;EUR;145;132.65000000;1423;EXCHANGE_LAST;;1;1;XEUR;11286679;688;
26.02.2025;16:01:10.980;FGBL SI 20250306 PS;SIMPLE_INSTRUMENT;EFS;EUR;146;132.64000000;659;EXCHANGE_LAST;;1;1;XEUR;11286679;688;
26.02.2025;16:01:18.953;FGBL SI 20250306 PS;SIMPLE_INSTRUMENT;EFS;EUR;147;132.66000000;418;EXCHANGE_LAST;;1;1;XEUR;11286679;688;
26.02.2025;16:03:21.846;FGBL SI 20250306 PS;SIMPLE_INSTRUMENT;EFS;EUR;148;132.66000000;564;EXCHANGE_LAST;;1;1;XEUR;11286679;688;
26.02.2025;16:12:01.780;FGBL SI 20250306 PS;SIMPLE_INSTRUMENT;EFS;EUR;149;132.69000000;759;EXCHANGE_LAST;;1;1;XEUR;11286679;688;
26.02.2025;16:15:22.629;FGBL SI 20250306 PS;SIMPLE_INSTRUMENT;EFS;EUR;150;132.66000000;418;EXCHANGE_LAST;;1;1;XEUR;11286679;688;
26.02.2025;16:19:29.849;FGBL SI 20250306 PS;SIMPLE_INSTRUMENT;EFS;EUR;151;132.68000000;209;EXCHANGE_LAST;;1;1;XEUR;11286679;688;
26.02.2025;16:19:49.864;FGBL SI 20250306 PS;SIMPLE_INSTRUMENT;EFS;EUR;152;132.68000000;209;EXCHANGE_LAST;;1;1;XEUR;11286679;688;
26.02.2025;16:25:57.583;FGBL SI 20250306 PS;SIMPLE_INSTRUMENT;EFS;EUR;153;132.66000000;2500;EXCHANGE_LAST;;1;1;XEUR;11286679;688;
26.02.2025;16:27:07.951;FGBL SI 20250306 PS;SIMPLE_INSTRUMENT;EFS;EUR;154;132.69000000;700;EXCHANGE_LAST;;1;1;XEUR;11286679;688;
26.02.2025;16:45:08.349;FGBL SI 20250306 PS;SIMPLE_INSTRUMENT;EFS;EUR;155;132.64000000;659;EXCHANGE_LAST;;1;1;XEUR;11286679;688;
26.02.2025;16:47:50.057;FGBL SI 20250306 PS;SIMPLE_INSTRUMENT;EFP_FIN;EUR;156;132.67000000;210;EXCHANGE_LAST;;1;1;XEUR;11286679;688;
26.02.2025;16:48:10.867;FGBL SI 20250306 PS;SIMPLE_INSTRUMENT;EFP_FIN;EUR;157;132.67000000;206;EXCHANGE_LAST;;1;1;XEUR;11286679;688;
26.02.2025;16:58:42.316;FGBL SI 20250306 PS;SIMPLE_INSTRUMENT;EFP_FIN;EUR;158;132.66000000;960;EXCHANGE_LAST;;1;1;XEUR;11286679;688;
26.02.2025;17:05:22.763;FGBL SI 20250306 PS;SIMPLE_INSTRUMENT;EFS;EUR;159;132.66000000;564;EXCHANGE_LAST;;1;1;XEUR;11286679;688;
26.02.2025;09:36:05.834;FGBL SI 20250606 PS;SIMPLE_INSTRUMENT;VOLA;EUR;268435475;131.78000000;45;EXCHANGE_LAST;;1;1;XEUR;11820389;688;
26.02.2025;12:55:14.394;FGBL SI 20250606 PS;SIMPLE_INSTRUMENT;VOLA;EUR;268435490;131.82000000;85;EXCHANGE_LAST;;1;1;XEUR;11820389;688;
26.02.2025;16:07:40.121;FGBL SI 20250606 PS;SIMPLE_INSTRUMENT;VOLA;EUR;268435508;131.75000000;70;EXCHANGE_LAST;;1;1;XEUR;11820389;688;
26.02.2025;08:45:27.063;FGBM SI 20250306 PS;SIMPLE_INSTRUMENT;EFS;EUR;1;117.47000000;758;EXCHANGE_LAST;;1;1;XEUR;11286680;689;
26.02.2025;08:47:57.941;FGBM SI 20250306 PS;SIMPLE_INSTRUMENT;EFP_FIN;EUR;2;117.46000000;216;EXCHANGE_LAST;;1;1;XEUR;11286680;689;
26.02.2025;08:59:59.341;FGBM SI 20250306 PS;SIMPLE_INSTRUMENT;EFP_FIN;EUR;3;117.55000000;402;EXCHANGE_LAST;;1;1;XEUR;11286680;689;
26.02.2025;09:15:03.338;FGBM SI 20250306 PS;SIMPLE_INSTRUMENT;EFS;EUR;4;117.56000000;462;EXCHANGE_LAST;;1;1;XEUR;11286680;689;
26.02.2025;09:23:00.321;FGBM SI 20250306 PS;SIMPLE_INSTRUMENT;EFS;EUR;5;117.57000000;2821;EXCHANGE_LAST;;1;1;XEUR;11286680;689;
26.02.2025;09:26:19.331;FGBM SI 20250306 PS;SIMPLE_INSTRUMENT;EFP_FIN;EUR;6;117.58000000;1454;EXCHANGE_LAST;;1;1;XEUR;11286680;689;
26.02.2025;09:30:49.810;FGBM SI 20250606 PS;SIMPLE_INSTRUMENT;EFS;EUR;7;118.56000000;302;EXCHANGE_LAST;;1;1;XEUR;11820390;689;
26.02.2025;09:31:40.235;FGBM SI 20250306 PS;SIMPLE_INSTRUMENT;EFS;EUR;8;117.56000000;1849;EXCHANGE_LAST;;1;1;XEUR;11286680;689;
26.02.2025;09:33:03.454;FGBM SI 20250306 PS;SIMPLE_INSTRUMENT;EFS;EUR;9;117.57000000;554;EXCHANGE_LAST;;1;1;XEUR;11286680;689;
26.02.2025;09:33:28.625;FGBM SI 20250306 PS;SIMPLE_INSTRUMENT;EFS;EUR;10;117.58000000;924;EXCHANGE_LAST;;1;1;XEUR;11286680;689;
26.02.2025;09:40:51.125;FGBM SI 20250306 PS;SIMPLE_INSTRUMENT;EFP_FIN;EUR;11;117.57000000;337;EXCHANGE_LAST;;1;1;XEUR;11286680;689;
26.02.2025;09:51:31.856;FGBM SI 20250306 PS;SIMPLE_INSTRUMENT;EFP_FIN;EUR;12;117.57000000;592;EXCHANGE_LAST;;1;1;XEUR;11286680;689;
26.02.2025;09:54:08.787;FGBM SI 20250306 PS;SIMPLE_INSTRUMENT;EFP_FIN;EUR;13;117.56000000;431;EXCHANGE_LAST;;1;1;XEUR;11286680;689;
26.02.2025;09:54:58.156;FGBM SI 20250306 PS;SIMPLE_INSTRUMENT;EFS;EUR;14;117.54000000;925;EXCHANGE_LAST;;1;1;XEUR;11286680;689;
26.02.2025;09:59:18.341;FGBM SI 20250306 PS;SIMPLE_INSTRUMENT;EFS;EUR;15;117.58000000;1849;EXCHANGE_LAST;;1;1;XEUR;11286680;689;
26.02.2025;10:00:23.384;FGBM SI 20250306 PS;SIMPLE_INSTRUMENT;EFS;EUR;17;117.58000000;924;EXCHANGE_LAST;;1;1;XEUR;11286680;689;
26.02.2025;10:04:23.855;FGBM SI 20250306 PS;SIMPLE_INSTRUMENT;EFS;EUR;18;117.59000000;1847;EXCHANGE_LAST;;1;1;XEUR;11286680;689;
26.02.2025;10:07:25.854;FGBM SI 20250306 PS;SIMPLE_INSTRUMENT;EFS;EUR;19;117.58000000;924;EXCHANGE_LAST;;1;1;XEUR;11286680;689;
26.02.2025;10:10:43.819;FGBM SI 20250306 PS;SIMPLE_INSTRUMENT;EFS;EUR;20;117.59000000;555;EXCHANGE_LAST;;1;1;XEUR;11286680;689;
26.02.2025;10:17:17.382;FGBM SI 20250306 PS;SIMPLE_INSTRUMENT;EFP_FIN;EUR;21;117.58000000;86;EXCHANGE_LAST;;1;1;XEUR;11286680;689;
26.02.2025;10:15:43.958;FGBM SI 20250306 PS;SIMPLE_INSTRUMENT;EFS;EUR;22;117.56000000;3950;EXCHANGE_LAST;;1;1;XEUR;11286680;689;
26.02.2025;10:16:39.510;FGBM SI 20250306 PS;SIMPLE_INSTRUMENT;EFS;EUR;23;117.59000000;1847;EXCHANGE_LAST;;1;1;XEUR;11286680;689;
26.02.2025;10:19:36.681;FGBM SI 20250306 PS;SIMPLE_INSTRUMENT;EFP_FIN;EUR;24;117.58000000;863;EXCHANGE_LAST;;1;1;XEUR;11286680;689;
26.02.2025;10:20:40.229;FGBM SI 20250306 PS;SIMPLE_INSTRUMENT;EFS;EUR;25;117.59000000;300;EXCHANGE_LAST;;1;1;XEUR;11286680;689;
26.02.2025;10:26:44.901;FGBM SI 20250306 PS;SIMPLE_INSTRUMENT;EFP_FIN;EUR;26;117.58000000;2767;EXCHANGE_LAST;;1;1;XEUR;11286680;689;
26.02.2025;10:27:15.545;FGBM SI 20250306 PS;SIMPLE_INSTRUMENT;EFS;EUR;27;117.58000000;462;EXCHANGE_LAST;;1;1;XEUR;11286680;689;
26.02.2025;10:29:35.540;FGBM SI 20250306 PS;SIMPLE_INSTRUMENT;EFS;EUR;28;117.58000000;437;EXCHANGE_LAST;;1;1;XEUR;11286680;689;
26.02.2025;10:30:10.584;FGBM SI 20250306 PS;SIMPLE_INSTRUMENT;EFS;EUR;29;117.59000000;462;EXCHANGE_LAST;;1;1;XEUR;11286680;689;
26.02.2025;10:31:46.708;FGBM SI 20250306 PS;SIMPLE_INSTRUMENT;EFS;EUR;30;117.58000000;462;EXCHANGE_LAST;;1;1;XEUR;11286680;689;
26.02.2025;10:41:06.722;FGBM SI 20250306 PS;SIMPLE_INSTRUMENT;EFP_FIN;EUR;31;117.60000000;514;EXCHANGE_LAST;;1;1;XEUR;11286680;689;
26.02.2025;10:51:38.484;FGBM SI 20250306 PS;SIMPLE_INSTRUMENT;EFS;EUR;32;117.60000000;754;EXCHANGE_LAST;;1;1;XEUR;11286680;689;
26.02.2025;10:53:46.492;FGBM SI 20250606 PS;SIMPLE_INSTRUMENT;EFS;EUR;33;118.59000000;708;EXCHANGE_LAST;;1;1;XEUR;11820390;689;
26.02.2025;10:55:43.594;FGBM SI 20250306 PS;SIMPLE_INSTRUMENT;EFS;EUR;34;117.58000000;462;EXCHANGE_LAST;;1;1;XEUR;11286680;689;
26.02.2025;10:58:15.109;FGBM SI 20250306 PS;SIMPLE_INSTRUMENT;EFP_FIN;EUR;35;117.60000000;1870;EXCHANGE_LAST;;1;1;XEUR;11286680;689;
26.02.2025;11:20:35.482;FGBM SI 20250306 PS;SIMPLE_INSTRUMENT;EFS;EUR;36;117.60000000;1186;EXCHANGE_LAST;;1;1;XEUR;11286680;689;
26.02.2025;11:25:00.672;FGBM SI 20250306 PS;SIMPLE_INSTRUMENT;EFP_FIN;EUR;37;117.57000000;343;EXCHANGE_LAST;;1;1;XEUR;11286680;689;
26.02.2025;11:34:42.981;FGBM SI 20250306 PS;SIMPLE_INSTRUMENT;EFS;EUR;39;117.57000000;462;EXCHANGE_LAST;;1;1;XEUR;11286680;689;
26.02.2025;11:34:53.515;FGBM SI 20250306 PS;SIMPLE_INSTRUMENT;EFS;EUR;40;117.57000000;750;EXCHANGE_LAST;;1;1;XEUR;11286680;689;
26.02.2025;11:35:01.662;FGBM SI 20250306 PS;SIMPLE_INSTRUMENT;EFS;EUR;41;117.57000000;462;EXCHANGE_LAST;;1;1;XEUR;11286680;689;
26.02.2025;11:35:50.822;FGBM SI 20250306 PS;SIMPLE_INSTRUMENT;EFS;EUR;42;117.57000000;462;EXCHANGE_LAST;;1;1;XEUR;11286680;689;
26.02.2025;11:36:26.521;FGBM SI 20250606 PS;SIMPLE_INSTRUMENT;EFS;EUR;43;118.55000000;705;EXCHANGE_LAST;;1;1;XEUR;11820390;689;
26.02.2025;11:41:19.684;FGBM SI 20250306 PS;SIMPLE_INSTRUMENT;EFS;EUR;44;117.58000000;752;EXCHANGE_LAST;;1;1;XEUR;11286680;689;
26.02.2025;11:44:12.506;FGBM SI 20250306 PS;SIMPLE_INSTRUMENT;EFS;EUR;45;117.58000000;924;EXCHANGE_LAST;;1;1;XEUR;11286680;689;
26.02.2025;11:50:18.760;FGBM SI 20250306 PS;SIMPLE_INSTRUMENT;EFS;EUR;46;117.58000000;462;EXCHANGE_LAST;;1;1;XEUR;11286680;689;
26.02.2025;12:06:32.348;FGBM SI 20250306 PS;SIMPLE_INSTRUMENT;EFP_FIN;EUR;47;117.58000000;224;EXCHANGE_LAST;;1;1;XEUR;11286680;689;
26.02.2025;12:21:36.011;FGBM SI 20250306 PS;SIMPLE_INSTRUMENT;EFP_FIN;EUR;48;117.58000000;361;EXCHANGE_LAST;;1;1;XEUR;11286680;689;
26.02.2025;12:36:22.815;FGBM SI 20250306 PS;SIMPLE_INSTRUMENT;EFS;EUR;49;117.63000000;754;EXCHANGE_LAST;;1;1;XEUR;11286680;689;
26.02.2025;12:37:04.818;FGBM SI 20250606 PS;SIMPLE_INSTRUMENT;EFS;EUR;50;118.62000000;708;EXCHANGE_LAST;;1;1;XEUR;11820390;689;
26.02.2025;12:48:33.431;FGBM SI 20250306 PS;SIMPLE_INSTRUMENT;EFS;EUR;51;117.64000000;462;EXCHANGE_LAST;;1;1;XEUR;11286680;689;
26.02.2025;12:59:24.635;FGBM SI 20250306 PS;SIMPLE_INSTRUMENT;EFS;EUR;52;117.64000000;924;EXCHANGE_LAST;;1;1;XEUR;11286680;689;
26.02.2025;13:01:45.236;FGBM SI 20250306 PS;SIMPLE_INSTRUMENT;EFP_FIN;EUR;53;117.57000000;1453;EXCHANGE_LAST;;1;1;XEUR;11286680;689;
26.02.2025;13:02:39.143;FGBM SI 20250306 PS;SIMPLE_INSTRUMENT;EFS;EUR;54;117.64000000;462;EXCHANGE_LAST;;1;1;XEUR;11286680;689;
26.02.2025;13:03:24.811;FGBM SI 20250306 PS;SIMPLE_INSTRUMENT;EFS;EUR;55;117.63000000;924;EXCHANGE_LAST;;1;1;XEUR;11286680;689;
26.02.2025;13:03:54.836;FGBM SI 20250306 PS;SIMPLE_INSTRUMENT;EFS;EUR;56;117.63000000;462;EXCHANGE_LAST;;1;1;XEUR;11286680;689;
26.02.2025;13:04:05.438;FGBM SI 20250306 PS;SIMPLE_INSTRUMENT;EFS;EUR;57;117.63000000;462;EXCHANGE_LAST;;1;1;XEUR;11286680;689;
26.02.2025;13:04:57.931;FGBM SI 20250306 PS;SIMPLE_INSTRUMENT;EFS;EUR;58;117.63000000;462;EXCHANGE_LAST;;1;1;XEUR;11286680;689;
26.02.2025;13:05:46.705;FGBM SI 20250306 PS;SIMPLE_INSTRUMENT;EFP_FIN;EUR;59;117.63000000;456;EXCHANGE_LAST;;1;1;XEUR;11286680;689;
26.02.2025;13:06:57.382;FGBM SI 20250306 PS;SIMPLE_INSTRUMENT;EFS;EUR;60;117.63000000;462;EXCHANGE_LAST;;1;1;XEUR;11286680;689;
26.02.2025;13:17:44.947;FGBM SI 20250306 PS;SIMPLE_INSTRUMENT;EFS;EUR;61;117.65000000;660;EXCHANGE_LAST;;1;1;XEUR;11286680;689;
26.02.2025;13:25:11.045;FGBM SI 20250306 PS;SIMPLE_INSTRUMENT;EFS;EUR;62;117.66000000;462;EXCHANGE_LAST;;1;1;XEUR;11286680;689;
26.02.2025;13:29:34.651;FGBM SI 20250306 PS;SIMPLE_INSTRUMENT;EFS;EUR;63;117.65000000;986;EXCHANGE_LAST;;1;1;XEUR;11286680;689;
26.02.2025;13:30:53.207;FGBM SI 20250306 PS;SIMPLE_INSTRUMENT;EFP_FIN;EUR;64;117.65000000;187;EXCHANGE_LAST;;1;1;XEUR;11286680;689;
26.02.2025;13:35:14.128;FGBM SI 20250306 PS;SIMPLE_INSTRUMENT;EFS;EUR;65;117.65000000;462;EXCHANGE_LAST;;1;1;XEUR;11286680;689;
26.02.2025;13:35:34.146;FGBM SI 20250306 PS;SIMPLE_INSTRUMENT;EFS;EUR;66;117.65000000;462;EXCHANGE_LAST;;1;1;XEUR;11286680;689;
26.02.2025;13:41:50.349;FGBM SI 20250306 PS;SIMPLE_INSTRUMENT;EFS;EUR;67;117.66000000;462;EXCHANGE_LAST;;1;1;XEUR;11286680;689;
26.02.2025;13:49:06.821;FGBM SI 20250306 PS;SIMPLE_INSTRUMENT;EFS;EUR;68;117.66000000;461;EXCHANGE_LAST;;1;1;XEUR;11286680;689;
26.02.2025;14:01:06.070;FGBM SI 20250306 PS;SIMPLE_INSTRUMENT;EFS;EUR;69;117.61000000;462;EXCHANGE_LAST;;1;1;XEUR;11286680;689;
26.02.2025;14:01:31.090;FGBM SI 20250306 PS;SIMPLE_INSTRUMENT;EFS;EUR;70;117.61000000;924;EXCHANGE_LAST;;1;1;XEUR;11286680;689;
26.02.2025;14:03:05.345;FGBM SI 20250306 PS;SIMPLE_INSTRUMENT;EFS;EUR;71;117.60000000;462;EXCHANGE_LAST;;1;1;XEUR;11286680;689;
26.02.2025;14:24:30.157;FGBM SI 20250306 PS;SIMPLE_INSTRUMENT;EFS;EUR;72;117.57000000;462;EXCHANGE_LAST;;1;1;XEUR;11286680;689;
26.02.2025;14:33:44.614;FGBM SI 20250306 PS;SIMPLE_INSTRUMENT;EFS;EUR;73;117.58000000;462;EXCHANGE_LAST;;1;1;XEUR;11286680;689;
26.02.2025;14:39:32.354;FGBM SI 20250306 PS;SIMPLE_INSTRUMENT;EFS;EUR;74;117.59000000;462;EXCHANGE_LAST;;1;1;XEUR;11286680;689;
26.02.2025;14:39:45.859;FGBM SI 20250306 PS;SIMPLE_INSTRUMENT;EFS;EUR;75;117.60000000;247;EXCHANGE_LAST;;1;1;XEUR;11286680;689;
26.02.2025;14:53:41.449;FGBM SI 20250306 PS;SIMPLE_INSTRUMENT;EFS;EUR;76;117.56000000;462;EXCHANGE_LAST;;1;1;XEUR;11286680;689;
26.02.2025;14:54:35.494;FGBM SI 20250306 PS;SIMPLE_INSTRUMENT;EFS;EUR;77;117.58000000;462;EXCHANGE_LAST;;1;1;XEUR;11286680;689;
26.02.2025;15:03:26.848;FGBM SI 20250306 PS;SIMPLE_INSTRUMENT;EFS;EUR;78;117.58000000;924;EXCHANGE_LAST;;1;1;XEUR;11286680;689;
26.02.2025;15:06:41.979;FGBM SI 20250306 PS;SIMPLE_INSTRUMENT;EFS;EUR;79;117.58000000;462;EXCHANGE_LAST;;1;1;XEUR;11286680;689;
26.02.2025;15:07:35.683;FGBM SI 20250306 PS;SIMPLE_INSTRUMENT;EFS;EUR;80;117.59000000;924;EXCHANGE_LAST;;1;1;XEUR;11286680;689;
26.02.2025;15:10:24.538;FGBM SI 20250306 PS;SIMPLE_INSTRUMENT;EFS;EUR;81;117.57000000;1883;EXCHANGE_LAST;;1;1;XEUR;11286680;689;
26.02.2025;15:29:32.430;FGBM SI 20250306 PS;SIMPLE_INSTRUMENT;EFS;EUR;82;117.55000000;462;EXCHANGE_LAST;;1;1;XEUR;11286680;689;
26.02.2025;15:30:45.356;FGBM SI 20250306 PS;SIMPLE_INSTRUMENT;EFS;EUR;83;117.55000000;462;EXCHANGE_LAST;;1;1;XEUR;11286680;689;
26.02.2025;15:30:49.015;FGBM SI 20250306 PS;SIMPLE_INSTRUMENT;EFS;EUR;84;117.57000000;374;EXCHANGE_LAST;;1;1;XEUR;11286680;689;
26.02.2025;15:31:24.039;FGBM SI 20250306 PS;SIMPLE_INSTRUMENT;EFS;EUR;85;117.56000000;747;EXCHANGE_LAST;;1;1;XEUR;11286680;689;
26.02.2025;15:31:39.052;FGBM SI 20250306 PS;SIMPLE_INSTRUMENT;EFS;EUR;86;117.57000000;1121;EXCHANGE_LAST;;1;1;XEUR;11286680;689;
26.02.2025;15:31:54.066;FGBM SI 20250306 PS;SIMPLE_INSTRUMENT;EFS;EUR;87;117.55000000;748;EXCHANGE_LAST;;1;1;XEUR;11286680;689;
26.02.2025;15:32:04.076;FGBM SI 20250306 PS;SIMPLE_INSTRUMENT;EFS;EUR;88;117.56000000;748;EXCHANGE_LAST;;1;1;XEUR;11286680;689;
26.02.2025;15:38:31.672;FGBM SI 20250306 PS;SIMPLE_INSTRUMENT;EFS;EUR;89;117.57000000;924;EXCHANGE_LAST;;1;1;XEUR;11286680;689;
26.02.2025;15:38:40.348;FGBM SI 20250306 PS;SIMPLE_INSTRUMENT;EFS;EUR;90;117.56000000;924;EXCHANGE_LAST;;1;1;XEUR;11286680;689;
26.02.2025;15:44:00.523;FGBM SI 20250306 PS;SIMPLE_INSTRUMENT;EFS;EUR;91;117.56000000;924;EXCHANGE_LAST;;1;1;XEUR;11286680;689;
26.02.2025;15:54:24.065;FGBM SI 20250306 PS;SIMPLE_INSTRUMENT;EFP_FIN;EUR;92;117.58000000;949;EXCHANGE_LAST;;1;1;XEUR;11286680;689;
26.02.2025;15:57:52.054;FGBM SI 20250306 PS;SIMPLE_INSTRUMENT;EFS;EUR;93;117.57000000;925;EXCHANGE_LAST;;1;1;XEUR;11286680;689;
26.02.2025;16:02:33.222;FGBM SI 20250306 PS;SIMPLE_INSTRUMENT;EFP_FIN;EUR;94;117.56000000;3312;EXCHANGE_LAST;;1;1;XEUR;11286680;689;
26.02.2025;16:11:20.063;FGBM SI 20250306 PS;SIMPLE_INSTRUMENT;EFP_FIN;EUR;95;117.58000000;431;EXCHANGE_LAST;;1;1;XEUR;11286680;689;
26.02.2025;16:18:58.826;FGBM SI 20250306 PS;SIMPLE_INSTRUMENT;EFS;EUR;96;117.59000000;924;EXCHANGE_LAST;;1;1;XEUR;11286680;689;
26.02.2025;16:25:34.092;FGBM SI 20250306 PS;SIMPLE_INSTRUMENT;EFS;EUR;97;117.58000000;500;EXCHANGE_LAST;;1;1;XEUR;11286680;689;
26.02.2025;16:31:05.322;FGBM SI 20250306 PS;SIMPLE_INSTRUMENT;EFS;EUR;98;117.57000000;924;EXCHANGE_LAST;;1;1;XEUR;11286680;689;
26.02.2025;16:39:53.355;FGBM SI 20250306 PS;SIMPLE_INSTRUMENT;EFS;EUR;99;117.57000000;875;EXCHANGE_LAST;;1;1;XEUR;11286680;689;
26.02.2025;16:58:42.336;FGBM SI 20250306 PS;SIMPLE_INSTRUMENT;EFP_FIN;EUR;100;117.58000000;674;EXCHANGE_LAST;;1;1;XEUR;11286680;689;
26.02.2025;17:02:26.926;FGBM SI 20250306 PS;SIMPLE_INSTRUMENT;EFP_FIN;EUR;101;117.60000000;431;EXCHANGE_LAST;;1;1;XEUR;11286680;689;
26.02.2025;17:19:57.398;FGBM SI 20250306 PS;SIMPLE_INSTRUMENT;EFS;EUR;102;117.59000000;462;EXCHANGE_LAST;;1;1;XEUR;11286680;689;
26.02.2025;08:04:53.499;FGBS SI 20250306 PS;SIMPLE_INSTRUMENT;EFS;EUR;1;106.82500000;706;EXCHANGE_LAST;;1;1;XEUR;11286681;690;
26.02.2025;08:15:07.989;FGBS SI 20250306 PS;SIMPLE_INSTRUMENT;EFP_FIN;EUR;2;106.82000000;533;EXCHANGE_LAST;;1;1;XEUR;11286681;690;
26.02.2025;09:38:50.692;FGBS SI 20250306 PS;SIMPLE_INSTRUMENT;EFS;EUR;3;106.85000000;643;EXCHANGE_LAST;;1;1;XEUR;11286681;690;
26.02.2025;09:55:58.312;FGBS SI 20250306 PS;SIMPLE_INSTRUMENT;EFP_FIN;EUR;4;106.84500000;224;EXCHANGE_LAST;;1;1;XEUR;11286681;690;
26.02.2025;10:53:07.529;FGBS SI 20250306 PS;SIMPLE_INSTRUMENT;EFP_FIN;EUR;5;106.85000000;346;EXCHANGE_LAST;;1;1;XEUR;11286681;690;
26.02.2025;11:19:24.820;FGBS SI 20250306 PS;SIMPLE_INSTRUMENT;EFP_FIN;EUR;6;106.85000000;103;EXCHANGE_LAST;;1;1;XEUR;11286681;690;
26.02.2025;11:20:25.316;FGBS SI 20250306 PS;SIMPLE_INSTRUMENT;EFS;EUR;7;106.86000000;2086;EXCHANGE_LAST;;1;1;XEUR;11286681;690;
26.02.2025;11:22:02.571;FGBS SI 20250606 PS;SIMPLE_INSTRUMENT;EFS;EUR;8;106.97000000;2087;EXCHANGE_LAST;;1;1;XEUR;11820391;690;
26.02.2025;11:32:22.173;FGBS SI 20250306 PS;SIMPLE_INSTRUMENT;EFS;EUR;9;106.85000000;1043;EXCHANGE_LAST;;1;1;XEUR;11286681;690;
26.02.2025;11:39:18.541;FGBS SI 20250306 PS;SIMPLE_INSTRUMENT;EFS;EUR;10;106.84500000;2738;EXCHANGE_LAST;;1;1;XEUR;11286681;690;
26.02.2025;11:39:52.544;FGBS SI 20250306 PS;SIMPLE_INSTRUMENT;EFS;EUR;11;106.85000000;3453;EXCHANGE_LAST;;1;1;XEUR;11286681;690;
26.02.2025;11:49:57.134;FGBS SI 20250306 PS;SIMPLE_INSTRUMENT;EFS;EUR;12;106.85000000;1167;EXCHANGE_LAST;;1;1;XEUR;11286681;690;
26.02.2025;11:50:42.776;FGBS SI 20250306 PS;SIMPLE_INSTRUMENT;EFS;EUR;13;106.85000000;1074;EXCHANGE_LAST;;1;1;XEUR;11286681;690;
26.02.2025;11:52:43.971;FGBS SI 20250606 PS;SIMPLE_INSTRUMENT;EFS;EUR;14;106.96000000;2245;EXCHANGE_LAST;;1;1;XEUR;11820391;690;
26.02.2025;13:12:12.242;FGBS SI 20250306 PS;SIMPLE_INSTRUMENT;EFS;EUR;15;106.86500000;2737;EXCHANGE_LAST;;1;1;XEUR;11286681;690;
26.02.2025;13:26:55.258;FGBS SI 20250306 PS;SIMPLE_INSTRUMENT;EFP_FIN;EUR;16;106.87000000;416;EXCHANGE_LAST;;1;1;XEUR;11286681;690;
26.02.2025;13:31:14.657;FGBS SI 20250306 PS;SIMPLE_INSTRUMENT;EFS;EUR;17;106.87000000;1368;EXCHANGE_LAST;;1;1;XEUR;11286681;690;
26.02.2025;13:52:29.557;FGBS SI 20250306 PS;SIMPLE_INSTRUMENT;EFP_FIN;EUR;18;106.86000000;1066;EXCHANGE_LAST;;1;1;XEUR;11286681;690;
26.02.2025;13:59:39.980;FGBS SI 20250306 PS;SIMPLE_INSTRUMENT;EFP_FIN;EUR;19;106.86000000;2130;EXCHANGE_LAST;;1;1;XEUR;11286681;690;
26.02.2025;14:22:59.438;FGBS SI 20250306 PS;SIMPLE_INSTRUMENT;EFP_FIN;EUR;20;106.84500000;272;EXCHANGE_LAST;;1;1;XEUR;11286681;690;
26.02.2025;14:32:48.454;FGBS SI 20250306 PS;SIMPLE_INSTRUMENT;EFP_FIN;EUR;21;106.86000000;533;EXCHANGE_LAST;;1;1;XEUR;11286681;690;
26.02.2025;15:02:35.420;FGBS SI 20250306 PS;SIMPLE_INSTRUMENT;EFP_FIN;EUR;22;106.84000000;1648;EXCHANGE_LAST;;1;1;XEUR;11286681;690;
26.02.2025;15:10:34.722;FGBS SI 20250306 PS;SIMPLE_INSTRUMENT;EFS;EUR;23;106.85000000;1692;EXCHANGE_LAST;;1;1;XEUR;11286681;690;
26.02.2025;15:32:27.903;FGBS SI 20250306 PS;SIMPLE_INSTRUMENT;EFS;EUR;24;106.83500000;2700;EXCHANGE_LAST;;1;1;XEUR;11286681;690;
26.02.2025;15:46:00.264;FGBS SI 20250306 PS;SIMPLE_INSTRUMENT;EFS;EUR;25;106.83500000;1916;EXCHANGE_LAST;;1;1;XEUR;11286681;690;
26.02.2025;16:42:26.261;FGBS SI 20250306 PS;SIMPLE_INSTRUMENT;EFP_FIN;EUR;26;106.85000000;935;EXCHANGE_LAST;;1;1;XEUR;11286681;690;
26.02.2025;16:58:42.316;FGBS SI 20250306 PS;SIMPLE_INSTRUMENT;EFP_FIN;EUR;27;106.84000000;1401;EXCHANGE_LAST;;1;1;XEUR;11286681;690;
26.02.2025;08:07:02.110;FGBX SI 20250306 PS;SIMPLE_INSTRUMENT;EFS;EUR;1;128.44000000;76;EXCHANGE_LAST;;1;1;XEUR;11286682;691;
26.02.2025;08:15:24.107;FGBX.S.MAR25.JUN25.SPD;FUTURES_SPREAD;BLOCK;EUR;2;0.26000000;200;EXCHANGE_LAST;;1;1;XEUR;72060561860329564;691;
26.02.2025;08:15:24.107;FGBX SI 20250306 PS;SIMPLE_INSTRUMENT;BLOCK;EUR;2;128.52000000;200;PRC_DECOMP_EXCHANGE;;;;XEUR;11286682;691;EXCHANGE
26.02.2025;08:15:24.107;FGBX SI 20250606 PS;SIMPLE_INSTRUMENT;BLOCK;EUR;2;128.26000000;200;PRC_DECOMP_EXCHANGE;;;;XEUR;11820392;691;EXCHANGE
26.02.2025;08:17:55.148;FGBX.S.MAR25.JUN25.SPD;FUTURES_SPREAD;BLOCK;EUR;3;0.28000000;200;EXCHANGE_LAST;;1;1;XEUR;72060561860329564;691;
26.02.2025;08:17:55.148;FGBX SI 20250606 PS;SIMPLE_INSTRUMENT;BLOCK;EUR;3;128.26000000;200;PRC_DECOMP_MEMBER;;;;XEUR;11820392;691;MEMBER
26.02.2025;08:17:55.148;FGBX SI 20250306 PS;SIMPLE_INSTRUMENT;BLOCK;EUR;3;128.54000000;200;PRC_DECOMP_MEMBER;;;;XEUR;11286682;691;MEMBER
26.02.2025;08:48:59.127;FGBX SI 20250306 PS;SIMPLE_INSTRUMENT;EFS;EUR;4;128.68000000;75;EXCHANGE_LAST;;1;1;XEUR;11286682;691;
26.02.2025;08:56:35.571;FGBX SI 20250306 PS;SIMPLE_INSTRUMENT;BLOCK;EUR;5;129.12000000;360;EXCHANGE_LAST;;1;1;XEUR;11286682;691;
26.02.2025;09:46:16.222;FGBX SI 20250306 PS;SIMPLE_INSTRUMENT;EFP_FIN;EUR;7;129.04000000;297;EXCHANGE_LAST;;1;1;XEUR;11286682;691;
26.02.2025;10:16:53.777;FGBX SI 20250306 PS;SIMPLE_INSTRUMENT;EFS;EUR;9;129.16000000;758;EXCHANGE_LAST;;1;1;XEUR;11286682;691;
26.02.2025;10:22:30.316;FGBX SI 20250306 PS;SIMPLE_INSTRUMENT;BLOCK;EUR;10;129.20000000;340;EXCHANGE_LAST;;1;1;XEUR;11286682;691;
26.02.2025;10:28:35.507;FGBX SI 20250306 PS;SIMPLE_INSTRUMENT;EFS;EUR;11;129.16000000;379;EXCHANGE_LAST;;1;1;XEUR;11286682;691;
26.02.2025;10:34:26.837;FGBX SI 20250306 PS;SIMPLE_INSTRUMENT;BLOCK;EUR;14;129.20000000;181;EXCHANGE_LAST;;1;1;XEUR;11286682;691;
26.02.2025;10:58:32.319;FGBX SI 20250306 PS;SIMPLE_INSTRUMENT;BLOCK;EUR;22;129.06000000;2515;EXCHANGE_LAST;;1;1;XEUR;11286682;691;
26.02.2025;10:58:41.395;FGBX SI 20250606 PS;SIMPLE_INSTRUMENT;BLOCK;EUR;23;128.78000000;1886;EXCHANGE_LAST;;1;1;XEUR;11820392;691;
26.02.2025;10:58:48.268;FGBX SI 20250606 PS;SIMPLE_INSTRUMENT;BLOCK;EUR;24;128.80000000;629;EXCHANGE_LAST;;1;1;XEUR;11820392;691;
26.02.2025;11:22:49.150;FGBX SI 20250306 PS;SIMPLE_INSTRUMENT;EFP_FIN;EUR;25;129.06000000;152;EXCHANGE_LAST;;1;1;XEUR;11286682;691;
26.02.2025;11:37:45.534;FGBX SI 20250306 PS;SIMPLE_INSTRUMENT;EFS;EUR;26;128.98000000;244;EXCHANGE_LAST;;1;1;XEUR;11286682;691;
26.02.2025;12:14:07.817;FGBX SI 20250306 PS;SIMPLE_INSTRUMENT;EFS;EUR;29;129.00000000;379;EXCHANGE_LAST;;1;1;XEUR;11286682;691;
26.02.2025;12:21:12.652;FGBX SI 20250306 PS;SIMPLE_INSTRUMENT;EFS;EUR;31;128.92000000;190;EXCHANGE_LAST;;1;1;XEUR;11286682;691;
26.02.2025;12:23:14.970;FGBX SI 20250306 PS;SIMPLE_INSTRUMENT;EFS;EUR;32;128.94000000;380;EXCHANGE_LAST;;1;1;XEUR;11286682;691;
26.02.2025;14:41:29.480;FGBX SI 20250306 PS;SIMPLE_INSTRUMENT;EFP_FIN;EUR;41;129.14000000;148;EXCHANGE_LAST;;1;1;XEUR;11286682;691;
26.02.2025;14:44:51.709;FGBX SI 20250306 PS;SIMPLE_INSTRUMENT;EFP_FIN;EUR;42;129.06000000;408;EXCHANGE_LAST;;1;1;XEUR;11286682;691;
26.02.2025;14:47:48.096;FGBX SI 20250306 PS;SIMPLE_INSTRUMENT;EFP_FIN;EUR;43;129.06000000;743;EXCHANGE_LAST;;1;1;XEUR;11286682;691;
26.02.2025;15:28:23.185;FGBX SI 20250306 PS;SIMPLE_INSTRUMENT;EFS;EUR;47;129.04000000;75;EXCHANGE_LAST;;1;1;XEUR;11286682;691;
26.02.2025;15:27:01.782;FGBX SI 20250306 PS;SIMPLE_INSTRUMENT;EFP_FIN;EUR;48;128.98000000;186;EXCHANGE_LAST;;1;1;XEUR;11286682;691;
26.02.2025;15:44:43.171;FGBX SI 20250306 PS;SIMPLE_INSTRUMENT;EFP_FIN;EUR;50;128.98000000;136;EXCHANGE_LAST;;1;1;XEUR;11286682;691;
26.02.2025;16:15:06.169;FGBX SI 20250306 PS;SIMPLE_INSTRUMENT;EFS;EUR;58;129.14000000;302;EXCHANGE_LAST;;1;1;XEUR;11286682;691;
26.02.2025;16:40:05.644;FGBX SI 20250306 PS;SIMPLE_INSTRUMENT;EFP_FIN;EUR;60;129.24000000;371;EXCHANGE_LAST;;1;1;XEUR;11286682;691;
26.02.2025;10:02:09.441;FIA5 SI 20250918 PS AM P 12.00 0;SIMPLE_INSTRUMENT;BLOCK;EUR;1;0.86500000;1000;EXCHANGE_LAST;;1;1;XEUR;11865834;48227;
26.02.2025;14:10:56.786;FIA5.O.250226.STG.000004;STANDARD_OPTION_STRATEGY;BLOCK;EUR;19;0.89000000;750;EXCHANGE_LAST;;1;1;XEUR;72264727425720098;48227;
26.02.2025;14:10:56.786;FIA5 SI 20250918 PS AM P 11.00 0;SIMPLE_INSTRUMENT;BLOCK;EUR;19;0.56400000;750;PRC_DECOMP_EXCHANGE;;;;XEUR;11865836;48227;EXCHANGE
26.02.2025;14:10:56.786;FIA5 SI 20250918 PS AM C 15.00 0;SIMPLE_INSTRUMENT;BLOCK;EUR;19;0.32600000;750;PRC_DECOMP_EXCHANGE;;;;XEUR;11865797;48227;EXCHANGE
26.02.2025;15:12:36.446;FIA5.O.250226.STD.000003;STANDARD_OPTION_STRATEGY;BLOCK;EUR;22;3.43000000;500;EXCHANGE_LAST;;1;1;XEUR;72264727425720097;48227;
26.02.2025;15:12:36.446;FIA5 SI 20260618 PS AM C 12.00 0;SIMPLE_INSTRUMENT;BLOCK;EUR;22;1.85200000;500;PRC_DECOMP_EXCHANGE;;;;XEUR;11340157;48227;EXCHANGE
26.02.2025;15:12:36.446;FIA5 SI 20260618 PS AM P 12.00 0;SIMPLE_INSTRUMENT;BLOCK;EUR;22;1.57800000;500;PRC_DECOMP_EXCHANGE;;;;XEUR;11340150;48227;EXCHANGE
26.02.2025;13:35:53.734;FIAK SI 20250619 CS;SIMPLE_INSTRUMENT;BLOCK;EUR;57;12.42000000;5000;EXCHANGE_LAST;;1;1;XEUR;11164348;144766;
26.02.2025;17:14:07.946;FIAK SI 20250320 CS;SIMPLE_INSTRUMENT;BLOCK;EUR;115;12.92390000;100;EXCHANGE_LAST;;1;1;XEUR;10690012;144766;
26.02.2025;07:44:19.508;FMAE SI 20250321 CS;SIMPLE_INSTRUMENT;BLOCK;EUR;15;421.52800000;929;EXCHANGE_LAST;;1;1;XEUR;7590772;48921;
26.02.2025;07:49:51.560;FMAS SI 20250321 CS;SIMPLE_INSTRUMENT;BLOCK;USD;17;636.64000000;340;EXCHANGE_LAST;;1;1;XEUR;7589709;7061;
26.02.2025;01:07:29.761;FMAU SI 20250321 CS;SIMPLE_INSTRUMENT;BLOCK;USD;3;5722.29300000;207;EXCHANGE_LAST;;1;2;XEUR;7590511;45287;
26.02.2025;09:47:55.679;FMCH SI 20250321 CS;SIMPLE_INSTRUMENT;BLOCK;USD;30;581.15200000;692;EXCHANGE_LAST;;1;1;XEUR;7592069;402909;
26.02.2025;00:44:31.991;FMEA SI 20250321 CS;SIMPLE_INSTRUMENT;BLOCK;USD;2;710.62200000;100;EXCHANGE_LAST;;1;1;XEUR;7589834;12395;
26.02.2025;02:04:31.135;FMEA SI 20250321 CS;SIMPLE_INSTRUMENT;BLOCK;USD;4;711.15400000;800;EXCHANGE_LAST;;1;1;XEUR;7589834;12395;
26.02.2025;08:17:18.177;FMEA SI 20250321 CS;SIMPLE_INSTRUMENT;BLOCK;USD;22;721.80000000;4157;EXCHANGE_LAST;;1;1;XEUR;7589834;12395;
26.02.2025;08:17:39.408;FMEA SI 20250620 CS;SIMPLE_INSTRUMENT;BLOCK;USD;23;730.24500000;4109;EXCHANGE_LAST;;1;1;XEUR;7938804;12395;
26.02.2025;08:45:30.509;FMEA SI 20250321 CS;SIMPLE_INSTRUMENT;BLOCK;USD;27;723.30000000;1383;EXCHANGE_LAST;;1;1;XEUR;7589834;12395;
26.02.2025;08:47:30.830;FMEA SI 20250620 CS;SIMPLE_INSTRUMENT;BLOCK;USD;28;731.76300000;1367;EXCHANGE_LAST;;1;1;XEUR;7938804;12395;
26.02.2025;07:57:34.391;FMED SI 20250321 CS;SIMPLE_INSTRUMENT;BLOCK;USD;19;10170.12000000;984;EXCHANGE_LAST;;1;1;XEUR;7590729;48144;
26.02.2025;08:18:37.148;FMED SI 20250321 CS;SIMPLE_INSTRUMENT;BLOCK;USD;24;10170.12000000;500;EXCHANGE_LAST;;1;1;XEUR;7590729;48144;
26.02.2025;09:47:44.012;FMEL SI 20250321 CS;SIMPLE_INSTRUMENT;BLOCK;USD;29;524.30000000;70;EXCHANGE_LAST;;1;1;XEUR;7589856;12397;
26.02.2025;07:57:56.042;FMEN SI 20250321 CS;SIMPLE_INSTRUMENT;EFP_IDX;EUR;20;537.52000000;42;EXCHANGE_LAST;;1;1;XEUR;7590212;30652;
26.02.2025;08:33:43.696;FMGC SI 20250321 CS;SIMPLE_INSTRUMENT;BLOCK;USD;25;12990.82000000;80;EXCHANGE_LAST;;1;1;XEUR;7590767;48916;
26.02.2025;14:57:40.339;FMGO SI 20250321 CS;SIMPLE_INSTRUMENT;BLOCK;USD;32;5446.00000000;89;EXCHANGE_LAST;;1;1;XEUR;8609359;583623;
26.02.2025;02:28:30.721;FMHK SI 20250321 CS;SIMPLE_INSTRUMENT;BLOCK;USD;6;58355.23100000;117;EXCHANGE_LAST;;1;1;XEUR;7590500;45282;
26.02.2025;01:26:35.215;FMID SI 20250321 CS;SIMPLE_INSTRUMENT;EFP_IDX;USD;1;1429.77500000;34;EXCHANGE_LAST;;1;1;XEUR;7590528;45289;
26.02.2025;00:24:05.485;FMIN SI 20250321 CS;SIMPLE_INSTRUMENT;BLOCK;USD;1;1143.45000000;90;EXCHANGE_LAST;;1;1;XEUR;7589865;12404;
26.02.2025;02:18:22.168;FMIN SI 20250321 CS;SIMPLE_INSTRUMENT;BLOCK;USD;5;1143.66600000;437;EXCHANGE_LAST;;1;1;XEUR;7589865;12404;
26.02.2025;08:20:17.866;FMIN SI 20250321 CS;SIMPLE_INSTRUMENT;BLOCK;USD;21;1143.60900000;78;EXCHANGE_LAST;;1;1;XEUR;7589865;12404;
26.02.2025;17:44:40.779;FMPA SI 20250321 CS;SIMPLE_INSTRUMENT;BLOCK;USD;44;8760.00000000;25;EXCHANGE_LAST;;1;1;XEUR;7590728;48143;
26.02.2025;03:25:32.071;FMPH SI 20250321 CS;SIMPLE_INSTRUMENT;EFP_IDX;USD;3;399.53900000;50;EXCHANGE_LAST;;1;1;XEUR;7589869;12548;
26.02.2025;07:31:10.222;FMPX SI 20250321 CS;SIMPLE_INSTRUMENT;BLOCK;USD;11;8241.61000000;18;EXCHANGE_LAST;;1;1;XEUR;7590531;45291;
26.02.2025;12:30:57.452;FMSA SI 20250321 CS;SIMPLE_INSTRUMENT;BLOCK;USD;31;1829.77000000;96;EXCHANGE_LAST;;1;1;XEUR;7591259;134861;
26.02.2025;07:22:11.853;FMST SI 20250321 CS;SIMPLE_INSTRUMENT;BLOCK;CHF;4;4153.13000000;1130;EXCHANGE_LAST;;1;1;XEUR;7592068;402908;
26.02.2025;02:07:20.263;FMTW SI 20250321 CS;SIMPLE_INSTRUMENT;BLOCK;USD;2;829.40100000;151;EXCHANGE_LAST;;1;1;XEUR;7590882;51884;
26.02.2025;11:25:45.256;FMUA SI 20250321 CS;SIMPLE_INSTRUMENT;BLOCK;USD;5;939.91000000;41;EXCHANGE_LAST;;1;1;XEUR;7590507;45284;
26.02.2025;07:28:18.053;FMUQ SI 20250321 CS;SIMPLE_INSTRUMENT;EFP_IDX;USD;10;6148.18000000;81;EXCHANGE_LAST;;1;1;XEUR;7590731;48146;
26.02.2025;07:12:24.444;FMWN SI 20250321 CS;SIMPLE_INSTRUMENT;BLOCK;EUR;8;590.48000000;2200;EXCHANGE_LAST;;1;1;XEUR;7590222;30654;
26.02.2025;07:38:19.325;FMWN SI 20250321 CS;SIMPLE_INSTRUMENT;EFP_IDX;EUR;13;590.05000000;10;EXCHANGE_LAST;;1;1;XEUR;7590222;30654;
26.02.2025;07:04:15.994;FMWO SI 20250321 CS;SIMPLE_INSTRUMENT;EFP_IDX;USD;7;12124.70000000;100;EXCHANGE_LAST;;1;1;XEUR;7589707;7059;
26.02.2025;07:15:27.032;FMWO SI 20250321 CS;SIMPLE_INSTRUMENT;EFP_IDX;USD;9;12123.65000000;225;EXCHANGE_LAST;;1;1;XEUR;7589707;7059;
26.02.2025;07:34:53.895;FMWO SI 20250321 CS;SIMPLE_INSTRUMENT;EFP_IDX;USD;12;12124.85000000;1008;EXCHANGE_LAST;;1;1;XEUR;7589707;7059;
26.02.2025;07:41:59.521;FMWO SI 20250321 CS;SIMPLE_INSTRUMENT;BLOCK;USD;14;12123.71000000;2387;EXCHANGE_LAST;;1;1;XEUR;7589707;7059;
26.02.2025;07:54:34.803;FMWO SI 20250321 CS;SIMPLE_INSTRUMENT;EFP_IDX;USD;16;12124.45000000;48;EXCHANGE_LAST;;1;1;XEUR;7589707;7059;
26.02.2025;08:36:09.893;FMWO SI 20250321 CS;SIMPLE_INSTRUMENT;EFP_IDX;USD;26;12124.95000000;61;EXCHANGE_LAST;;1;1;XEUR;7589707;7059;
26.02.2025;07:49:47.993;FMXG SI 20250321 CS;SIMPLE_INSTRUMENT;EFP_IDX;EUR;18;391.62600000;7389;EXCHANGE_LAST;;1;1;XEUR;7591194;124306;
26.02.2025;08:00:26.658;FOAT SI 20250306 PS;SIMPLE_INSTRUMENT;EFS;EUR;1;123.82000000;813;EXCHANGE_LAST;;1;1;XEUR;11286683;749;
26.02.2025;08:39:10.912;FOAT SI 20250306 PS;SIMPLE_INSTRUMENT;EFP_FIN;EUR;2;123.92000000;1577;EXCHANGE_LAST;;1;1;XEUR;11286683;749;
26.02.2025;08:42:32.077;FOAT SI 20250306 PS;SIMPLE_INSTRUMENT;EFP_FIN;EUR;3;124.02000000;809;EXCHANGE_LAST;;1;1;XEUR;11286683;749;
26.02.2025;09:29:16.967;FOAT SI 20250606 PS;SIMPLE_INSTRUMENT;EFP_FIN;EUR;4;125.42000000;197;EXCHANGE_LAST;;1;1;XEUR;11820393;749;
26.02.2025;09:46:50.655;FOAT SI 20250306 PS;SIMPLE_INSTRUMENT;EFP_FIN;EUR;5;124.14000000;1217;EXCHANGE_LAST;;1;1;XEUR;11286683;749;
26.02.2025;09:56:14.828;FOAT SI 20250306 PS;SIMPLE_INSTRUMENT;EFP_FIN;EUR;6;124.12000000;834;EXCHANGE_LAST;;1;1;XEUR;11286683;749;
26.02.2025;09:57:41.419;FOAT SI 20250306 PS;SIMPLE_INSTRUMENT;EFP_FIN;EUR;7;124.09000000;1251;EXCHANGE_LAST;;1;1;XEUR;11286683;749;
26.02.2025;10:01:58.486;FOAT SI 20250306 PS;SIMPLE_INSTRUMENT;EFP_FIN;EUR;8;124.15000000;834;EXCHANGE_LAST;;1;1;XEUR;11286683;749;
26.02.2025;10:03:32.076;FOAT SI 20250306 PS;SIMPLE_INSTRUMENT;EFP_FIN;EUR;9;124.06000000;1251;EXCHANGE_LAST;;1;1;XEUR;11286683;749;
26.02.2025;10:18:56.331;FOAT SI 20250306 PS;SIMPLE_INSTRUMENT;EFP_FIN;EUR;10;124.08000000;417;EXCHANGE_LAST;;1;1;XEUR;11286683;749;
26.02.2025;10:19:11.719;FOAT SI 20250306 PS;SIMPLE_INSTRUMENT;EFP_FIN;EUR;11;124.08000000;834;EXCHANGE_LAST;;1;1;XEUR;11286683;749;
26.02.2025;10:20:05.977;FOAT SI 20250306 PS;SIMPLE_INSTRUMENT;EFP_FIN;EUR;12;124.18000000;1615;EXCHANGE_LAST;;1;1;XEUR;11286683;749;
26.02.2025;10:40:50.588;FOAT SI 20250306 PS;SIMPLE_INSTRUMENT;EFP_FIN;EUR;13;124.20000000;1126;EXCHANGE_LAST;;1;1;XEUR;11286683;749;
26.02.2025;10:41:43.454;FOAT.S.MAR25.JUN25.SPD;FUTURES_SPREAD;BLOCK;EUR;14;-1.30000000;346;EXCHANGE_LAST;;1;1;XEUR;72060810968432732;749;
26.02.2025;10:41:43.454;FOAT SI 20250306 PS;SIMPLE_INSTRUMENT;BLOCK;EUR;14;124.22000000;346;PRC_DECOMP_EXCHANGE;;;;XEUR;11286683;749;EXCHANGE
26.02.2025;10:41:43.454;FOAT SI 20250606 PS;SIMPLE_INSTRUMENT;BLOCK;EUR;14;125.52000000;346;PRC_DECOMP_EXCHANGE;;;;XEUR;11820393;749;EXCHANGE
26.02.2025;10:53:06.476;FOAT SI 20250306 PS;SIMPLE_INSTRUMENT;EFP_FIN;EUR;15;124.22000000;834;EXCHANGE_LAST;;1;1;XEUR;11286683;749;
26.02.2025;10:55:01.583;FOAT SI 20250306 PS;SIMPLE_INSTRUMENT;EFP_FIN;EUR;16;124.18000000;1251;EXCHANGE_LAST;;1;1;XEUR;11286683;749;
26.02.2025;11:06:50.440;FOAT SI 20250306 PS;SIMPLE_INSTRUMENT;EFP_FIN;EUR;17;124.14000000;1535;EXCHANGE_LAST;;1;1;XEUR;11286683;749;
26.02.2025;12:05:23.603;FOAT SI 20250306 PS;SIMPLE_INSTRUMENT;EFP_FIN;EUR;18;124.20000000;834;EXCHANGE_LAST;;1;1;XEUR;11286683;749;
26.02.2025;12:39:24.459;FOAT SI 20250306 PS;SIMPLE_INSTRUMENT;EFP_FIN;EUR;19;124.24000000;2085;EXCHANGE_LAST;;1;1;XEUR;11286683;749;
26.02.2025;12:53:33.805;FOAT SI 20250306 PS;SIMPLE_INSTRUMENT;EFP_FIN;EUR;20;124.28000000;208;EXCHANGE_LAST;;1;1;XEUR;11286683;749;
26.02.2025;12:53:53.385;FOAT SI 20250306 PS;SIMPLE_INSTRUMENT;EFP_FIN;EUR;21;124.28000000;209;EXCHANGE_LAST;;1;1;XEUR;11286683;749;
26.02.2025;13:08:57.318;FOAT SI 20250306 PS;SIMPLE_INSTRUMENT;EFP_FIN;EUR;22;124.28000000;417;EXCHANGE_LAST;;1;1;XEUR;11286683;749;
26.02.2025;13:12:05.003;FOAT SI 20250306 PS;SIMPLE_INSTRUMENT;BLOCK;EUR;23;124.28000000;1025;EXCHANGE_LAST;;1;1;XEUR;11286683;749;
26.02.2025;13:22:58.081;FOAT SI 20250306 PS;SIMPLE_INSTRUMENT;EFP_FIN;EUR;24;124.20000000;417;EXCHANGE_LAST;;1;1;XEUR;11286683;749;
26.02.2025;13:25:10.054;FOAT SI 20250306 PS;SIMPLE_INSTRUMENT;EFP_FIN;EUR;25;124.26000000;276;EXCHANGE_LAST;;1;1;XEUR;11286683;749;
26.02.2025;13:27:42.020;FOAT SI 20250306 PS;SIMPLE_INSTRUMENT;EFP_FIN;EUR;26;124.26000000;555;EXCHANGE_LAST;;1;1;XEUR;11286683;749;
26.02.2025;13:37:44.005;FOAT SI 20250306 PS;SIMPLE_INSTRUMENT;EFP_FIN;EUR;27;124.26000000;1251;EXCHANGE_LAST;;1;1;XEUR;11286683;749;
26.02.2025;13:47:24.387;FOAT SI 20250306 PS;SIMPLE_INSTRUMENT;BLOCK;EUR;28;124.23000000;781;EXCHANGE_LAST;;1;1;XEUR;11286683;749;
26.02.2025;13:56:11.971;FOAT SI 20250306 PS;SIMPLE_INSTRUMENT;EFP_FIN;EUR;29;124.21000000;139;EXCHANGE_LAST;;1;1;XEUR;11286683;749;
26.02.2025;14:01:15.262;FOAT SI 20250306 PS;SIMPLE_INSTRUMENT;BLOCK;EUR;30;124.20000000;2000;EXCHANGE_LAST;;1;1;XEUR;11286683;749;
26.02.2025;14:01:39.116;FOAT SI 20250606 PS;SIMPLE_INSTRUMENT;BLOCK;EUR;31;125.50000000;1000;EXCHANGE_LAST;;1;1;XEUR;11820393;749;
26.02.2025;14:01:47.227;FOAT SI 20250606 PS;SIMPLE_INSTRUMENT;BLOCK;EUR;32;125.51000000;1000;EXCHANGE_LAST;;1;1;XEUR;11820393;749;
26.02.2025;14:13:06.068;FOAT SI 20250306 PS;SIMPLE_INSTRUMENT;EFP_FIN;EUR;33;124.20000000;834;EXCHANGE_LAST;;1;1;XEUR;11286683;749;
26.02.2025;14:16:49.409;FOAT SI 20250306 PS;SIMPLE_INSTRUMENT;EFP_FIN;EUR;34;124.14000000;141;EXCHANGE_LAST;;1;1;XEUR;11286683;749;
26.02.2025;14:27:44.171;FOAT SI 20250306 PS;SIMPLE_INSTRUMENT;EFP_FIN;EUR;35;124.13000000;887;EXCHANGE_LAST;;1;1;XEUR;11286683;749;
26.02.2025;14:26:21.140;FOAT SI 20250306 PS;SIMPLE_INSTRUMENT;EFP_FIN;EUR;36;124.12000000;89;EXCHANGE_LAST;;1;1;XEUR;11286683;749;
26.02.2025;14:40:34.284;FOAT SI 20250306 PS;SIMPLE_INSTRUMENT;EFP_FIN;EUR;37;124.17000000;1251;EXCHANGE_LAST;;1;1;XEUR;11286683;749;
26.02.2025;14:44:25.316;FOAT SI 20250306 PS;SIMPLE_INSTRUMENT;EFP_FIN;EUR;38;124.14000000;323;EXCHANGE_LAST;;1;1;XEUR;11286683;749;
26.02.2025;15:04:42.031;FOAT SI 20250306 PS;SIMPLE_INSTRUMENT;EFP_FIN;EUR;39;124.29000000;506;EXCHANGE_LAST;;1;1;XEUR;11286683;749;
26.02.2025;15:49:49.789;FOAT SI 20250306 PS;SIMPLE_INSTRUMENT;EFP_FIN;EUR;40;124.23000000;208;EXCHANGE_LAST;;1;1;XEUR;11286683;749;
26.02.2025;15:57:34.912;FOAT SI 20250306 PS;SIMPLE_INSTRUMENT;BLOCK;EUR;41;124.21000000;1625;EXCHANGE_LAST;;1;1;XEUR;11286683;749;
26.02.2025;15:58:13.685;FOAT SI 20250306 PS;SIMPLE_INSTRUMENT;EFP_FIN;EUR;42;124.20000000;625;EXCHANGE_LAST;;1;1;XEUR;11286683;749;
26.02.2025;15:58:22.186;FOAT SI 20250306 PS;SIMPLE_INSTRUMENT;EFP_FIN;EUR;43;124.20000000;1668;EXCHANGE_LAST;;1;1;XEUR;11286683;749;
26.02.2025;16:06:49.785;FOAT SI 20250606 PS;SIMPLE_INSTRUMENT;BLOCK;EUR;44;125.49000000;2665;EXCHANGE_LAST;;1;1;XEUR;11820393;749;
26.02.2025;16:14:16.354;FOAT SI 20250306 PS;SIMPLE_INSTRUMENT;EFP_FIN;EUR;45;124.18000000;834;EXCHANGE_LAST;;1;1;XEUR;11286683;749;
26.02.2025;16:14:41.513;FOAT SI 20250306 PS;SIMPLE_INSTRUMENT;EFP_FIN;EUR;46;124.18000000;834;EXCHANGE_LAST;;1;1;XEUR;11286683;749;
26.02.2025;16:24:07.188;FOAT SI 20250306 PS;SIMPLE_INSTRUMENT;EFP_FIN;EUR;47;124.25000000;355;EXCHANGE_LAST;;1;1;XEUR;11286683;749;
26.02.2025;16:28:56.096;FOAT SI 20250606 PS;SIMPLE_INSTRUMENT;BLOCK;EUR;48;125.52000000;2665;EXCHANGE_LAST;;1;1;XEUR;11820393;749;
26.02.2025;16:29:14.358;FOAT SI 20250606 PS;SIMPLE_INSTRUMENT;EFP_FIN;EUR;49;125.51000000;5122;EXCHANGE_LAST;;1;1;XEUR;11820393;749;
26.02.2025;16:32:23.415;FOAT SI 20250306 PS;SIMPLE_INSTRUMENT;EFP_FIN;EUR;50;124.29000000;865;EXCHANGE_LAST;;1;1;XEUR;11286683;749;
26.02.2025;16:42:50.007;FOAT SI 20250306 PS;SIMPLE_INSTRUMENT;EFP_FIN;EUR;51;124.23000000;2451;EXCHANGE_LAST;;1;1;XEUR;11286683;749;
26.02.2025;16:44:17.450;FOAT SI 20250306 PS;SIMPLE_INSTRUMENT;EFP_FIN;EUR;52;124.25000000;1668;EXCHANGE_LAST;;1;1;XEUR;11286683;749;
26.02.2025;16:48:29.599;FOAT SI 20250306 PS;SIMPLE_INSTRUMENT;EFP_FIN;EUR;53;124.25000000;1397;EXCHANGE_LAST;;1;1;XEUR;11286683;749;
26.02.2025;16:52:23.307;FOAT SI 20250606 PS;SIMPLE_INSTRUMENT;BLOCK;EUR;54;125.52000000;1555;EXCHANGE_LAST;;1;1;XEUR;11820393;749;
26.02.2025;16:54:58.454;FOAT SI 20250306 PS;SIMPLE_INSTRUMENT;EFP_FIN;EUR;55;124.14000000;834;EXCHANGE_LAST;;1;1;XEUR;11286683;749;
26.02.2025;16:58:42.336;FOAT SI 20250306 PS;SIMPLE_INSTRUMENT;EFP_FIN;EUR;56;124.25000000;238;EXCHANGE_LAST;;1;1;XEUR;11286683;749;
26.02.2025;17:07:43.049;FOAT SI 20250306 PS;SIMPLE_INSTRUMENT;EFP_FIN;EUR;57;124.27000000;1251;EXCHANGE_LAST;;1;1;XEUR;11286683;749;
26.02.2025;16:49:48.604;FSCP SI 20250321 CS;SIMPLE_INSTRUMENT;BLOCK;EUR;48;353.40000000;300;EXCHANGE_LAST;;1;1;XEUR;11360241;764;
26.02.2025;16:49:56.632;FSCP SI 20250321 CS;SIMPLE_INSTRUMENT;BLOCK;EUR;49;353.50000000;700;EXCHANGE_LAST;;1;1;XEUR;11360241;764;
26.02.2025;17:00:27.061;FSEG SI 20250321 CS;SIMPLE_INSTRUMENT;EFP_IDX;EUR;56;207.10000000;44;EXCHANGE_LAST;;1;1;XEUR;11393888;109977;
26.02.2025;17:00:32.078;FSEG SI 20250321 CS;SIMPLE_INSTRUMENT;EFP_IDX;EUR;57;207.20000000;44;EXCHANGE_LAST;;1;1;XEUR;11393888;109977;
26.02.2025;17:01:53.701;FSEG SI 20250321 CS;SIMPLE_INSTRUMENT;EFP_IDX;EUR;58;207.20000000;90;EXCHANGE_LAST;;1;1;XEUR;11393888;109977;
26.02.2025;17:02:06.926;FSEG SI 20250321 CS;SIMPLE_INSTRUMENT;EFP_IDX;EUR;59;207.10000000;130;EXCHANGE_LAST;;1;1;XEUR;11393888;109977;
26.02.2025;12:03:58.033;FSMI SI 20250321 CS;SIMPLE_INSTRUMENT;BLOCK;CHF;1;13020.00000000;500;EXCHANGE_LAST;;1;1;XEUR;7793721;757;
26.02.2025;16:22:59.945;FSMI SI 20250321 CS;SIMPLE_INSTRUMENT;BLOCK;CHF;2;12995.00000000;800;EXCHANGE_LAST;;1;1;XEUR;7793721;757;
26.02.2025;16:35:13.338;FSMI SI 20250321 CS;SIMPLE_INSTRUMENT;EFP_IDX;CHF;3;13002.00000000;31;EXCHANGE_LAST;;1;1;XEUR;7793721;757;
26.02.2025;16:35:22.722;FSMI SI 20250321 CS;SIMPLE_INSTRUMENT;EFP_IDX;CHF;4;13003.00000000;54;EXCHANGE_LAST;;1;1;XEUR;7793721;757;
26.02.2025;16:40:55.364;FSMI SI 20250321 CS;SIMPLE_INSTRUMENT;EFP_IDX;CHF;5;13002.00000000;64;EXCHANGE_LAST;;1;1;XEUR;7793721;757;
26.02.2025;16:40:29.754;FSMI SI 20250321 CS;SIMPLE_INSTRUMENT;EFP_IDX;CHF;6;13003.00000000;222;EXCHANGE_LAST;;1;1;XEUR;7793721;757;
26.02.2025;16:41:31.392;FSMI SI 20250321 CS;SIMPLE_INSTRUMENT;EFP_IDX;CHF;7;13002.00000000;128;EXCHANGE_LAST;;1;1;XEUR;7793721;757;
26.02.2025;16:50:42.419;FSMI SI 20250321 CS;SIMPLE_INSTRUMENT;EFP_IDX;CHF;8;13002.00000000;140;EXCHANGE_LAST;;1;1;XEUR;7793721;757;
26.02.2025;16:51:22.803;FSMI SI 20250321 CS;SIMPLE_INSTRUMENT;EFP_IDX;CHF;9;13003.00000000;243;EXCHANGE_LAST;;1;1;XEUR;7793721;757;
26.02.2025;13:26:52.303;FSMX SI 20250321 CS;SIMPLE_INSTRUMENT;BLOCK;EUR;15;28720.00000000;625;EXCHANGE_LAST;;1;1;XEUR;11405203;396422;
26.02.2025;13:30:15.328;FSMX SI 20250321 CS;SIMPLE_INSTRUMENT;BLOCK;EUR;16;28720.00000000;625;EXCHANGE_LAST;;1;1;XEUR;11405203;396422;
26.02.2025;13:45:01.681;FSMX SI 20250321 CS;SIMPLE_INSTRUMENT;BLOCK;EUR;17;28720.00000000;300;EXCHANGE_LAST;;1;1;XEUR;11405203;396422;
26.02.2025;13:38:01.616;FSMX SI 20250321 CS;SIMPLE_INSTRUMENT;BLOCK;EUR;18;28720.00000000;500;EXCHANGE_LAST;;1;1;XEUR;11405203;396422;
26.02.2025;16:13:36.302;FSMX SI 20250321 CS;SIMPLE_INSTRUMENT;BLOCK;EUR;36;28632.00000000;1000;EXCHANGE_LAST;;1;1;XEUR;11405203;396422;
26.02.2025;16:16:44.247;FSMX SI 20250321 CS;SIMPLE_INSTRUMENT;BLOCK;EUR;37;28672.00000000;370;EXCHANGE_LAST;;1;1;XEUR;11405203;396422;
26.02.2025;16:46:16.891;FSMX SI 20250321 CS;SIMPLE_INSTRUMENT;EFP_IDX;EUR;46;28685.00000000;61;EXCHANGE_LAST;;1;1;XEUR;11405203;396422;
