#Date;TrdTime;Contract;ContractType;TrdTyp;Currency;TesId;Prc;Qty;TrdInd;Aggressor;Buy;Sell;Exch;InstrumentId;RelatedProdId;PrcDecomp
14.01.2025;10:37:46.971;A2XA SI 20250620 CS;SIMPLE_INSTRUMENT;BLOCK;EUR;16;2.12500000;250;EXCHANGE_LAST;;1;1;XEUR;10827630;17;
14.01.2025;11:49:27.406;A2XA SI 20250620 CS;SIMPLE_INSTRUMENT;BLOCK;EUR;43;2.12500000;750;EXCHANGE_LAST;;2;2;XEUR;10827630;17;
14.01.2025;09:10:40.160;ABBN FI 20250212 CS EU C 51.7000 0;FLEXIBLE_INSTRUMENT;BLOCK;CHF;5;0.44000000;1200;EXCHANGE_LAST;;1;1;XEUR;1155389036332854028;574517;
14.01.2025;10:28:44.807;ABBN SI 20250620 PS AM P 48.00 0;SIMPLE_INSTRUMENT;BLOCK;CHF;26;2.80000000;1250;EXCHANGE_LAST;;1;1;XEUR;8902740;574517;
14.01.2025;13:02:22.876;ACC SI 20260619 PS AM P 36.00 0;SIMPLE_INSTRUMENT;BLOCK;CHF;51;2.65000000;900;EXCHANGE_LAST;;1;2;XEUR;11411168;626616;
14.01.2025;11:08:02.107;ADEN SI 20251219 PS AM P 20.00 0;SIMPLE_INSTRUMENT;BLOCK;CHF;36;2.45000000;1875;EXCHANGE_LAST;;1;1;XEUR;7753932;44;
14.01.2025;11:08:02.088;ADEN SI 20251219 PS AM C 20.00 0;SIMPLE_INSTRUMENT;BLOCK;CHF;37;2.37000000;1875;EXCHANGE_LAST;;1;1;XEUR;7753927;44;
14.01.2025;10:46:39.611;ADS SI 20250221 PS AM C 240.00 0;SIMPLE_INSTRUMENT;BLOCK;EUR;5;8.20000000;500;EXCHANGE_LAST;;1;1;XEUR;12237466;50;
14.01.2025;10:52:55.048;ALV SI 20250620 PS AM C 295.00 0;SIMPLE_INSTRUMENT;BLOCK;EUR;1;12.65000000;300;EXCHANGE_LAST;;1;1;XEUR;12394556;74;
14.01.2025;11:16:12.123;ANN SI 20260619 PS AM P 24.00 0;SIMPLE_INSTRUMENT;BLOCK;EUR;12;2.69000000;750;EXCHANGE_LAST;;1;1;XEUR;9576332;45202;
14.01.2025;16:56:45.175;ASGG SI 20250116 CS;SIMPLE_INSTRUMENT;BLOCK;EUR;149;28.49000000;5000;EXCHANGE_LAST;;1;1;XEUR;10379877;106;
14.01.2025;16:56:48.195;ASGG SI 20250220 CS;SIMPLE_INSTRUMENT;BLOCK;EUR;151;28.50370000;5000;EXCHANGE_LAST;;1;1;XEUR;10555603;106;
14.01.2025;16:56:46.321;ASGP SI 20250116 PS;SIMPLE_INSTRUMENT;BLOCK;EUR;150;28.49000000;50000;EXCHANGE_LAST;;1;1;XEUR;10388417;243405;
14.01.2025;16:56:51.839;ASGP SI 20250220 PS;SIMPLE_INSTRUMENT;BLOCK;EUR;152;28.50000000;50000;EXCHANGE_LAST;;1;1;XEUR;10558338;243405;
14.01.2025;08:57:06.058;ASMH.S.JAN25.MAR25.SPD;FUTURES_SPREAD;BLOCK;EUR;1;-2.66000000;260;EXCHANGE_LAST;;1;1;XEUR;72074683712798956;3979;
14.01.2025;08:57:06.058;ASMH SI 20250117 CS;SIMPLE_INSTRUMENT;BLOCK;EUR;1;721.00000000;260;PRC_DECOMP_MEMBER;;;;XEUR;10429623;3979;MEMBER
14.01.2025;08:57:06.058;ASMH SI 20250321 CS;SIMPLE_INSTRUMENT;BLOCK;EUR;1;723.66000000;260;PRC_DECOMP_MEMBER;;;;XEUR;10717245;3979;MEMBER
14.01.2025;08:39:27.709;AXA.O.250114.STD.000005;STANDARD_OPTION_STRATEGY;BLOCK;EUR;2;5.79000000;4000;EXCHANGE_LAST;;1;1;XEUR;72058139498795205;127;
14.01.2025;08:39:27.709;AXA SI 20251219 PS AM C 32.00 0;SIMPLE_INSTRUMENT;BLOCK;EUR;2;3.30000000;4000;PRC_DECOMP_MEMBER;;;;XEUR;6158497;127;MEMBER
14.01.2025;08:39:27.709;AXA SI 20251219 PS AM P 32.00 0;SIMPLE_INSTRUMENT;BLOCK;EUR;2;2.49000000;4000;PRC_DECOMP_MEMBER;;;;XEUR;6158498;127;MEMBER
14.01.2025;12:28:19.901;B2MW SI 20251219 CS;SIMPLE_INSTRUMENT;BLOCK;EUR;53;4.28000000;50;EXCHANGE_LAST;;1;1;XEUR;3681121;128;
14.01.2025;16:42:19.430;B2MW SI 20261218 CS;SIMPLE_INSTRUMENT;BLOCK;EUR;122;4.06000000;50;EXCHANGE_LAST;;1;1;XEUR;4632168;128;
14.01.2025;13:47:41.220;B2NP SI 20261218 CS;SIMPLE_INSTRUMENT;BLOCK;EUR;69;4.63000000;500;EXCHANGE_LAST;;1;1;XEUR;6798320;131;
14.01.2025;14:20:42.694;B2NP SI 20261218 CS;SIMPLE_INSTRUMENT;BLOCK;EUR;71;4.63000000;100;EXCHANGE_LAST;;1;1;XEUR;6798320;131;
14.01.2025;14:57:11.927;B2NP SI 20261218 CS;SIMPLE_INSTRUMENT;BLOCK;EUR;82;4.63000000;200;EXCHANGE_LAST;;1;1;XEUR;6798320;131;
14.01.2025;15:30:41.130;B2NP SI 20271217 CS;SIMPLE_INSTRUMENT;BLOCK;EUR;88;3.85000000;100;EXCHANGE_LAST;;1;1;XEUR;7086925;131;
14.01.2025;15:42:15.190;B2NP SI 20250620 CS;SIMPLE_INSTRUMENT;BLOCK;EUR;94;4.81000000;100;EXCHANGE_LAST;;1;1;XEUR;10830225;131;
14.01.2025;15:47:39.999;B2NP SI 20271217 CS;SIMPLE_INSTRUMENT;BLOCK;EUR;98;3.85000000;250;EXCHANGE_LAST;;1;1;XEUR;7086925;131;
14.01.2025;09:10:17.313;BAEN.O.250114.BRT12.000001;STANDARD_OPTION_STRATEGY;BLOCK;CHF;6;2.02000000;600;EXCHANGE_LAST;;1;1;XEUR;72058276937746619;159;
14.01.2025;09:10:17.313;BAEN SI 20250321 PS AM P 46.00 0;SIMPLE_INSTRUMENT;BLOCK;CHF;6;0.33000000;1200;PRC_DECOMP_EXCHANGE;;;;XEUR;10830896;159;EXCHANGE
14.01.2025;09:10:17.313;BAEN SI 20260619 PS AM P 44.00 0;SIMPLE_INSTRUMENT;BLOCK;CHF;6;2.68000000;600;PRC_DECOMP_EXCHANGE;;;;XEUR;9539219;159;EXCHANGE
14.01.2025;10:31:34.687;BAN SI 20251219 PS AM P 48.00 0;SIMPLE_INSTRUMENT;BLOCK;CHF;27;3.52000000;350;EXCHANGE_LAST;;1;1;XEUR;10448727;298535;
14.01.2025;12:42:20.842;BAN SI 20250321 PS AM C 66.00 0;SIMPLE_INSTRUMENT;BLOCK;CHF;47;0.67000000;500;EXCHANGE_LAST;;1;1;XEUR;12484556;298535;
14.01.2025;13:15:47.534;BARN.O.250114.RBER.000003;STANDARD_OPTION_STRATEGY;BLOCK;CHF;55;-98.50000000;400;EXCHANGE_LAST;;1;1;XEUR;72058233988063216;149;
14.01.2025;13:15:47.534;BARN SI 20250620 PS AM P 1000.00 0;SIMPLE_INSTRUMENT;BLOCK;CHF;55;33.89000000;800;PRC_DECOMP_EXCHANGE;;;;XEUR;11350494;149;EXCHANGE
14.01.2025;13:15:47.534;BARN SI 20250620 PS AM P 1240.00 0;SIMPLE_INSTRUMENT;BLOCK;CHF;55;166.28000000;400;PRC_DECOMP_EXCHANGE;;;;XEUR;11350464;149;EXCHANGE
14.01.2025;08:17:21.255;BAS SI 20250131 PS AM C 44.00 0;SIMPLE_INSTRUMENT;BLOCK;EUR;1;0.54000000;1800;EXCHANGE_LAST;;1;1;XEUR;12432925;150;
14.01.2025;10:19:53.251;BAS SI 20250221 PS AM C 42.00 0;SIMPLE_INSTRUMENT;BLOCK;EUR;2;1.89000000;1000;EXCHANGE_LAST;;1;1;XEUR;12239075;150;
14.01.2025;10:20:17.331;BAS SI 20250221 PS AM P 40.50 0;SIMPLE_INSTRUMENT;BLOCK;EUR;3;0.66000000;1500;EXCHANGE_LAST;;1;1;XEUR;12239000;150;
14.01.2025;11:08:18.365;BAS.O.250114.BLT.000014;STANDARD_OPTION_STRATEGY;BLOCK;EUR;5;1.06000000;2000;EXCHANGE_LAST;;2;1;XEUR;72058238283091260;150;
14.01.2025;11:08:18.365;BAS SI 20250221 PS AM C 42.50 0;SIMPLE_INSTRUMENT;BLOCK;EUR;5;1.71000000;2000;PRC_DECOMP_EXCHANGE;;;;XEUR;12239081;150;EXCHANGE
14.01.2025;11:08:18.365;BAS SI 20250117 PS AM C 42.50 0;SIMPLE_INSTRUMENT;BLOCK;EUR;5;0.65000000;2000;PRC_DECOMP_EXCHANGE;;;;XEUR;12068800;150;EXCHANGE
14.01.2025;11:32:19.386;BAS SI 20250221 PS AM C 43.00 0;SIMPLE_INSTRUMENT;BLOCK;EUR;8;1.41000000;3000;EXCHANGE_LAST;;1;3;XEUR;12239063;150;
14.01.2025;13:12:35.848;BAS.O.250114.CDIA.000024;STANDARD_OPTION_STRATEGY;BLOCK;EUR;10;-0.90000000;900;EXCHANGE_LAST;;1;1;XEUR;72058238283091270;150;
14.01.2025;13:12:35.848;BAS SI 20250221 PS AM C 43.00 0;SIMPLE_INSTRUMENT;BLOCK;EUR;10;1.38000000;900;PRC_DECOMP_EXCHANGE;;;;XEUR;12239063;150;EXCHANGE
14.01.2025;13:12:35.848;BAS SI 20250321 PS AM C 48.00 0;SIMPLE_INSTRUMENT;BLOCK;EUR;10;0.48000000;900;PRC_DECOMP_EXCHANGE;;;;XEUR;10831045;150;EXCHANGE
14.01.2025;11:29:00.694;BASG SI 20250321 CS;SIMPLE_INSTRUMENT;BLOCK;EUR;34;42.89000000;7200;EXCHANGE_LAST;;2;1;XEUR;10694474;171;
14.01.2025;15:48:58.602;BASG SI 20250321 CS;SIMPLE_INSTRUMENT;BLOCK;EUR;99;42.69000000;7000;EXCHANGE_LAST;;1;1;XEUR;10694474;171;
14.01.2025;14:22:53.649;BAY SI 20261218 PS AM C 24.00 0;SIMPLE_INSTRUMENT;BLOCK;EUR;16;3.04000000;2000;EXCHANGE_LAST;;1;1;XEUR;8112438;168;
14.01.2025;14:28:59.860;BAY SI 20261218 PS AM C 24.00 0;SIMPLE_INSTRUMENT;BLOCK;EUR;17;3.04000000;1000;EXCHANGE_LAST;;1;1;XEUR;8112438;168;
14.01.2025;15:01:39.278;BAY SI 20251219 PS AM C 27.00 0;SIMPLE_INSTRUMENT;BLOCK;EUR;18;1.17000000;10000;EXCHANGE_LAST;;2;1;XEUR;12224661;168;
14.01.2025;15:04:53.384;BAY SI 20251219 PS AM C 27.00 0;SIMPLE_INSTRUMENT;BLOCK;EUR;20;1.17000000;2500;EXCHANGE_LAST;;1;1;XEUR;12224661;168;
14.01.2025;15:14:12.103;BAY SI 20251219 PS AM C 27.00 0;SIMPLE_INSTRUMENT;BLOCK;EUR;21;1.17000000;2000;EXCHANGE_LAST;;1;1;XEUR;12224661;168;
14.01.2025;15:40:44.892;BAY SI 20251219 PS AM C 27.00 0;SIMPLE_INSTRUMENT;BLOCK;EUR;23;1.17000000;1000;EXCHANGE_LAST;;1;1;XEUR;12224661;168;
14.01.2025;11:36:58.189;BEI.O.250114.STG.000002;STANDARD_OPTION_STRATEGY;BLOCK;EUR;6;8.68000000;650;EXCHANGE_LAST;;1;1;XEUR;72058349952190263;176;
14.01.2025;11:36:58.189;BEI SI 20250620 PS AM C 130.00 0;SIMPLE_INSTRUMENT;BLOCK;EUR;6;4.54000000;650;PRC_DECOMP_MEMBER;;;;XEUR;11351434;176;MEMBER
14.01.2025;11:36:58.189;BEI SI 20250620 PS AM P 120.00 0;SIMPLE_INSTRUMENT;BLOCK;EUR;6;4.14000000;650;PRC_DECOMP_MEMBER;;;;XEUR;7899391;176;MEMBER
14.01.2025;09:34:28.780;BMW.O.250114.BLT.000004;STANDARD_OPTION_STRATEGY;BLOCK;EUR;2;1.23000000;1000;EXCHANGE_LAST;;1;1;XEUR;72058495981109078;210;
14.01.2025;09:34:28.780;BMW SI 20250117 PS AM C 72.00 0;SIMPLE_INSTRUMENT;BLOCK;EUR;2;4.78000000;1000;PRC_DECOMP_EXCHANGE;;;;XEUR;12070028;210;EXCHANGE
14.01.2025;09:34:28.780;BMW SI 20250221 PS AM C 72.00 0;SIMPLE_INSTRUMENT;BLOCK;EUR;2;6.01000000;1000;PRC_DECOMP_EXCHANGE;;;;XEUR;12240015;210;EXCHANGE
14.01.2025;09:46:28.711;BMW SI 20250221 PS AM P 77.00 0;SIMPLE_INSTRUMENT;BLOCK;EUR;3;2.76000000;400;EXCHANGE_LAST;;1;1;XEUR;12239992;210;
14.01.2025;10:11:47.131;BMW SI 20250321 PS AM C 80.00 0;SIMPLE_INSTRUMENT;BLOCK;EUR;5;2.98000000;400;EXCHANGE_LAST;;1;1;XEUR;10832595;210;
14.01.2025;10:11:47.648;BMW.N.250114.000005;NON_STANDARD_OPTION_STRATEGY;BLOCK;EUR;6;1.40000000;400;EXCHANGE_LAST;;1;1;XEUR;72058495981109079;210;
14.01.2025;10:11:47.648;BMW SI 20251219 PS AM P 76.00 0;SIMPLE_INSTRUMENT;BLOCK;EUR;6;8.05000000;1600;PRC_DECOMP_EXCHANGE;;;;XEUR;5923232;210;EXCHANGE
14.01.2025;10:11:47.648;BMW SI 20251219 PS AM P 72.00 0;SIMPLE_INSTRUMENT;BLOCK;EUR;6;6.16000000;2000;PRC_DECOMP_EXCHANGE;;;;XEUR;11992512;210;EXCHANGE
14.01.2025;10:32:10.363;BMW.O.250114.BLT.000008;STANDARD_OPTION_STRATEGY;BLOCK;EUR;8;1.63000000;1000;EXCHANGE_LAST;;1;1;XEUR;72058495981109082;210;
14.01.2025;10:32:10.363;BMW SI 20250221 PS AM C 80.00 0;SIMPLE_INSTRUMENT;BLOCK;EUR;8;1.85000000;1000;PRC_DECOMP_EXCHANGE;;;;XEUR;12339210;210;EXCHANGE
14.01.2025;10:32:10.363;BMW SI 20250117 PS AM C 80.00 0;SIMPLE_INSTRUMENT;BLOCK;EUR;8;0.22000000;1000;PRC_DECOMP_EXCHANGE;;;;XEUR;12070100;210;EXCHANGE
14.01.2025;13:56:06.343;BMW SI 20250620 PS AM P 64.00 0;SIMPLE_INSTRUMENT;BLOCK;EUR;20;2.02000000;1150;EXCHANGE_LAST;;1;1;XEUR;11352603;210;
14.01.2025;14:00:37.289;BMW.O.250114.STG.000010;STANDARD_OPTION_STRATEGY;BLOCK;EUR;21;4.96000000;600;EXCHANGE_LAST;;1;1;XEUR;72058495981109084;210;
14.01.2025;14:00:37.289;BMW SI 20250620 PS AM P 64.00 0;SIMPLE_INSTRUMENT;BLOCK;EUR;21;2.14000000;600;PRC_DECOMP_EXCHANGE;;;;XEUR;11352603;210;EXCHANGE
14.01.2025;14:00:37.289;BMW SI 20250620 PS AM C 84.00 0;SIMPLE_INSTRUMENT;BLOCK;EUR;21;2.82000000;600;PRC_DECOMP_EXCHANGE;;;;XEUR;7899911;210;EXCHANGE
14.01.2025;15:23:19.580;BMW SI 20250321 PS AM P 70.00 0;SIMPLE_INSTRUMENT;BLOCK;EUR;24;1.42000000;1000;EXCHANGE_LAST;;1;1;XEUR;12434927;210;
14.01.2025;15:41:48.573;BMW SI 20260619 PS AM C 100.00 0;SIMPLE_INSTRUMENT;BLOCK;EUR;25;2.60000000;36300;EXCHANGE_LAST;;1;1;XEUR;9541186;210;
14.01.2025;15:42:47.622;BMW SI 20260619 PS AM P 60.00 0;SIMPLE_INSTRUMENT;BLOCK;EUR;26;4.29000000;22000;EXCHANGE_LAST;;1;1;XEUR;9541203;210;
14.01.2025;16:17:11.060;BMW SI 20250620 PS AM P 76.00 0;SIMPLE_INSTRUMENT;BLOCK;EUR;28;6.95000000;8900;EXCHANGE_LAST;;1;6;XEUR;7899903;210;
14.01.2025;08:31:45.721;BNP SI 20251219 PS AM P 56.00 0;SIMPLE_INSTRUMENT;BLOCK;EUR;1;4.79000000;4200;EXCHANGE_LAST;;1;1;XEUR;5923366;237;
14.01.2025;14:35:33.358;BNP SI 20250321 PS AM C 65.00 0;SIMPLE_INSTRUMENT;BLOCK;EUR;23;1.24000000;1500;EXCHANGE_LAST;;1;2;XEUR;12435411;237;
14.01.2025;15:14:20.178;BNP.O.250114.BR23.000001;STANDARD_OPTION_STRATEGY;BLOCK;EUR;25;-13.60000000;2000;EXCHANGE_LAST;;1;1;XEUR;72058611945199780;237;
14.01.2025;15:14:20.178;BNP SI 20281215 PS AM P 60.00 0;SIMPLE_INSTRUMENT;BLOCK;EUR;25;14.30000000;4000;PRC_DECOMP_EXCHANGE;;;;XEUR;10398997;237;EXCHANGE
14.01.2025;15:14:20.178;BNP SI 20281215 PS AM P 40.00 0;SIMPLE_INSTRUMENT;BLOCK;EUR;25;5.00000000;6000;PRC_DECOMP_EXCHANGE;;;;XEUR;10398940;237;EXCHANGE
14.01.2025;10:25:13.816;BSD2.O.250114.PDIA.000001;STANDARD_OPTION_STRATEGY;BLOCK;EUR;5;0.15000000;3750;EXCHANGE_LAST;;1;1;XEUR;72058646304923185;245;
14.01.2025;10:25:13.816;BSD2 SI 20250919 PS AM P 4.00 0;SIMPLE_INSTRUMENT;BLOCK;EUR;5;0.17000000;3750;PRC_DECOMP_EXCHANGE;;;;XEUR;10833199;245;EXCHANGE
14.01.2025;10:25:13.816;BSD2 SI 20250321 PS AM P 3.60 0;SIMPLE_INSTRUMENT;BLOCK;EUR;5;0.02000000;3750;PRC_DECOMP_EXCHANGE;;;;XEUR;9915970;245;EXCHANGE
14.01.2025;10:25:21.609;BSD2.O.250114.PDIA.000001;STANDARD_OPTION_STRATEGY;BLOCK;EUR;6;0.16000000;3750;EXCHANGE_LAST;;1;1;XEUR;72058646304923185;245;
14.01.2025;10:25:21.609;BSD2 SI 20250321 PS AM P 3.60 0;SIMPLE_INSTRUMENT;BLOCK;EUR;6;0.01000000;3750;PRC_DECOMP_EXCHANGE;;;;XEUR;9915970;245;EXCHANGE
14.01.2025;10:25:21.609;BSD2 SI 20250919 PS AM P 4.00 0;SIMPLE_INSTRUMENT;BLOCK;EUR;6;0.17000000;3750;PRC_DECOMP_EXCHANGE;;;;XEUR;10833199;245;EXCHANGE
14.01.2025;09:46:44.324;BYG SI 20251219 PS AM P 23.00 0;SIMPLE_INSTRUMENT;BLOCK;EUR;10;0.67000000;4500;EXCHANGE_LAST;;1;4;XEUR;12436539;280;
14.01.2025;14:01:11.299;CBK SI 20250919 PS AM C 19.00 0;SIMPLE_INSTRUMENT;BLOCK;EUR;8;0.90000000;2500;EXCHANGE_LAST;;1;1;XEUR;11875664;268;
14.01.2025;08:47:46.038;CFR SI 20250117 PS AM C 140.00 0;SIMPLE_INSTRUMENT;BLOCK;CHF;1;3.45000000;438;EXCHANGE_LAST;;1;1;XEUR;12071497;313;
14.01.2025;09:00:16.315;CFR.O.250114.BUL.000011;STANDARD_OPTION_STRATEGY;BLOCK;CHF;3;1.63000000;300;EXCHANGE_LAST;;1;1;XEUR;72058938362728336;313;
14.01.2025;09:00:16.315;CFR SI 20250117 PS AM C 144.00 0;SIMPLE_INSTRUMENT;BLOCK;CHF;3;1.82000000;300;PRC_DECOMP_EXCHANGE;;;;XEUR;12071515;313;EXCHANGE
14.01.2025;09:00:16.315;CFR SI 20250117 PS AM C 140.00 0;SIMPLE_INSTRUMENT;BLOCK;CHF;3;3.45000000;300;PRC_DECOMP_EXCHANGE;;;;XEUR;12071497;313;EXCHANGE
14.01.2025;09:14:06.801;CFR FI 20250212 CS EU C 148.7000 0;FLEXIBLE_INSTRUMENT;BLOCK;CHF;7;2.20000000;350;EXCHANGE_LAST;;1;1;XEUR;1152922848931627654;313;
14.01.2025;13:06:09.453;CFR SI 20251219 PS AM P 120.00 0;SIMPLE_INSTRUMENT;BLOCK;CHF;53;7.63000000;300;EXCHANGE_LAST;;1;1;XEUR;9996467;313;
14.01.2025;14:39:42.000;CFR SI 20250321 PS AM C 142.00 0;SIMPLE_INSTRUMENT;BLOCK;CHF;67;6.40000000;750;EXCHANGE_LAST;;1;1;XEUR;12209368;313;
14.01.2025;11:46:05.116;CONI SI 20250117 CS;SIMPLE_INSTRUMENT;BLOCK;EUR;40;64.94000000;100;EXCHANGE_LAST;;1;1;XEUR;10453622;414627;
14.01.2025;11:47:30.707;CONI SI 20250321 CS;SIMPLE_INSTRUMENT;BLOCK;EUR;42;65.29500000;100;EXCHANGE_LAST;;1;1;XEUR;10733381;414627;
14.01.2025;10:12:06.400;COT SI 20250620 PS AM P 220.00 0;SIMPLE_INSTRUMENT;BLOCK;CHF;17;13.23000000;100;EXCHANGE_LAST;;1;1;XEUR;11397859;199899;
14.01.2025;16:38:04.647;CR5J SI 20250320 CS;SIMPLE_INSTRUMENT;BLOCK;EUR;131;41.14500000;500;EXCHANGE_LAST;;1;1;XEUR;10689747;50861;
14.01.2025;13:28:53.175;CRI5.O.250114.STG.000002;STANDARD_OPTION_STRATEGY;BLOCK;EUR;10;4.63000000;3000;EXCHANGE_LAST;;2;2;XEUR;72058968427474659;320;
14.01.2025;13:28:53.175;CRI5 SI 20250619 PS AM C 42.00 0;SIMPLE_INSTRUMENT;BLOCK;EUR;10;2.33000000;3000;PRC_DECOMP_MEMBER;;;;XEUR;11337265;320;MEMBER
14.01.2025;13:28:53.175;CRI5 SI 20250619 PS AM P 38.00 0;SIMPLE_INSTRUMENT;BLOCK;EUR;10;2.30000000;3000;PRC_DECOMP_MEMBER;;;;XEUR;11337263;320;MEMBER
14.01.2025;15:56:27.565;CRI5 SI 20250320 PS AM P 36.50 0;SIMPLE_INSTRUMENT;BLOCK;EUR;23;0.61600000;2673;EXCHANGE_LAST;;1;1;XEUR;12421007;320;
14.01.2025;15:56:40.920;CRI5 SI 20250320 PS AM P 36.50 0;SIMPLE_INSTRUMENT;BLOCK;EUR;24;0.61700000;1145;EXCHANGE_LAST;;1;1;XEUR;12421007;320;
14.01.2025;12:13:00.567;D4BK SI 20261218 CS;SIMPLE_INSTRUMENT;BLOCK;EUR;48;0.90000000;300;EXCHANGE_LAST;;2;1;XEUR;4632322;51565;
14.01.2025;16:21:23.272;DAI SI 20250321 PS AM C 56.00 0;SIMPLE_INSTRUMENT;BLOCK;EUR;30;2.80000000;2000;EXCHANGE_LAST;;1;1;XEUR;10884531;443196;
14.01.2025;08:58:45.011;DAIG SI 20250321 CS;SIMPLE_INSTRUMENT;BLOCK;EUR;2;56.67690000;325;EXCHANGE_LAST;;1;1;XEUR;10734482;443203;
14.01.2025;10:14:34.609;DBK.O.250114.BER.000006;STANDARD_OPTION_STRATEGY;BLOCK;EUR;3;0.58000000;2500;EXCHANGE_LAST;;1;1;XEUR;72059148816160184;362;
14.01.2025;10:14:34.609;DBK SI 20250321 PS AM P 14.00 0;SIMPLE_INSTRUMENT;BLOCK;EUR;3;0.12000000;2500;PRC_DECOMP_EXCHANGE;;;;XEUR;10835708;362;EXCHANGE
14.01.2025;10:14:34.609;DBK SI 20250321 PS AM P 17.00 0;SIMPLE_INSTRUMENT;BLOCK;EUR;3;0.70000000;2500;PRC_DECOMP_EXCHANGE;;;;XEUR;10835577;362;EXCHANGE
14.01.2025;12:56:13.540;DHE SI 20250620 PS AM P 28.00 0;SIMPLE_INSTRUMENT;BLOCK;EUR;15;4.10000000;2000;EXCHANGE_LAST;;1;1;XEUR;7924125;57135;
14.01.2025;13:50:59.787;DHE SI 20251219 PS AM C 52.00 0;SIMPLE_INSTRUMENT;BLOCK;EUR;16;2.35000000;600;EXCHANGE_LAST;;1;1;XEUR;7279022;57135;
14.01.2025;09:49:57.637;DPW.O.250114.BLT.000007;STANDARD_OPTION_STRATEGY;BLOCK;EUR;8;1.14000000;1000;EXCHANGE_LAST;;1;1;XEUR;72059505298415428;445;
14.01.2025;09:49:57.637;DPW SI 20250321 PS AM C 34.00 0;SIMPLE_INSTRUMENT;BLOCK;EUR;8;1.31000000;1000;PRC_DECOMP_EXCHANGE;;;;XEUR;10836835;445;EXCHANGE
14.01.2025;09:49:57.637;DPW SI 20250117 PS AM C 34.00 0;SIMPLE_INSTRUMENT;BLOCK;EUR;8;0.17000000;1000;PRC_DECOMP_EXCHANGE;;;;XEUR;12073103;445;EXCHANGE
14.01.2025;10:01:21.767;DPW SI 20291221 PS AM P 32.00 0;SIMPLE_INSTRUMENT;BLOCK;EUR;9;5.83000000;750;EXCHANGE_LAST;;1;1;XEUR;12439590;445;
14.01.2025;10:55:20.937;DPW SI 20251219 PS AM P 30.00 0;SIMPLE_INSTRUMENT;BLOCK;EUR;10;1.76000000;1250;EXCHANGE_LAST;;1;1;XEUR;12439690;445;
14.01.2025;10:55:36.915;DPW SI 20251219 PS AM P 30.00 0;SIMPLE_INSTRUMENT;BLOCK;EUR;11;1.75000000;1250;EXCHANGE_LAST;;1;1;XEUR;12439690;445;
14.01.2025;09:41:44.113;DTE SI 20250321 PS AM C 30.00 0;SIMPLE_INSTRUMENT;BLOCK;EUR;3;0.91000000;7000;EXCHANGE_LAST;;2;3;XEUR;10836585;424;
14.01.2025;15:48:32.136;DTE.O.250114.RBER.000013;STANDARD_OPTION_STRATEGY;BLOCK;EUR;19;-0.56000000;1500;EXCHANGE_LAST;;1;1;XEUR;72059415104107326;424;
14.01.2025;15:48:32.136;DTE SI 20250321 PS AM P 30.00 0;SIMPLE_INSTRUMENT;BLOCK;EUR;19;0.86000000;1500;PRC_DECOMP_EXCHANGE;;;;XEUR;10836583;424;EXCHANGE
14.01.2025;15:48:32.136;DTE SI 20250321 PS AM P 27.00 0;SIMPLE_INSTRUMENT;BLOCK;EUR;19;0.15000000;3000;PRC_DECOMP_EXCHANGE;;;;XEUR;11523269;424;EXCHANGE
14.01.2025;09:19:07.917;DUFN SI 20250117 PS AM C 35.00 0;SIMPLE_INSTRUMENT;BLOCK;CHF;11;1.00000000;300;EXCHANGE_LAST;;1;1;XEUR;12072653;418;
14.01.2025;10:10:55.941;DVC SI 20250619 PS AM P 4.80 0;SIMPLE_INSTRUMENT;BLOCK;EUR;4;0.20000000;14000;EXCHANGE_LAST;;1;1;XEUR;9531107;420;
14.01.2025;10:13:34.996;E2NT SI 20261218 CS;SIMPLE_INSTRUMENT;BLOCK;EUR;14;0.99000000;500;EXCHANGE_LAST;;1;1;XEUR;4632357;470;
14.01.2025;10:45:46.702;E2NT SI 20261218 CS;SIMPLE_INSTRUMENT;BLOCK;EUR;17;0.99000000;350;EXCHANGE_LAST;;1;1;XEUR;4632357;470;
14.01.2025;10:53:56.942;E2NT SI 20261218 CS;SIMPLE_INSTRUMENT;BLOCK;EUR;18;0.99000000;250;EXCHANGE_LAST;;1;1;XEUR;4632357;470;
14.01.2025;11:13:18.640;E2NT SI 20271217 CS;SIMPLE_INSTRUMENT;BLOCK;EUR;26;0.91000000;300;EXCHANGE_LAST;;1;1;XEUR;5914575;470;
14.01.2025;11:15:37.628;E2NT SI 20261218 CS;SIMPLE_INSTRUMENT;BLOCK;EUR;30;0.99000000;750;EXCHANGE_LAST;;1;3;XEUR;4632357;470;
14.01.2025;11:16:49.516;E3OA SI 20251219 CS;SIMPLE_INSTRUMENT;BLOCK;EUR;31;0.55000000;500;EXCHANGE_LAST;;1;1;XEUR;5914584;49063;
14.01.2025;11:16:51.030;E3OA SI 20261218 CS;SIMPLE_INSTRUMENT;BLOCK;EUR;32;0.55000000;250;EXCHANGE_LAST;;1;1;XEUR;6821311;49063;
14.01.2025;16:46:52.857;ENLH SI 20250116 CS;SIMPLE_INSTRUMENT;BLOCK;EUR;135;6.93000000;136000;EXCHANGE_LAST;;1;1;XEUR;10390910;524976;
14.01.2025;16:48:37.539;ENLH SI 20250220 CS;SIMPLE_INSTRUMENT;BLOCK;EUR;141;6.75050000;70000;EXCHANGE_LAST;;1;1;XEUR;10559024;524976;
14.01.2025;16:47:33.026;ENLQ SI 20250116 PS;SIMPLE_INSTRUMENT;BLOCK;EUR;136;6.93000000;136000;EXCHANGE_LAST;;1;1;XEUR;10390906;524962;
14.01.2025;16:49:03.200;ENLQ SI 20250220 PS;SIMPLE_INSTRUMENT;BLOCK;EUR;142;6.75000000;70000;EXCHANGE_LAST;;1;1;XEUR;10559021;524962;
14.01.2025;09:06:09.460;ENR SI 20291221 PS AM P 36.00 0;SIMPLE_INSTRUMENT;BLOCK;EUR;1;9.02000000;500;EXCHANGE_LAST;;1;1;XEUR;12484246;298530;
14.01.2025;09:12:58.304;ENR SI 20250620 PS AM P 44.00 0;SIMPLE_INSTRUMENT;BLOCK;EUR;2;3.57000000;1000;EXCHANGE_LAST;;1;1;XEUR;11109012;298530;
14.01.2025;11:45:58.225;ENT5 SI 20250130 PS AM C 14.20 0;SIMPLE_INSTRUMENT;BLOCK;EUR;9;0.07800000;2166;EXCHANGE_LAST;;1;1;XEUR;12440539;497;
14.01.2025;16:47:40.578;ENTH SI 20250116 CS;SIMPLE_INSTRUMENT;BLOCK;EUR;138;13.78000000;44000;EXCHANGE_LAST;;1;1;XEUR;10390908;524973;
14.01.2025;16:47:44.044;ENTH SI 20250220 CS;SIMPLE_INSTRUMENT;BLOCK;EUR;139;13.79120000;30000;EXCHANGE_LAST;;1;1;XEUR;10559022;524973;
14.01.2025;16:47:38.896;ENTQ SI 20250116 PS;SIMPLE_INSTRUMENT;BLOCK;EUR;137;13.78000000;44000;EXCHANGE_LAST;;1;1;XEUR;10390905;524960;
14.01.2025;16:47:46.322;ENTQ SI 20250220 PS;SIMPLE_INSTRUMENT;BLOCK;EUR;140;13.79000000;30000;EXCHANGE_LAST;;1;1;XEUR;10559019;524960;
14.01.2025;08:56:09.721;ENUR SI 20250221 PS AM C 11.00 0;SIMPLE_INSTRUMENT;BLOCK;EUR;2;0.09000000;3044;EXCHANGE_LAST;;1;1;XEUR;12244040;498;
14.01.2025;08:56:06.601;ENUR SI 20250221 PS AM C 11.00 0;SIMPLE_INSTRUMENT;BLOCK;EUR;3;0.08000000;9132;EXCHANGE_LAST;;1;1;XEUR;12244040;498;
14.01.2025;09:43:07.967;EOA SI 20271217 PS AM P 8.00 0;SIMPLE_INSTRUMENT;BLOCK;EUR;4;0.62000000;2000;EXCHANGE_LAST;;1;1;XEUR;8814051;49065;
14.01.2025;12:07:50.861;EOA SI 20250221 PS AM C 11.00 0;SIMPLE_INSTRUMENT;BLOCK;EUR;15;0.12000000;13000;EXCHANGE_LAST;;4;1;XEUR;12265400;49065;
14.01.2025;09:33:51.370;ESL SI 20250620 PS AM P 190.00 0;SIMPLE_INSTRUMENT;BLOCK;EUR;11;2.33000000;250;EXCHANGE_LAST;;1;1;XEUR;11358177;481;
14.01.2025;12:01:58.003;F3IA SI 20261218 CS;SIMPLE_INSTRUMENT;BLOCK;EUR;47;0.61000000;1550;EXCHANGE_LAST;;3;2;XEUR;6830373;390387;
14.01.2025;12:53:23.291;F3IA SI 20261218 CS;SIMPLE_INSTRUMENT;BLOCK;EUR;64;0.61000000;300;EXCHANGE_LAST;;1;1;XEUR;6830373;390387;
14.01.2025;16:46:40.308;FATX SI 20250321 CS;SIMPLE_INSTRUMENT;EFP_IDX;EUR;8;3691.00000000;11;EXCHANGE_LAST;;1;1;XEUR;11385582;28699;
14.01.2025;08:22:38.601;FBTP SI 20250306 PS;SIMPLE_INSTRUMENT;BLOCK;EUR;1;117.75000000;2998;EXCHANGE_LAST;;1;1;XEUR;11286675;636;
14.01.2025;09:11:38.032;FBTP SI 20250306 PS;SIMPLE_INSTRUMENT;EFP_FIN;EUR;2;117.68000000;499;EXCHANGE_LAST;;1;1;XEUR;11286675;636;
14.01.2025;09:13:19.752;FBTP SI 20250306 PS;SIMPLE_INSTRUMENT;EFP_FIN;EUR;3;117.65000000;895;EXCHANGE_LAST;;1;1;XEUR;11286675;636;
14.01.2025;09:14:39.487;FBTP SI 20250306 PS;SIMPLE_INSTRUMENT;EFP_FIN;EUR;4;117.64000000;1450;EXCHANGE_LAST;;1;1;XEUR;11286675;636;
14.01.2025;09:36:25.690;FBTP SI 20250306 PS;SIMPLE_INSTRUMENT;EFP_FIN;EUR;5;117.64000000;1083;EXCHANGE_LAST;;1;1;XEUR;11286675;636;
14.01.2025;09:36:27.216;FBTP SI 20250306 PS;SIMPLE_INSTRUMENT;EFP_FIN;EUR;6;117.65000000;72;EXCHANGE_LAST;;1;1;XEUR;11286675;636;
14.01.2025;09:37:14.977;FBTP SI 20250306 PS;SIMPLE_INSTRUMENT;EFP_FIN;EUR;7;117.66000000;458;EXCHANGE_LAST;;1;1;XEUR;11286675;636;
14.01.2025;09:48:33.304;FBTP SI 20250306 PS;SIMPLE_INSTRUMENT;EFP_FIN;EUR;8;117.67000000;626;EXCHANGE_LAST;;1;1;XEUR;11286675;636;
14.01.2025;10:08:04.769;FBTP SI 20250306 PS;SIMPLE_INSTRUMENT;EFP_FIN;EUR;9;117.58000000;224;EXCHANGE_LAST;;1;1;XEUR;11286675;636;
14.01.2025;10:20:28.667;FBTP SI 20250306 PS;SIMPLE_INSTRUMENT;EFP_FIN;EUR;10;117.61000000;448;EXCHANGE_LAST;;1;1;XEUR;11286675;636;
14.01.2025;10:26:40.440;FBTP SI 20250306 PS;SIMPLE_INSTRUMENT;EFP_FIN;EUR;11;117.58000000;582;EXCHANGE_LAST;;1;1;XEUR;11286675;636;
14.01.2025;10:38:14.900;FBTP SI 20250306 PS;SIMPLE_INSTRUMENT;EFP_FIN;EUR;12;117.54000000;62;EXCHANGE_LAST;;1;1;XEUR;11286675;636;
14.01.2025;10:39:10.903;FBTP SI 20250306 PS;SIMPLE_INSTRUMENT;EFP_FIN;EUR;13;117.54000000;85;EXCHANGE_LAST;;1;1;XEUR;11286675;636;
14.01.2025;10:47:33.987;FBTP SI 20250306 PS;SIMPLE_INSTRUMENT;EFP_FIN;EUR;14;117.56000000;348;EXCHANGE_LAST;;1;1;XEUR;11286675;636;
14.01.2025;10:48:31.084;FBTP SI 20250306 PS;SIMPLE_INSTRUMENT;EFP_FIN;EUR;15;117.59000000;224;EXCHANGE_LAST;;1;1;XEUR;11286675;636;
14.01.2025;12:14:18.607;FBTP SI 20250306 PS;SIMPLE_INSTRUMENT;EFP_FIN;EUR;16;117.46000000;671;EXCHANGE_LAST;;1;1;XEUR;11286675;636;
14.01.2025;12:26:23.206;FBTP SI 20250306 PS;SIMPLE_INSTRUMENT;EFP_FIN;EUR;17;117.61000000;1252;EXCHANGE_LAST;;1;1;XEUR;11286675;636;
14.01.2025;12:40:10.925;FBTP SI 20250306 PS;SIMPLE_INSTRUMENT;EFP_FIN;EUR;18;117.50000000;86;EXCHANGE_LAST;;1;1;XEUR;11286675;636;
14.01.2025;12:50:30.002;FBTP SI 20250306 PS;SIMPLE_INSTRUMENT;EFP_FIN;EUR;19;117.49000000;483;EXCHANGE_LAST;;1;1;XEUR;11286675;636;
14.01.2025;12:51:32.166;FBTP SI 20250306 PS;SIMPLE_INSTRUMENT;EFP_FIN;EUR;20;117.49000000;242;EXCHANGE_LAST;;1;1;XEUR;11286675;636;
14.01.2025;13:55:30.253;FBTP SI 20250306 PS;SIMPLE_INSTRUMENT;EFP_FIN;EUR;21;117.49000000;101;EXCHANGE_LAST;;1;1;XEUR;11286675;636;
14.01.2025;15:09:49.053;FBTP SI 20250306 PS;SIMPLE_INSTRUMENT;EFP_FIN;EUR;22;117.37000000;145;EXCHANGE_LAST;;1;1;XEUR;11286675;636;
14.01.2025;16:36:22.206;FBTP SI 20250306 PS;SIMPLE_INSTRUMENT;EFS;EUR;23;117.33000000;501;EXCHANGE_LAST;;1;1;XEUR;11286675;636;
14.01.2025;13:54:50.966;FBTP SI 20250306 PS;SIMPLE_INSTRUMENT;VOLA;EUR;268435536;117.50000000;36;EXCHANGE_LAST;;1;1;XEUR;11286675;636;
14.01.2025;16:10:44.098;FBTP SI 20250306 PS;SIMPLE_INSTRUMENT;VOLA;EUR;268435568;117.30000000;18;EXCHANGE_LAST;;1;1;XEUR;11286675;636;
14.01.2025;08:53:47.064;FBTS SI 20250306 PS;SIMPLE_INSTRUMENT;EFP_FIN;EUR;2;106.82000000;1482;EXCHANGE_LAST;;1;1;XEUR;11286677;639;
14.01.2025;09:01:32.429;FBTS SI 20250306 PS;SIMPLE_INSTRUMENT;EFP_FIN;EUR;5;106.84000000;2524;EXCHANGE_LAST;;1;1;XEUR;11286677;639;
14.01.2025;09:28:39.065;FBTS SI 20250306 PS;SIMPLE_INSTRUMENT;EFP_FIN;EUR;7;106.84000000;171;EXCHANGE_LAST;;1;1;XEUR;11286677;639;
14.01.2025;09:28:55.351;FBTS SI 20250306 PS;SIMPLE_INSTRUMENT;EFP_FIN;EUR;8;106.84000000;468;EXCHANGE_LAST;;1;1;XEUR;11286677;639;
14.01.2025;10:04:44.538;FBTS SI 20250306 PS;SIMPLE_INSTRUMENT;EFP_FIN;EUR;10;106.83000000;602;EXCHANGE_LAST;;1;1;XEUR;11286677;639;
14.01.2025;10:12:44.480;FBTS SI 20250306 PS;SIMPLE_INSTRUMENT;EFP_FIN;EUR;11;106.83000000;456;EXCHANGE_LAST;;1;1;XEUR;11286677;639;
14.01.2025;10:18:22.739;FBTS SI 20250306 PS;SIMPLE_INSTRUMENT;EFP_FIN;EUR;12;106.83000000;321;EXCHANGE_LAST;;1;1;XEUR;11286677;639;
14.01.2025;10:24:49.111;FBTS SI 20250306 PS;SIMPLE_INSTRUMENT;EFP_FIN;EUR;13;106.83000000;798;EXCHANGE_LAST;;1;1;XEUR;11286677;639;
14.01.2025;10:28:08.059;FBTS SI 20250306 PS;SIMPLE_INSTRUMENT;EFP_FIN;EUR;14;106.83000000;2171;EXCHANGE_LAST;;1;1;XEUR;11286677;639;
14.01.2025;10:29:28.493;FBTS SI 20250306 PS;SIMPLE_INSTRUMENT;EFP_FIN;EUR;15;106.84000000;1538;EXCHANGE_LAST;;1;1;XEUR;11286677;639;
14.01.2025;11:07:54.140;FBTS SI 20250306 PS;SIMPLE_INSTRUMENT;EFP_FIN;EUR;18;106.84000000;2052;EXCHANGE_LAST;;1;1;XEUR;11286677;639;
14.01.2025;11:26:11.903;FBTS SI 20250306 PS;SIMPLE_INSTRUMENT;EFP_FIN;EUR;19;106.82000000;454;EXCHANGE_LAST;;1;1;XEUR;11286677;639;
14.01.2025;11:58:14.259;FBTS SI 20250306 PS;SIMPLE_INSTRUMENT;EFP_FIN;EUR;22;106.81000000;831;EXCHANGE_LAST;;1;1;XEUR;11286677;639;
14.01.2025;11:58:20.991;FBTS SI 20250306 PS;SIMPLE_INSTRUMENT;EFP_FIN;EUR;23;106.82000000;1634;EXCHANGE_LAST;;1;1;XEUR;11286677;639;
14.01.2025;15:23:39.323;FBTS SI 20250306 PS;SIMPLE_INSTRUMENT;EFP_FIN;EUR;30;106.77000000;4407;EXCHANGE_LAST;;1;1;XEUR;11286677;639;
14.01.2025;15:35:12.224;FBTS SI 20250306 PS;SIMPLE_INSTRUMENT;EFP_FIN;EUR;31;106.80000000;2104;EXCHANGE_LAST;;1;1;XEUR;11286677;639;
14.01.2025;15:02:13.453;FCBU SI 20250204 CS;SIMPLE_INSTRUMENT;BLOCK;USD;3;0.16435000;300;EXCHANGE_LAST;;1;1;XEUR;10653727;570870;
14.01.2025;15:02:51.262;FCEU SI 20250317 PS;SIMPLE_INSTRUMENT;BLOCK;USD;4;1.03000000;118;EXCHANGE_LAST;;1;1;XEUR;9136240;369376;
14.01.2025;07:57:27.616;FCZU SI 20250317 CS;SIMPLE_INSTRUMENT;BLOCK;USD;1;0.05237000;125;EXCHANGE_LAST;;1;1;XEUR;11329546;570872;
14.01.2025;16:49:38.334;FDAX SI 20250321 CS;SIMPLE_INSTRUMENT;EFP_IDX;EUR;1;20399.00000000;59;EXCHANGE_LAST;;1;1;XEUR;7561255;589;
14.01.2025;16:49:51.761;FDAX SI 20250321 CS;SIMPLE_INSTRUMENT;EFP_IDX;EUR;2;20400.00000000;81;EXCHANGE_LAST;;1;1;XEUR;7561255;589;
14.01.2025;09:27:17.606;FDAX SI 20250321 CS;SIMPLE_INSTRUMENT;VOLA;EUR;671088646;20395.00000000;30;EXCHANGE_LAST;;1;1;XEUR;7561255;589;
14.01.2025;09:28:41.442;FDAX SI 20250321 CS;SIMPLE_INSTRUMENT;VOLA;EUR;671088648;20395.00000000;7;EXCHANGE_LAST;;1;1;XEUR;7561255;589;
14.01.2025;10:48:58.512;FEBD SI 20251219 CS;SIMPLE_INSTRUMENT;BLOCK;EUR;21;10.38000000;750;EXCHANGE_LAST;;1;1;XEUR;5914075;597;
14.01.2025;10:48:37.599;FEBD SI 20251219 CS;SIMPLE_INSTRUMENT;BLOCK;EUR;22;10.37000000;750;EXCHANGE_LAST;;1;1;XEUR;5914075;597;
14.01.2025;11:15:00.530;FEBD SI 20251219 CS;SIMPLE_INSTRUMENT;BLOCK;EUR;23;10.40000000;540;EXCHANGE_LAST;;1;1;XEUR;5914075;597;
14.01.2025;17:01:51.476;FEBD SI 20251219 CS;SIMPLE_INSTRUMENT;BLOCK;EUR;68;10.37000000;375;EXCHANGE_LAST;;2;1;XEUR;5914075;597;
14.01.2025;17:02:09.236;FEBD SI 20251219 CS;SIMPLE_INSTRUMENT;BLOCK;EUR;69;10.38000000;375;EXCHANGE_LAST;;2;1;XEUR;5914075;597;
14.01.2025;17:11:34.629;FEBD SI 20251219 CS;SIMPLE_INSTRUMENT;BLOCK;EUR;70;10.36000000;375;EXCHANGE_LAST;;1;1;XEUR;5914075;597;
14.01.2025;17:11:35.320;FEBD SI 20251219 CS;SIMPLE_INSTRUMENT;BLOCK;EUR;71;10.39000000;375;EXCHANGE_LAST;;1;1;XEUR;5914075;597;
14.01.2025;08:38:13.926;FECX SI 20250321 CS;SIMPLE_INSTRUMENT;BLOCK;EUR;1;164.53000000;50;EXCHANGE_LAST;;1;1;XEUR;11427948;410158;
14.01.2025;15:01:00.937;FECX SI 20250321 CS;SIMPLE_INSTRUMENT;BLOCK;EUR;36;164.26000000;150;EXCHANGE_LAST;;1;1;XEUR;11427948;410158;
14.01.2025;15:10:48.425;FEHY SI 20250321 CS;SIMPLE_INSTRUMENT;BLOCK;EUR;37;293.36000000;150;EXCHANGE_LAST;;1;1;XEUR;11428365;574047;
14.01.2025;16:17:27.574;FES1 SI 20250321 PS;SIMPLE_INSTRUMENT;BLOCK;EUR;38;16.20000000;700;EXCHANGE_LAST;;1;1;XEUR;11391470;58959;
14.01.2025;08:18:13.614;FESB SI 20250321 CS;SIMPLE_INSTRUMENT;BLOCK;EUR;44;153.50000000;3000;EXCHANGE_LAST;;1;1;XEUR;11359072;605;
14.01.2025;08:33:13.876;FESB SI 20250321 CS;SIMPLE_INSTRUMENT;BLOCK;EUR;45;154.15000000;3000;EXCHANGE_LAST;;1;1;XEUR;11359072;605;
14.01.2025;09:43:35.489;FESB SI 20250321 CS;SIMPLE_INSTRUMENT;BLOCK;EUR;48;153.65000000;3000;EXCHANGE_LAST;;1;1;XEUR;11359072;605;
14.01.2025;11:19:33.764;FESB SI 20250321 CS;SIMPLE_INSTRUMENT;BLOCK;EUR;49;153.60000000;1650;EXCHANGE_LAST;;1;1;XEUR;11359072;605;
14.01.2025;15:57:58.783;FESB SI 20250321 CS;SIMPLE_INSTRUMENT;BLOCK;EUR;55;153.50000000;3700;EXCHANGE_LAST;;1;1;XEUR;11359072;605;
14.01.2025;16:06:30.796;FESB SI 20250321 CS;SIMPLE_INSTRUMENT;BLOCK;EUR;56;153.50000000;2520;EXCHANGE_LAST;;1;1;XEUR;11359072;605;
14.01.2025;16:23:10.636;FESB SI 20250321 CS;SIMPLE_INSTRUMENT;BLOCK;EUR;58;153.65000000;2182;EXCHANGE_LAST;;1;1;XEUR;11359072;605;
14.01.2025;16:49:59.698;FESB SI 20250321 CS;SIMPLE_INSTRUMENT;BLOCK;EUR;63;153.40000000;2528;EXCHANGE_LAST;;1;1;XEUR;11359072;605;
14.01.2025;16:49:59.678;FESB SI 20250321 CS;SIMPLE_INSTRUMENT;BLOCK;EUR;64;153.50000000;3793;EXCHANGE_LAST;;1;1;XEUR;11359072;605;
14.01.2025;10:02:48.983;FESB SI 20250321 CS;SIMPLE_INSTRUMENT;VOLA;EUR;603979785;153.15000000;3200;EXCHANGE_LAST;;1;1;XEUR;11359072;605;
14.01.2025;10:14:59.785;FESB SI 20250321 CS;SIMPLE_INSTRUMENT;VOLA;EUR;603979787;153.60000000;300;EXCHANGE_LAST;;1;1;XEUR;11359072;605;
14.01.2025;14:59:52.561;FESB SI 20250321 CS;SIMPLE_INSTRUMENT;VOLA;EUR;603979830;153.10000000;300;EXCHANGE_LAST;;1;1;XEUR;11359072;605;
14.01.2025;12:05:12.781;FEST SI 20250321 CS;SIMPLE_INSTRUMENT;VOLA;EUR;603979806;334.00000000;32;EXCHANGE_LAST;;1;1;XEUR;11359586;678;
14.01.2025;09:25:57.498;FESX SI 20250321 CS;SIMPLE_INSTRUMENT;BLOCK;EUR;1;5022.00000000;20000;EXCHANGE_LAST;;1;1;XEUR;7793482;675;
14.01.2025;09:58:21.718;FESX SI 20250321 CS;SIMPLE_INSTRUMENT;EFP_IDX;EUR;2;5016.00000000;1000;EXCHANGE_LAST;;1;1;XEUR;7793482;675;
14.01.2025;09:56:38.361;FESX SI 20250321 CS;SIMPLE_INSTRUMENT;EFP_IDX;EUR;3;5019.00000000;1000;EXCHANGE_LAST;;1;1;XEUR;7793482;675;
14.01.2025;10:11:48.605;FESX SI 20250321 CS;SIMPLE_INSTRUMENT;EFP_IDX;EUR;4;5016.00000000;1000;EXCHANGE_LAST;;1;1;XEUR;7793482;675;
14.01.2025;10:16:39.145;FESX SI 20250321 CS;SIMPLE_INSTRUMENT;EFP_IDX;EUR;5;5017.00000000;237;EXCHANGE_LAST;;1;1;XEUR;7793482;675;
14.01.2025;10:16:30.144;FESX SI 20250321 CS;SIMPLE_INSTRUMENT;EFP_IDX;EUR;6;5015.00000000;263;EXCHANGE_LAST;;1;1;XEUR;7793482;675;
14.01.2025;12:21:16.641;FESX SI 20250321 CS;SIMPLE_INSTRUMENT;BLOCK;EUR;7;5020.00000000;2000;EXCHANGE_LAST;;1;1;XEUR;7793482;675;
14.01.2025;15:42:51.552;FESX SI 20250321 CS;SIMPLE_INSTRUMENT;BLOCK;EUR;8;5005.00000000;2610;EXCHANGE_LAST;;1;1;XEUR;7793482;675;
14.01.2025;16:29:27.371;FESX SI 20250321 CS;SIMPLE_INSTRUMENT;EFP_IDX;EUR;10;4991.00000000;1000;EXCHANGE_LAST;;1;1;XEUR;7793482;675;
14.01.2025;16:27:27.277;FESX SI 20250321 CS;SIMPLE_INSTRUMENT;EFP_IDX;EUR;11;4991.00000000;1000;EXCHANGE_LAST;;1;1;XEUR;7793482;675;
14.01.2025;16:26:45.883;FESX SI 20250321 CS;SIMPLE_INSTRUMENT;EFP_IDX;EUR;12;4991.00000000;500;EXCHANGE_LAST;;1;1;XEUR;7793482;675;
14.01.2025;16:47:51.175;FESX SI 20250321 CS;SIMPLE_INSTRUMENT;EFP_IDX;EUR;13;4996.00000000;79;EXCHANGE_LAST;;1;1;XEUR;7793482;675;
14.01.2025;16:48:20.568;FESX SI 20250321 CS;SIMPLE_INSTRUMENT;EFP_IDX;EUR;14;4997.00000000;104;EXCHANGE_LAST;;1;1;XEUR;7793482;675;
14.01.2025;16:49:05.942;FESX SI 20250321 CS;SIMPLE_INSTRUMENT;EFP_IDX;EUR;15;4997.00000000;2046;EXCHANGE_LAST;;1;1;XEUR;7793482;675;
14.01.2025;16:49:55.544;FESX SI 20250321 CS;SIMPLE_INSTRUMENT;EFP_IDX;EUR;16;4996.00000000;796;EXCHANGE_LAST;;1;1;XEUR;7793482;675;
14.01.2025;16:50:19.478;FESX SI 20250321 CS;SIMPLE_INSTRUMENT;EFP_IDX;EUR;17;4996.00000000;132;EXCHANGE_LAST;;1;1;XEUR;7793482;675;
14.01.2025;16:50:24.713;FESX SI 20250321 CS;SIMPLE_INSTRUMENT;EFP_IDX;EUR;18;4996.00000000;140;EXCHANGE_LAST;;1;1;XEUR;7793482;675;
14.01.2025;16:50:24.713;FESX SI 20250321 CS;SIMPLE_INSTRUMENT;EFP_IDX;EUR;19;4997.00000000;360;EXCHANGE_LAST;;1;1;XEUR;7793482;675;
14.01.2025;16:50:55.741;FESX SI 20250321 CS;SIMPLE_INSTRUMENT;EFP_IDX;EUR;20;4997.00000000;193;EXCHANGE_LAST;;1;1;XEUR;7793482;675;
14.01.2025;16:55:45.458;FESX SI 20250321 CS;SIMPLE_INSTRUMENT;EFP_IDX;EUR;21;4996.00000000;45;EXCHANGE_LAST;;1;1;XEUR;7793482;675;
14.01.2025;16:55:56.920;FESX SI 20250321 CS;SIMPLE_INSTRUMENT;EFP_IDX;EUR;22;4997.00000000;117;EXCHANGE_LAST;;1;1;XEUR;7793482;675;
14.01.2025;08:53:13.855;FESX SI 20250321 CS;SIMPLE_INSTRUMENT;VOLA;EUR;637534218;5018.00000000;238;EXCHANGE_LAST;;1;1;XEUR;7793482;675;
14.01.2025;08:52:08.822;FESX SI 20250321 CS;SIMPLE_INSTRUMENT;VOLA;EUR;637534219;5020.00000000;238;EXCHANGE_LAST;;1;1;XEUR;7793482;675;
14.01.2025;09:00:18.985;FESX SI 20250321 CS;SIMPLE_INSTRUMENT;VOLA;EUR;637534224;5015.00000000;80;EXCHANGE_LAST;;1;1;XEUR;7793482;675;
14.01.2025;09:25:48.852;FESX SI 20250321 CS;SIMPLE_INSTRUMENT;VOLA;EUR;637534236;5015.00000000;68;EXCHANGE_LAST;;1;1;XEUR;7793482;675;
14.01.2025;09:39:45.761;FESX SI 20250321 CS;SIMPLE_INSTRUMENT;VOLA;EUR;637534237;5015.00000000;411;EXCHANGE_LAST;;1;1;XEUR;7793482;675;
14.01.2025;09:37:54.481;FESX SI 20250321 CS;SIMPLE_INSTRUMENT;VOLA;EUR;637534246;5010.00000000;240;EXCHANGE_LAST;;1;1;XEUR;7793482;675;
14.01.2025;09:48:43.934;FESX SI 20250321 CS;SIMPLE_INSTRUMENT;VOLA;EUR;637534252;5017.00000000;540;EXCHANGE_LAST;;1;1;XEUR;7793482;675;
14.01.2025;10:19:39.246;FESX SI 20250321 CS;SIMPLE_INSTRUMENT;VOLA;EUR;637534260;5017.00000000;260;EXCHANGE_LAST;;1;1;XEUR;7793482;675;
14.01.2025;11:25:14.782;FESX SI 20250321 CS;SIMPLE_INSTRUMENT;VOLA;EUR;637534278;5030.00000000;90;EXCHANGE_LAST;;1;1;XEUR;7793482;675;
14.01.2025;12:44:13.390;FESX SI 20250321 CS;SIMPLE_INSTRUMENT;VOLA;EUR;637534301;5005.00000000;30;EXCHANGE_LAST;;1;1;XEUR;7793482;675;
14.01.2025;13:06:07.770;FESX SI 20250321 CS;SIMPLE_INSTRUMENT;VOLA;EUR;637534309;5005.00000000;10;EXCHANGE_LAST;;1;1;XEUR;7793482;675;
14.01.2025;13:31:21.805;FESX SI 20250321 CS;SIMPLE_INSTRUMENT;VOLA;EUR;637534322;5016.00000000;300;EXCHANGE_LAST;;1;1;XEUR;7793482;675;
14.01.2025;14:31:13.384;FESX SI 20250321 CS;SIMPLE_INSTRUMENT;VOLA;EUR;637534343;5016.00000000;330;EXCHANGE_LAST;;1;1;XEUR;7793482;675;
14.01.2025;14:32:08.418;FESX SI 20250321 CS;SIMPLE_INSTRUMENT;VOLA;EUR;637534344;5016.00000000;330;EXCHANGE_LAST;;1;1;XEUR;7793482;675;
14.01.2025;15:52:13.333;FESX SI 20250321 CS;SIMPLE_INSTRUMENT;VOLA;EUR;637534381;4999.00000000;211;EXCHANGE_LAST;;1;1;XEUR;7793482;675;
14.01.2025;15:52:20.735;FESX SI 20250321 CS;SIMPLE_INSTRUMENT;VOLA;EUR;637534382;4999.00000000;211;EXCHANGE_LAST;;1;1;XEUR;7793482;675;
14.01.2025;16:23:50.240;FESX SI 20250321 CS;SIMPLE_INSTRUMENT;VOLA;EUR;637534389;5000.00000000;1;EXCHANGE_LAST;;1;1;XEUR;7793482;675;
14.01.2025;16:23:02.359;FESX SI 20250321 CS;SIMPLE_INSTRUMENT;VOLA;EUR;637534398;4994.00000000;10;EXCHANGE_LAST;;1;1;XEUR;7793482;675;
14.01.2025;16:43:15.756;FESX SI 20250321 CS;SIMPLE_INSTRUMENT;VOLA;EUR;637534411;4995.00000000;743;EXCHANGE_LAST;;1;1;XEUR;7793482;675;
14.01.2025;09:23:44.928;FEXD SI 20261218 CS;SIMPLE_INSTRUMENT;BLOCK;EUR;3;155.40000000;200;EXCHANGE_LAST;;1;1;XEUR;2163053;693;
14.01.2025;09:19:38.128;FEXD SI 20251219 CS;SIMPLE_INSTRUMENT;BLOCK;EUR;5;159.20000000;250;EXCHANGE_LAST;;1;1;XEUR;1548120;693;
14.01.2025;09:20:12.540;FEXD SI 20251219 CS;SIMPLE_INSTRUMENT;BLOCK;EUR;6;159.20000000;1000;EXCHANGE_LAST;;1;1;XEUR;1548120;693;
14.01.2025;09:59:35.269;FEXD SI 20261218 CS;SIMPLE_INSTRUMENT;BLOCK;EUR;15;155.20000000;125;EXCHANGE_LAST;;1;1;XEUR;2163053;693;
14.01.2025;12:59:03.690;FEXD SI 20271217 CS;SIMPLE_INSTRUMENT;BLOCK;EUR;30;149.40000000;100;EXCHANGE_LAST;;1;1;XEUR;2848338;693;
14.01.2025;13:29:26.455;FEXD SI 20291221 CS;SIMPLE_INSTRUMENT;BLOCK;EUR;32;140.60000000;408;EXCHANGE_LAST;;1;1;XEUR;4631968;693;
14.01.2025;16:19:17.597;FEXD SI 20251219 CS;SIMPLE_INSTRUMENT;BLOCK;EUR;39;158.50000000;10000;EXCHANGE_LAST;;1;1;XEUR;1548120;693;
14.01.2025;16:39:56.878;FEXD SI 20271217 CS;SIMPLE_INSTRUMENT;BLOCK;EUR;42;148.80000000;250;EXCHANGE_LAST;;1;1;XEUR;2848338;693;
14.01.2025;16:55:25.138;FEXD SI 20251219 CS;SIMPLE_INSTRUMENT;BLOCK;EUR;65;159.00000000;1000;EXCHANGE_LAST;;1;1;XEUR;1548120;693;
14.01.2025;17:19:41.267;FEXD SI 20251219 CS;SIMPLE_INSTRUMENT;BLOCK;EUR;72;158.70000000;250;EXCHANGE_LAST;;1;1;XEUR;1548120;693;
14.01.2025;17:19:32.267;FEXD SI 20251219 CS;SIMPLE_INSTRUMENT;BLOCK;EUR;73;158.80000000;250;EXCHANGE_LAST;;1;1;XEUR;1548120;693;
14.01.2025;12:55:22.967;FEXD SI 20271217 CS;SIMPLE_INSTRUMENT;VOLA;EUR;301989894;149.80000000;15;EXCHANGE_LAST;;1;1;XEUR;2848338;693;
14.01.2025;12:50:52.188;FEXD SI 20271217 CS;SIMPLE_INSTRUMENT;VOLA;EUR;301989895;149.80000000;20;EXCHANGE_LAST;;1;1;XEUR;2848338;693;
14.01.2025;07:34:45.191;FGBL SI 20250306 PS;SIMPLE_INSTRUMENT;EFS;EUR;1;130.85000000;608;EXCHANGE_LAST;;1;1;XEUR;11286679;688;
14.01.2025;08:02:36.589;FGBL SI 20250306 PS;SIMPLE_INSTRUMENT;EFS;EUR;2;131.02000000;159;EXCHANGE_LAST;;1;1;XEUR;11286679;688;
14.01.2025;08:06:19.177;FGBL SI 20250306 PS;SIMPLE_INSTRUMENT;EFS;EUR;3;130.99000000;207;EXCHANGE_LAST;;1;1;XEUR;11286679;688;
14.01.2025;08:06:44.199;FGBL SI 20250306 PS;SIMPLE_INSTRUMENT;EFS;EUR;4;131.00000000;207;EXCHANGE_LAST;;1;1;XEUR;11286679;688;
14.01.2025;08:07:48.308;FGBL SI 20250306 PS;SIMPLE_INSTRUMENT;EFS;EUR;5;131.00000000;415;EXCHANGE_LAST;;1;1;XEUR;11286679;688;
14.01.2025;08:23:28.143;FGBL SI 20250306 PS;SIMPLE_INSTRUMENT;EFP_FIN;EUR;6;131.04000000;74;EXCHANGE_LAST;;1;1;XEUR;11286679;688;
14.01.2025;08:14:38.987;FGBL SI 20250306 PS;SIMPLE_INSTRUMENT;EFS;EUR;7;130.96000000;150;EXCHANGE_LAST;;1;1;XEUR;11286679;688;
14.01.2025;08:21:34.387;FGBL SI 20250306 PS;SIMPLE_INSTRUMENT;EFS;EUR;8;130.91000000;207;EXCHANGE_LAST;;1;1;XEUR;11286679;688;
14.01.2025;08:27:34.362;FGBL SI 20250306 PS;SIMPLE_INSTRUMENT;EFS;EUR;9;130.93000000;415;EXCHANGE_LAST;;1;1;XEUR;11286679;688;
14.01.2025;08:29:47.385;FGBL SI 20250306 PS;SIMPLE_INSTRUMENT;EFS;EUR;10;130.94000000;415;EXCHANGE_LAST;;1;1;XEUR;11286679;688;
14.01.2025;08:34:45.820;FGBL SI 20250306 PS;SIMPLE_INSTRUMENT;EFS;EUR;11;130.84000000;416;EXCHANGE_LAST;;1;1;XEUR;11286679;688;
14.01.2025;08:34:54.748;FGBL SI 20250306 PS;SIMPLE_INSTRUMENT;EFP_FIN;EUR;12;130.94000000;2469;EXCHANGE_LAST;;1;1;XEUR;11286679;688;
14.01.2025;08:38:14.634;FGBL SI 20250306 PS;SIMPLE_INSTRUMENT;EFS;EUR;13;130.86000000;207;EXCHANGE_LAST;;1;1;XEUR;11286679;688;
14.01.2025;08:39:53.610;FGBL SI 20250306 PS;SIMPLE_INSTRUMENT;EFS;EUR;14;130.86000000;207;EXCHANGE_LAST;;1;1;XEUR;11286679;688;
14.01.2025;08:40:36.040;FGBL SI 20250306 PS;SIMPLE_INSTRUMENT;EFS;EUR;15;130.84000000;415;EXCHANGE_LAST;;1;1;XEUR;11286679;688;
14.01.2025;08:41:09.082;FGBL SI 20250306 PS;SIMPLE_INSTRUMENT;EFS;EUR;16;130.86000000;207;EXCHANGE_LAST;;1;1;XEUR;11286679;688;
14.01.2025;08:41:14.012;FGBL SI 20250306 PS;SIMPLE_INSTRUMENT;EFS;EUR;17;130.93000000;1433;EXCHANGE_LAST;;1;1;XEUR;11286679;688;
14.01.2025;08:42:31.489;FGBL SI 20250306 PS;SIMPLE_INSTRUMENT;EFS;EUR;18;130.86000000;207;EXCHANGE_LAST;;1;1;XEUR;11286679;688;
14.01.2025;08:51:09.326;FGBL SI 20250306 PS;SIMPLE_INSTRUMENT;EFS;EUR;19;130.85000000;100;EXCHANGE_LAST;;1;1;XEUR;11286679;688;
14.01.2025;08:52:03.222;FGBL SI 20250306 PS;SIMPLE_INSTRUMENT;EFS;EUR;20;130.85000000;315;EXCHANGE_LAST;;1;1;XEUR;11286679;688;
14.01.2025;08:56:17.419;FGBL SI 20250306 PS;SIMPLE_INSTRUMENT;EFS;EUR;21;130.85000000;112;EXCHANGE_LAST;;1;1;XEUR;11286679;688;
14.01.2025;09:03:38.092;FGBL SI 20250306 PS;SIMPLE_INSTRUMENT;EFS;EUR;22;130.81000000;415;EXCHANGE_LAST;;1;1;XEUR;11286679;688;
14.01.2025;09:15:04.559;FGBL SI 20250306 PS;SIMPLE_INSTRUMENT;EFS;EUR;23;130.80000000;367;EXCHANGE_LAST;;1;1;XEUR;11286679;688;
14.01.2025;09:16:05.123;FGBL SI 20250306 PS;SIMPLE_INSTRUMENT;EFS;EUR;24;130.79000000;415;EXCHANGE_LAST;;1;1;XEUR;11286679;688;
14.01.2025;09:17:09.703;FGBL SI 20250306 PS;SIMPLE_INSTRUMENT;EFS;EUR;25;130.80000000;415;EXCHANGE_LAST;;1;1;XEUR;11286679;688;
14.01.2025;09:19:07.842;FGBL SI 20250306 PS;SIMPLE_INSTRUMENT;EFS;EUR;26;130.76000000;830;EXCHANGE_LAST;;1;1;XEUR;11286679;688;
14.01.2025;09:19:19.090;FGBL SI 20250306 PS;SIMPLE_INSTRUMENT;EFP_FIN;EUR;27;130.83000000;1691;EXCHANGE_LAST;;1;1;XEUR;11286679;688;
14.01.2025;09:22:08.834;FGBL SI 20250306 PS;SIMPLE_INSTRUMENT;EFP_FIN;EUR;28;130.80000000;1575;EXCHANGE_LAST;;1;1;XEUR;11286679;688;
14.01.2025;09:28:40.118;FGBL SI 20250306 PS;SIMPLE_INSTRUMENT;EFP_FIN;EUR;29;130.80000000;282;EXCHANGE_LAST;;1;1;XEUR;11286679;688;
14.01.2025;09:38:56.491;FGBL SI 20250306 PS;SIMPLE_INSTRUMENT;EFS;EUR;30;130.77000000;415;EXCHANGE_LAST;;1;1;XEUR;11286679;688;
14.01.2025;09:39:56.121;FGBL SI 20250306 PS;SIMPLE_INSTRUMENT;EFS;EUR;31;130.81000000;239;EXCHANGE_LAST;;1;1;XEUR;11286679;688;
14.01.2025;09:53:48.498;FGBL SI 20250306 PS;SIMPLE_INSTRUMENT;EFS;EUR;32;130.77000000;415;EXCHANGE_LAST;;1;1;XEUR;11286679;688;
14.01.2025;10:00:30.799;FGBL SI 20250306 PS;SIMPLE_INSTRUMENT;EFS;EUR;33;130.82000000;239;EXCHANGE_LAST;;1;1;XEUR;11286679;688;
14.01.2025;10:11:30.475;FGBL SI 20250306 PS;SIMPLE_INSTRUMENT;EFP_FIN;EUR;34;130.72000000;743;EXCHANGE_LAST;;1;1;XEUR;11286679;688;
14.01.2025;10:12:29.276;FGBL SI 20250306 PS;SIMPLE_INSTRUMENT;EFS;EUR;35;130.72000000;415;EXCHANGE_LAST;;1;1;XEUR;11286679;688;
14.01.2025;10:13:49.652;FGBL SI 20250306 PS;SIMPLE_INSTRUMENT;EFS;EUR;36;130.69000000;830;EXCHANGE_LAST;;1;1;XEUR;11286679;688;
14.01.2025;10:17:32.219;FGBL SI 20250306 PS;SIMPLE_INSTRUMENT;EFS;EUR;37;130.69000000;332;EXCHANGE_LAST;;1;1;XEUR;11286679;688;
14.01.2025;10:19:09.943;FGBL SI 20250306 PS;SIMPLE_INSTRUMENT;EFS;EUR;38;130.69000000;415;EXCHANGE_LAST;;1;1;XEUR;11286679;688;
14.01.2025;10:24:56.324;FGBL SI 20250306 PS;SIMPLE_INSTRUMENT;EFS;EUR;39;130.69000000;373;EXCHANGE_LAST;;1;1;XEUR;11286679;688;
14.01.2025;10:37:01.014;FGBL SI 20250306 PS;SIMPLE_INSTRUMENT;EFP_FIN;EUR;40;130.68000000;1889;EXCHANGE_LAST;;1;1;XEUR;11286679;688;
14.01.2025;10:38:13.323;FGBL SI 20250306 PS;SIMPLE_INSTRUMENT;EFS;EUR;41;130.71000000;478;EXCHANGE_LAST;;1;1;XEUR;11286679;688;
14.01.2025;10:54:20.244;FGBL SI 20250306 PS;SIMPLE_INSTRUMENT;EFP_FIN;EUR;42;130.77000000;2229;EXCHANGE_LAST;;1;1;XEUR;11286679;688;
14.01.2025;10:58:11.587;FGBL SI 20250306 PS;SIMPLE_INSTRUMENT;EFS;EUR;43;130.72000000;900;EXCHANGE_LAST;;1;1;XEUR;11286679;688;
14.01.2025;11:26:54.890;FGBL SI 20250306 PS;SIMPLE_INSTRUMENT;EFS;EUR;44;130.68000000;224;EXCHANGE_LAST;;1;1;XEUR;11286679;688;
14.01.2025;11:35:11.882;FGBL SI 20250306 PS;SIMPLE_INSTRUMENT;EFS;EUR;45;130.68000000;416;EXCHANGE_LAST;;1;1;XEUR;11286679;688;
14.01.2025;11:39:59.533;FGBL SI 20250306 PS;SIMPLE_INSTRUMENT;EFS;EUR;46;130.69000000;910;EXCHANGE_LAST;;1;1;XEUR;11286679;688;
14.01.2025;11:44:52.523;FGBL SI 20250306 PS;SIMPLE_INSTRUMENT;EFS;EUR;47;130.68000000;208;EXCHANGE_LAST;;1;1;XEUR;11286679;688;
14.01.2025;11:50:27.899;FGBL SI 20250306 PS;SIMPLE_INSTRUMENT;EFS;EUR;48;130.69000000;182;EXCHANGE_LAST;;1;1;XEUR;11286679;688;
14.01.2025;11:56:42.927;FGBL SI 20250306 PS;SIMPLE_INSTRUMENT;EFS;EUR;49;130.65000000;699;EXCHANGE_LAST;;1;1;XEUR;11286679;688;
14.01.2025;12:02:26.126;FGBL SI 20250306 PS;SIMPLE_INSTRUMENT;EFS;EUR;50;130.62000000;208;EXCHANGE_LAST;;1;1;XEUR;11286679;688;
14.01.2025;12:03:10.731;FGBL SI 20250306 PS;SIMPLE_INSTRUMENT;EFS;EUR;51;130.61000000;416;EXCHANGE_LAST;;1;1;XEUR;11286679;688;
14.01.2025;12:03:39.494;FGBL SI 20250306 PS;SIMPLE_INSTRUMENT;EFS;EUR;52;130.62000000;415;EXCHANGE_LAST;;1;1;XEUR;11286679;688;
14.01.2025;12:07:04.632;FGBL SI 20250306 PS;SIMPLE_INSTRUMENT;EFS;EUR;53;130.60000000;208;EXCHANGE_LAST;;1;1;XEUR;11286679;688;
14.01.2025;12:08:01.717;FGBL SI 20250306 PS;SIMPLE_INSTRUMENT;EFS;EUR;54;130.60000000;208;EXCHANGE_LAST;;1;1;XEUR;11286679;688;
14.01.2025;12:09:30.006;FGBL SI 20250306 PS;SIMPLE_INSTRUMENT;EFS;EUR;55;130.60000000;208;EXCHANGE_LAST;;1;1;XEUR;11286679;688;
14.01.2025;12:10:01.274;FGBL SI 20250306 PS;SIMPLE_INSTRUMENT;EFS;EUR;56;130.63000000;479;EXCHANGE_LAST;;1;1;XEUR;11286679;688;
14.01.2025;12:14:32.618;FGBL SI 20250306 PS;SIMPLE_INSTRUMENT;EFP_FIN;EUR;57;130.64000000;371;EXCHANGE_LAST;;1;1;XEUR;11286679;688;
14.01.2025;12:13:57.742;FGBL SI 20250306 PS;SIMPLE_INSTRUMENT;EFP_FIN;EUR;58;130.64000000;246;EXCHANGE_LAST;;1;1;XEUR;11286679;688;
14.01.2025;12:16:32.509;FGBL SI 20250306 PS;SIMPLE_INSTRUMENT;EFP_FIN;EUR;59;130.62000000;1585;EXCHANGE_LAST;;1;1;XEUR;11286679;688;
14.01.2025;12:17:16.468;FGBL SI 20250306 PS;SIMPLE_INSTRUMENT;EFS;EUR;60;130.62000000;416;EXCHANGE_LAST;;1;1;XEUR;11286679;688;
14.01.2025;12:40:00.983;FGBL SI 20250306 PS;SIMPLE_INSTRUMENT;EFP_FIN;EUR;61;130.63000000;565;EXCHANGE_LAST;;1;1;XEUR;11286679;688;
14.01.2025;12:40:14.473;FGBL SI 20250306 PS;SIMPLE_INSTRUMENT;EFP_FIN;EUR;62;130.63000000;186;EXCHANGE_LAST;;1;1;XEUR;11286679;688;
14.01.2025;12:43:53.648;FGBL SI 20250306 PS;SIMPLE_INSTRUMENT;EFS;EUR;63;130.63000000;416;EXCHANGE_LAST;;1;1;XEUR;11286679;688;
14.01.2025;12:44:03.656;FGBL SI 20250306 PS;SIMPLE_INSTRUMENT;EFS;EUR;64;130.63000000;416;EXCHANGE_LAST;;1;1;XEUR;11286679;688;
14.01.2025;12:44:18.664;FGBL SI 20250306 PS;SIMPLE_INSTRUMENT;EFS;EUR;65;130.63000000;416;EXCHANGE_LAST;;1;1;XEUR;11286679;688;
14.01.2025;12:44:20.724;FGBL SI 20250306 PS;SIMPLE_INSTRUMENT;EFS;EUR;66;130.64000000;208;EXCHANGE_LAST;;1;1;XEUR;11286679;688;
14.01.2025;12:45:01.923;FGBL SI 20250306 PS;SIMPLE_INSTRUMENT;EFS;EUR;67;130.64000000;958;EXCHANGE_LAST;;1;1;XEUR;11286679;688;
14.01.2025;12:46:26.329;FGBL SI 20250306 PS;SIMPLE_INSTRUMENT;EFS;EUR;68;130.64000000;415;EXCHANGE_LAST;;1;1;XEUR;11286679;688;
14.01.2025;12:47:57.620;FGBL SI 20250306 PS;SIMPLE_INSTRUMENT;EFS;EUR;69;130.62000000;208;EXCHANGE_LAST;;1;1;XEUR;11286679;688;
14.01.2025;12:48:11.607;FGBL SI 20250306 PS;SIMPLE_INSTRUMENT;EFS;EUR;70;130.64000000;320;EXCHANGE_LAST;;1;1;XEUR;11286679;688;
14.01.2025;12:48:31.233;FGBL SI 20250306 PS;SIMPLE_INSTRUMENT;EFS;EUR;71;130.62000000;208;EXCHANGE_LAST;;1;1;XEUR;11286679;688;
14.01.2025;13:01:05.308;FGBL SI 20250306 PS;SIMPLE_INSTRUMENT;EFS;EUR;72;130.62000000;624;EXCHANGE_LAST;;1;1;XEUR;11286679;688;
14.01.2025;13:03:26.815;FGBL SI 20250306 PS;SIMPLE_INSTRUMENT;EFS;EUR;73;130.64000000;830;EXCHANGE_LAST;;1;1;XEUR;11286679;688;
14.01.2025;13:03:35.403;FGBL SI 20250306 PS;SIMPLE_INSTRUMENT;EFS;EUR;74;130.62000000;416;EXCHANGE_LAST;;1;1;XEUR;11286679;688;
14.01.2025;13:11:26.695;FGBL SI 20250306 PS;SIMPLE_INSTRUMENT;EFS;EUR;75;130.67000000;416;EXCHANGE_LAST;;1;1;XEUR;11286679;688;
14.01.2025;13:13:35.652;FGBL SI 20250306 PS;SIMPLE_INSTRUMENT;EFS;EUR;76;130.67000000;350;EXCHANGE_LAST;;1;1;XEUR;11286679;688;
14.01.2025;13:12:30.790;FGBL SI 20250306 PS;SIMPLE_INSTRUMENT;EFP_FIN;EUR;77;130.68000000;677;EXCHANGE_LAST;;1;1;XEUR;11286679;688;
14.01.2025;13:12:54.756;FGBL SI 20250306 PS;SIMPLE_INSTRUMENT;EFS;EUR;78;130.62000000;1437;EXCHANGE_LAST;;1;1;XEUR;11286679;688;
14.01.2025;13:16:39.293;FGBL SI 20250306 PS;SIMPLE_INSTRUMENT;EFP_FIN;EUR;79;130.68000000;677;EXCHANGE_LAST;;1;1;XEUR;11286679;688;
14.01.2025;13:17:50.291;FGBL SI 20250306 PS;SIMPLE_INSTRUMENT;EFS;EUR;80;130.64000000;415;EXCHANGE_LAST;;1;1;XEUR;11286679;688;
14.01.2025;13:18:10.414;FGBL SI 20250306 PS;SIMPLE_INSTRUMENT;EFS;EUR;81;130.66000000;415;EXCHANGE_LAST;;1;1;XEUR;11286679;688;
14.01.2025;13:18:20.458;FGBL SI 20250306 PS;SIMPLE_INSTRUMENT;EFS;EUR;82;130.67000000;415;EXCHANGE_LAST;;1;1;XEUR;11286679;688;
14.01.2025;13:20:29.466;FGBL SI 20250306 PS;SIMPLE_INSTRUMENT;EFS;EUR;83;130.66000000;291;EXCHANGE_LAST;;1;1;XEUR;11286679;688;
14.01.2025;13:22:22.807;FGBL SI 20250306 PS;SIMPLE_INSTRUMENT;EFP_FIN;EUR;84;130.63000000;138;EXCHANGE_LAST;;1;1;XEUR;11286679;688;
14.01.2025;13:33:41.244;FGBL SI 20250306 PS;SIMPLE_INSTRUMENT;EFS;EUR;85;130.74000000;207;EXCHANGE_LAST;;1;1;XEUR;11286679;688;
14.01.2025;13:37:03.655;FGBL SI 20250306 PS;SIMPLE_INSTRUMENT;EFS;EUR;86;130.70000000;416;EXCHANGE_LAST;;1;1;XEUR;11286679;688;
14.01.2025;13:38:34.571;FGBL SI 20250306 PS;SIMPLE_INSTRUMENT;EFS;EUR;87;130.64000000;240;EXCHANGE_LAST;;1;1;XEUR;11286679;688;
14.01.2025;13:47:42.400;FGBL SI 20250306 PS;SIMPLE_INSTRUMENT;EFP_FIN;EUR;88;130.64000000;306;EXCHANGE_LAST;;1;1;XEUR;11286679;688;
14.01.2025;13:47:32.431;FGBL SI 20250306 PS;SIMPLE_INSTRUMENT;EFP_FIN;EUR;89;130.64000000;76;EXCHANGE_LAST;;1;1;XEUR;11286679;688;
14.01.2025;13:54:10.420;FGBL SI 20250306 PS;SIMPLE_INSTRUMENT;EFP_FIN;EUR;90;130.64000000;76;EXCHANGE_LAST;;1;1;XEUR;11286679;688;
14.01.2025;13:54:10.383;FGBL SI 20250306 PS;SIMPLE_INSTRUMENT;EFS;EUR;91;130.62000000;416;EXCHANGE_LAST;;1;1;XEUR;11286679;688;
14.01.2025;13:54:20.971;FGBL SI 20250306 PS;SIMPLE_INSTRUMENT;EFS;EUR;92;130.60000000;830;EXCHANGE_LAST;;1;1;XEUR;11286679;688;
14.01.2025;14:05:00.850;FGBL SI 20250306 PS;SIMPLE_INSTRUMENT;EFS;EUR;93;130.59000000;366;EXCHANGE_LAST;;1;1;XEUR;11286679;688;
14.01.2025;14:07:27.628;FGBL SI 20250306 PS;SIMPLE_INSTRUMENT;EFS;EUR;94;130.60000000;498;EXCHANGE_LAST;;1;1;XEUR;11286679;688;
14.01.2025;14:08:39.755;FGBL SI 20250306 PS;SIMPLE_INSTRUMENT;EFS;EUR;95;130.60000000;415;EXCHANGE_LAST;;1;1;XEUR;11286679;688;
14.01.2025;14:11:29.864;FGBL SI 20250306 PS;SIMPLE_INSTRUMENT;EFS;EUR;96;130.57000000;935;EXCHANGE_LAST;;1;1;XEUR;11286679;688;
14.01.2025;14:10:39.992;FGBL SI 20250306 PS;SIMPLE_INSTRUMENT;EFS;EUR;97;130.59000000;415;EXCHANGE_LAST;;1;1;XEUR;11286679;688;
14.01.2025;14:10:52.108;FGBL SI 20250306 PS;SIMPLE_INSTRUMENT;EFS;EUR;98;130.58000000;832;EXCHANGE_LAST;;1;1;XEUR;11286679;688;
14.01.2025;14:11:02.118;FGBL SI 20250306 PS;SIMPLE_INSTRUMENT;EFS;EUR;99;130.58000000;416;EXCHANGE_LAST;;1;1;XEUR;11286679;688;
14.01.2025;14:12:07.186;FGBL SI 20250306 PS;SIMPLE_INSTRUMENT;EFS;EUR;100;130.59000000;366;EXCHANGE_LAST;;1;1;XEUR;11286679;688;
14.01.2025;14:12:27.204;FGBL SI 20250306 PS;SIMPLE_INSTRUMENT;EFS;EUR;101;130.59000000;416;EXCHANGE_LAST;;1;1;XEUR;11286679;688;
14.01.2025;14:12:48.643;FGBL SI 20250306 PS;SIMPLE_INSTRUMENT;EFS;EUR;102;130.59000000;415;EXCHANGE_LAST;;1;1;XEUR;11286679;688;
14.01.2025;14:13:22.259;FGBL SI 20250306 PS;SIMPLE_INSTRUMENT;EFS;EUR;103;130.58000000;416;EXCHANGE_LAST;;1;1;XEUR;11286679;688;
14.01.2025;14:16:42.405;FGBL SI 20250306 PS;SIMPLE_INSTRUMENT;EFS;EUR;104;130.56000000;415;EXCHANGE_LAST;;1;1;XEUR;11286679;688;
14.01.2025;14:19:02.477;FGBL SI 20250306 PS;SIMPLE_INSTRUMENT;EFS;EUR;105;130.56000000;416;EXCHANGE_LAST;;1;1;XEUR;11286679;688;
14.01.2025;14:19:07.481;FGBL SI 20250306 PS;SIMPLE_INSTRUMENT;EFS;EUR;106;130.59000000;416;EXCHANGE_LAST;;1;1;XEUR;11286679;688;
14.01.2025;14:20:12.523;FGBL SI 20250306 PS;SIMPLE_INSTRUMENT;EFS;EUR;107;130.57000000;415;EXCHANGE_LAST;;1;1;XEUR;11286679;688;
14.01.2025;14:23:41.707;FGBL SI 20250306 PS;SIMPLE_INSTRUMENT;EFS;EUR;108;130.58000000;415;EXCHANGE_LAST;;1;1;XEUR;11286679;688;
14.01.2025;14:24:47.732;FGBL SI 20250306 PS;SIMPLE_INSTRUMENT;EFS;EUR;109;130.57000000;415;EXCHANGE_LAST;;1;1;XEUR;11286679;688;
14.01.2025;14:28:37.911;FGBL SI 20250306 PS;SIMPLE_INSTRUMENT;EFS;EUR;110;130.58000000;415;EXCHANGE_LAST;;1;1;XEUR;11286679;688;
14.01.2025;14:31:48.045;FGBL SI 20250306 PS;SIMPLE_INSTRUMENT;EFS;EUR;111;130.53000000;416;EXCHANGE_LAST;;1;1;XEUR;11286679;688;
14.01.2025;14:35:28.360;FGBL SI 20250306 PS;SIMPLE_INSTRUMENT;EFS;EUR;112;130.53000000;415;EXCHANGE_LAST;;1;1;XEUR;11286679;688;
14.01.2025;14:37:55.230;FGBL SI 20250306 PS;SIMPLE_INSTRUMENT;EFP_FIN;EUR;113;130.53000000;313;EXCHANGE_LAST;;1;1;XEUR;11286679;688;
14.01.2025;14:39:14.448;FGBL SI 20250306 PS;SIMPLE_INSTRUMENT;EFS;EUR;114;130.55000000;415;EXCHANGE_LAST;;1;1;XEUR;11286679;688;
14.01.2025;14:47:00.916;FGBL SI 20250306 PS;SIMPLE_INSTRUMENT;EFS;EUR;115;130.51000000;830;EXCHANGE_LAST;;1;1;XEUR;11286679;688;
14.01.2025;14:54:45.250;FGBL SI 20250306 PS;SIMPLE_INSTRUMENT;EFS;EUR;116;130.51000000;396;EXCHANGE_LAST;;1;1;XEUR;11286679;688;
14.01.2025;14:55:11.342;FGBL SI 20250306 PS;SIMPLE_INSTRUMENT;EFS;EUR;117;130.53000000;207;EXCHANGE_LAST;;1;1;XEUR;11286679;688;
14.01.2025;15:02:48.500;FGBL SI 20250306 PS;SIMPLE_INSTRUMENT;EFS;EUR;118;130.50000000;440;EXCHANGE_LAST;;1;1;XEUR;11286679;688;
14.01.2025;15:03:01.654;FGBL SI 20250306 PS;SIMPLE_INSTRUMENT;EFS;EUR;119;130.49000000;208;EXCHANGE_LAST;;1;1;XEUR;11286679;688;
14.01.2025;15:03:31.683;FGBL SI 20250306 PS;SIMPLE_INSTRUMENT;EFS;EUR;120;130.49000000;415;EXCHANGE_LAST;;1;1;XEUR;11286679;688;
14.01.2025;15:06:26.873;FGBL SI 20250306 PS;SIMPLE_INSTRUMENT;EFS;EUR;121;130.49000000;416;EXCHANGE_LAST;;1;1;XEUR;11286679;688;
14.01.2025;15:07:52.964;FGBL SI 20250306 PS;SIMPLE_INSTRUMENT;EFS;EUR;122;130.50000000;416;EXCHANGE_LAST;;1;1;XEUR;11286679;688;
14.01.2025;15:09:23.067;FGBL SI 20250306 PS;SIMPLE_INSTRUMENT;EFS;EUR;123;130.51000000;415;EXCHANGE_LAST;;1;1;XEUR;11286679;688;
14.01.2025;15:09:32.077;FGBL SI 20250306 PS;SIMPLE_INSTRUMENT;EFS;EUR;124;130.48000000;416;EXCHANGE_LAST;;1;1;XEUR;11286679;688;
14.01.2025;15:09:43.086;FGBL SI 20250306 PS;SIMPLE_INSTRUMENT;EFS;EUR;125;130.48000000;416;EXCHANGE_LAST;;1;1;XEUR;11286679;688;
14.01.2025;15:13:25.577;FGBL SI 20250306 PS;SIMPLE_INSTRUMENT;EFS;EUR;126;130.47000000;292;EXCHANGE_LAST;;1;1;XEUR;11286679;688;
14.01.2025;15:17:02.876;FGBL SI 20250306 PS;SIMPLE_INSTRUMENT;EFS;EUR;127;130.54000000;959;EXCHANGE_LAST;;1;1;XEUR;11286679;688;
14.01.2025;15:17:27.733;FGBL SI 20250306 PS;SIMPLE_INSTRUMENT;EFS;EUR;128;130.49000000;940;EXCHANGE_LAST;;1;1;XEUR;11286679;688;
14.01.2025;15:18:58.577;FGBL SI 20250306 PS;SIMPLE_INSTRUMENT;EFS;EUR;129;130.46000000;293;EXCHANGE_LAST;;1;1;XEUR;11286679;688;
14.01.2025;15:19:20.332;FGBL SI 20250306 PS;SIMPLE_INSTRUMENT;EFP_FIN;EUR;130;130.45000000;115;EXCHANGE_LAST;;1;1;XEUR;11286679;688;
14.01.2025;15:20:51.059;FGBL SI 20250306 PS;SIMPLE_INSTRUMENT;EFS;EUR;131;130.46000000;208;EXCHANGE_LAST;;1;1;XEUR;11286679;688;
14.01.2025;15:22:38.549;FGBL SI 20250306 PS;SIMPLE_INSTRUMENT;EFS;EUR;132;130.49000000;415;EXCHANGE_LAST;;1;1;XEUR;11286679;688;
14.01.2025;15:22:58.798;FGBL SI 20250306 PS;SIMPLE_INSTRUMENT;EFS;EUR;133;130.48000000;416;EXCHANGE_LAST;;1;1;XEUR;11286679;688;
14.01.2025;15:23:48.844;FGBL SI 20250306 PS;SIMPLE_INSTRUMENT;EFS;EUR;134;130.48000000;416;EXCHANGE_LAST;;1;1;XEUR;11286679;688;
14.01.2025;15:24:43.885;FGBL SI 20250306 PS;SIMPLE_INSTRUMENT;EFS;EUR;135;130.48000000;832;EXCHANGE_LAST;;1;1;XEUR;11286679;688;
14.01.2025;15:28:03.977;FGBL SI 20250306 PS;SIMPLE_INSTRUMENT;EFS;EUR;136;130.51000000;416;EXCHANGE_LAST;;1;1;XEUR;11286679;688;
14.01.2025;15:31:49.841;FGBL SI 20250306 PS;SIMPLE_INSTRUMENT;EFS;EUR;137;130.49000000;416;EXCHANGE_LAST;;1;1;XEUR;11286679;688;
14.01.2025;15:32:47.724;FGBL SI 20250306 PS;SIMPLE_INSTRUMENT;EFS;EUR;138;130.47000000;1401;EXCHANGE_LAST;;1;1;XEUR;11286679;688;
14.01.2025;15:35:54.298;FGBL SI 20250306 PS;SIMPLE_INSTRUMENT;EFS;EUR;139;130.51000000;208;EXCHANGE_LAST;;1;1;XEUR;11286679;688;
14.01.2025;15:40:53.117;FGBL SI 20250306 PS;SIMPLE_INSTRUMENT;EFP_FIN;EUR;140;130.48000000;370;EXCHANGE_LAST;;1;1;XEUR;11286679;688;
14.01.2025;15:41:48.980;FGBL SI 20250306 PS;SIMPLE_INSTRUMENT;EFP_FIN;EUR;141;130.49000000;78;EXCHANGE_LAST;;1;1;XEUR;11286679;688;
14.01.2025;15:43:05.506;FGBL SI 20250306 PS;SIMPLE_INSTRUMENT;EFP_FIN;EUR;142;130.48000000;255;EXCHANGE_LAST;;1;1;XEUR;11286679;688;
14.01.2025;15:43:10.601;FGBL SI 20250306 PS;SIMPLE_INSTRUMENT;EFS;EUR;143;130.51000000;291;EXCHANGE_LAST;;1;1;XEUR;11286679;688;
14.01.2025;15:44:58.176;FGBL SI 20250306 PS;SIMPLE_INSTRUMENT;EFP_FIN;EUR;144;130.49000000;313;EXCHANGE_LAST;;1;1;XEUR;11286679;688;
14.01.2025;15:49:20.485;FGBL SI 20250306 PS;SIMPLE_INSTRUMENT;EFS;EUR;145;130.51000000;719;EXCHANGE_LAST;;1;1;XEUR;11286679;688;
14.01.2025;15:51:43.780;FGBL SI 20250306 PS;SIMPLE_INSTRUMENT;EFP_FIN;EUR;146;130.47000000;76;EXCHANGE_LAST;;1;1;XEUR;11286679;688;
14.01.2025;15:52:32.079;FGBL SI 20250306 PS;SIMPLE_INSTRUMENT;EFS;EUR;147;130.48000000;233;EXCHANGE_LAST;;1;1;XEUR;11286679;688;
14.01.2025;16:00:22.165;FGBL SI 20250306 PS;SIMPLE_INSTRUMENT;EFP_FIN;EUR;148;130.47000000;115;EXCHANGE_LAST;;1;1;XEUR;11286679;688;
14.01.2025;16:00:04.377;FGBL SI 20250306 PS;SIMPLE_INSTRUMENT;EFP_FIN;EUR;149;130.47000000;76;EXCHANGE_LAST;;1;1;XEUR;11286679;688;
14.01.2025;15:55:37.522;FGBL SI 20250306 PS;SIMPLE_INSTRUMENT;EFP_FIN;EUR;150;130.47000000;916;EXCHANGE_LAST;;1;1;XEUR;11286679;688;
14.01.2025;16:00:09.469;FGBL SI 20250306 PS;SIMPLE_INSTRUMENT;EFS;EUR;151;130.47000000;466;EXCHANGE_LAST;;1;1;XEUR;11286679;688;
14.01.2025;16:01:16.413;FGBL SI 20250306 PS;SIMPLE_INSTRUMENT;EFS;EUR;152;130.48000000;1248;EXCHANGE_LAST;;1;1;XEUR;11286679;688;
14.01.2025;16:02:32.274;FGBL SI 20250306 PS;SIMPLE_INSTRUMENT;EFS;EUR;153;130.52000000;412;EXCHANGE_LAST;;1;1;XEUR;11286679;688;
14.01.2025;16:04:08.556;FGBL SI 20250306 PS;SIMPLE_INSTRUMENT;EFS;EUR;154;130.47000000;416;EXCHANGE_LAST;;1;1;XEUR;11286679;688;
14.01.2025;16:08:41.451;FGBL SI 20250306 PS;SIMPLE_INSTRUMENT;EFS;EUR;155;130.48000000;208;EXCHANGE_LAST;;1;1;XEUR;11286679;688;
14.01.2025;16:08:53.838;FGBL SI 20250306 PS;SIMPLE_INSTRUMENT;EFS;EUR;156;130.47000000;496;EXCHANGE_LAST;;1;1;XEUR;11286679;688;
14.01.2025;16:10:43.392;FGBL SI 20250306 PS;SIMPLE_INSTRUMENT;EFS;EUR;157;130.47000000;1370;EXCHANGE_LAST;;1;1;XEUR;11286679;688;
14.01.2025;16:13:09.057;FGBL SI 20250306 PS;SIMPLE_INSTRUMENT;EFP_FIN;EUR;158;130.48000000;76;EXCHANGE_LAST;;1;1;XEUR;11286679;688;
14.01.2025;16:24:42.682;FGBL SI 20250306 PS;SIMPLE_INSTRUMENT;EFS;EUR;159;130.46000000;415;EXCHANGE_LAST;;1;1;XEUR;11286679;688;
14.01.2025;16:25:16.166;FGBL SI 20250306 PS;SIMPLE_INSTRUMENT;EFS;EUR;160;130.46000000;415;EXCHANGE_LAST;;1;1;XEUR;11286679;688;
14.01.2025;16:30:51.154;FGBL SI 20250306 PS;SIMPLE_INSTRUMENT;EFS;EUR;161;130.45000000;480;EXCHANGE_LAST;;1;1;XEUR;11286679;688;
14.01.2025;16:33:11.162;FGBL SI 20250306 PS;SIMPLE_INSTRUMENT;EFS;EUR;162;130.45000000;210;EXCHANGE_LAST;;1;1;XEUR;11286679;688;
14.01.2025;16:39:29.355;FGBL SI 20250306 PS;SIMPLE_INSTRUMENT;EFS;EUR;163;130.46000000;292;EXCHANGE_LAST;;1;1;XEUR;11286679;688;
14.01.2025;16:40:38.370;FGBL SI 20250306 PS;SIMPLE_INSTRUMENT;EFS;EUR;164;130.49000000;4500;EXCHANGE_LAST;;1;1;XEUR;11286679;688;
14.01.2025;17:34:46.034;FGBL SI 20250306 PS;SIMPLE_INSTRUMENT;EFS;EUR;165;130.34000000;176;EXCHANGE_LAST;;1;1;XEUR;11286679;688;
14.01.2025;17:35:30.602;FGBL SI 20250306 PS;SIMPLE_INSTRUMENT;EFS;EUR;166;130.37000000;700;EXCHANGE_LAST;;1;1;XEUR;11286679;688;
14.01.2025;09:45:03.154;FGBL SI 20250306 PS;SIMPLE_INSTRUMENT;VOLA;EUR;268435471;130.78000000;180;EXCHANGE_LAST;;1;1;XEUR;11286679;688;
14.01.2025;09:45:34.158;FGBL SI 20250306 PS;SIMPLE_INSTRUMENT;VOLA;EUR;268435472;130.78000000;180;EXCHANGE_LAST;;1;1;XEUR;11286679;688;
14.01.2025;12:02:50.892;FGBL SI 20250306 PS;SIMPLE_INSTRUMENT;VOLA;EUR;268435513;130.66000000;193;EXCHANGE_LAST;;1;1;XEUR;11286679;688;
14.01.2025;14:43:10.557;FGBL SI 20250306 PS;SIMPLE_INSTRUMENT;VOLA;EUR;268435551;130.60000000;15;EXCHANGE_LAST;;1;1;XEUR;11286679;688;
14.01.2025;15:18:04.842;FGBL SI 20250606 PS;SIMPLE_INSTRUMENT;VOLA;EUR;268435558;129.61000000;150;EXCHANGE_LAST;;1;1;XEUR;11820389;688;
14.01.2025;15:45:29.750;FGBL SI 20250306 PS;SIMPLE_INSTRUMENT;VOLA;EUR;268435563;130.50000000;21;EXCHANGE_LAST;;1;1;XEUR;11286679;688;
14.01.2025;16:30:48.106;FGBL SI 20250306 PS;SIMPLE_INSTRUMENT;VOLA;EUR;268435575;130.47000000;115;EXCHANGE_LAST;;1;1;XEUR;11286679;688;
14.01.2025;08:39:20.000;FGBM SI 20250306 PS;SIMPLE_INSTRUMENT;EFS;EUR;1;116.61000000;1496;EXCHANGE_LAST;;1;1;XEUR;11286680;689;
14.01.2025;08:49:36.660;FGBM SI 20250306 PS;SIMPLE_INSTRUMENT;EFS;EUR;2;116.56000000;498;EXCHANGE_LAST;;1;1;XEUR;11286680;689;
14.01.2025;08:55:45.214;FGBM SI 20250306 PS;SIMPLE_INSTRUMENT;EFS;EUR;3;116.55000000;998;EXCHANGE_LAST;;1;1;XEUR;11286680;689;
14.01.2025;09:00:26.689;FGBM SI 20250306 PS;SIMPLE_INSTRUMENT;EFS;EUR;4;116.54000000;906;EXCHANGE_LAST;;1;1;XEUR;11286680;689;
14.01.2025;09:02:51.083;FGBM SI 20250306 PS;SIMPLE_INSTRUMENT;EFS;EUR;5;116.54000000;453;EXCHANGE_LAST;;1;1;XEUR;11286680;689;
14.01.2025;09:03:40.045;FGBM SI 20250306 PS;SIMPLE_INSTRUMENT;EFS;EUR;6;116.54000000;453;EXCHANGE_LAST;;1;1;XEUR;11286680;689;
14.01.2025;09:14:24.534;FGBM SI 20250306 PS;SIMPLE_INSTRUMENT;EFS;EUR;7;116.53000000;908;EXCHANGE_LAST;;1;1;XEUR;11286680;689;
14.01.2025;09:33:35.876;FGBM SI 20250306 PS;SIMPLE_INSTRUMENT;EFS;EUR;8;116.55000000;199;EXCHANGE_LAST;;1;1;XEUR;11286680;689;
14.01.2025;09:41:33.567;FGBM SI 20250306 PS;SIMPLE_INSTRUMENT;EFP_FIN;EUR;9;116.54000000;336;EXCHANGE_LAST;;1;1;XEUR;11286680;689;
14.01.2025;09:42:56.131;FGBM SI 20250306 PS;SIMPLE_INSTRUMENT;EFS;EUR;10;116.54000000;998;EXCHANGE_LAST;;1;1;XEUR;11286680;689;
14.01.2025;09:50:00.154;FGBM SI 20250306 PS;SIMPLE_INSTRUMENT;EFS;EUR;11;116.54000000;1947;EXCHANGE_LAST;;1;1;XEUR;11286680;689;
14.01.2025;09:55:14.962;FGBM SI 20250306 PS;SIMPLE_INSTRUMENT;EFS;EUR;12;116.51000000;853;EXCHANGE_LAST;;1;1;XEUR;11286680;689;
14.01.2025;10:00:13.797;FGBM SI 20250306 PS;SIMPLE_INSTRUMENT;EFS;EUR;13;116.51000000;499;EXCHANGE_LAST;;1;1;XEUR;11286680;689;
14.01.2025;10:08:34.474;FGBM SI 20250306 PS;SIMPLE_INSTRUMENT;EFS;EUR;14;116.50000000;454;EXCHANGE_LAST;;1;1;XEUR;11286680;689;
14.01.2025;10:09:46.300;FGBM SI 20250306 PS;SIMPLE_INSTRUMENT;EFS;EUR;15;116.51000000;853;EXCHANGE_LAST;;1;1;XEUR;11286680;689;
14.01.2025;10:12:24.595;FGBM SI 20250306 PS;SIMPLE_INSTRUMENT;EFS;EUR;16;116.50000000;681;EXCHANGE_LAST;;1;1;XEUR;11286680;689;
14.01.2025;10:14:13.253;FGBM SI 20250306 PS;SIMPLE_INSTRUMENT;EFS;EUR;17;116.50000000;50;EXCHANGE_LAST;;1;1;XEUR;11286680;689;
14.01.2025;10:18:17.273;FGBM SI 20250306 PS;SIMPLE_INSTRUMENT;EFP_FIN;EUR;18;116.50000000;1104;EXCHANGE_LAST;;1;1;XEUR;11286680;689;
14.01.2025;10:19:18.193;FGBM SI 20250306 PS;SIMPLE_INSTRUMENT;EFS;EUR;19;116.48000000;999;EXCHANGE_LAST;;1;1;XEUR;11286680;689;
14.01.2025;10:21:40.175;FGBM SI 20250306 PS;SIMPLE_INSTRUMENT;EFP_FIN;EUR;20;116.49000000;261;EXCHANGE_LAST;;1;1;XEUR;11286680;689;
14.01.2025;10:27:42.824;FGBM SI 20250306 PS;SIMPLE_INSTRUMENT;EFP_FIN;EUR;21;116.47000000;180;EXCHANGE_LAST;;1;1;XEUR;11286680;689;
14.01.2025;10:31:01.837;FGBM SI 20250306 PS;SIMPLE_INSTRUMENT;EFS;EUR;22;116.48000000;906;EXCHANGE_LAST;;1;1;XEUR;11286680;689;
14.01.2025;10:33:51.296;FGBM SI 20250306 PS;SIMPLE_INSTRUMENT;EFS;EUR;23;116.46000000;779;EXCHANGE_LAST;;1;1;XEUR;11286680;689;
14.01.2025;10:36:43.318;FGBM SI 20250306 PS;SIMPLE_INSTRUMENT;EFS;EUR;24;116.49000000;1997;EXCHANGE_LAST;;1;1;XEUR;11286680;689;
14.01.2025;10:40:58.908;FGBM SI 20250306 PS;SIMPLE_INSTRUMENT;EFP_FIN;EUR;25;116.47000000;110;EXCHANGE_LAST;;1;1;XEUR;11286680;689;
14.01.2025;10:49:17.232;FGBM SI 20250306 PS;SIMPLE_INSTRUMENT;EFS;EUR;26;116.50000000;906;EXCHANGE_LAST;;1;1;XEUR;11286680;689;
14.01.2025;10:52:57.086;FGBM SI 20250306 PS;SIMPLE_INSTRUMENT;EFS;EUR;27;116.50000000;389;EXCHANGE_LAST;;1;1;XEUR;11286680;689;
14.01.2025;10:54:53.933;FGBM SI 20250306 PS;SIMPLE_INSTRUMENT;EFS;EUR;28;116.51000000;938;EXCHANGE_LAST;;1;1;XEUR;11286680;689;
14.01.2025;10:59:54.251;FGBM SI 20250306 PS;SIMPLE_INSTRUMENT;EFS;EUR;29;116.50000000;906;EXCHANGE_LAST;;1;1;XEUR;11286680;689;
14.01.2025;11:03:06.375;FGBM SI 20250306 PS;SIMPLE_INSTRUMENT;EFS;EUR;30;116.50000000;906;EXCHANGE_LAST;;1;1;XEUR;11286680;689;
14.01.2025;11:03:51.277;FGBM SI 20250306 PS;SIMPLE_INSTRUMENT;EFS;EUR;31;116.50000000;1398;EXCHANGE_LAST;;1;1;XEUR;11286680;689;
14.01.2025;11:05:50.684;FGBM SI 20250306 PS;SIMPLE_INSTRUMENT;EFS;EUR;32;116.50000000;997;EXCHANGE_LAST;;1;1;XEUR;11286680;689;
14.01.2025;11:06:45.947;FGBM SI 20250306 PS;SIMPLE_INSTRUMENT;EFP_FIN;EUR;33;116.51000000;760;EXCHANGE_LAST;;1;1;XEUR;11286680;689;
14.01.2025;11:08:30.404;FGBM SI 20250306 PS;SIMPLE_INSTRUMENT;EFP_FIN;EUR;34;116.47000000;431;EXCHANGE_LAST;;1;1;XEUR;11286680;689;
14.01.2025;11:13:17.578;FGBM SI 20250306 PS;SIMPLE_INSTRUMENT;EFS;EUR;35;116.50000000;932;EXCHANGE_LAST;;1;1;XEUR;11286680;689;
14.01.2025;11:14:08.606;FGBM SI 20250306 PS;SIMPLE_INSTRUMENT;EFS;EUR;36;116.50000000;466;EXCHANGE_LAST;;1;1;XEUR;11286680;689;
14.01.2025;11:16:23.206;FGBM SI 20250306 PS;SIMPLE_INSTRUMENT;EFP_FIN;EUR;37;116.50000000;552;EXCHANGE_LAST;;1;1;XEUR;11286680;689;
14.01.2025;11:33:27.794;FGBM SI 20250306 PS;SIMPLE_INSTRUMENT;EFP_FIN;EUR;38;116.65000000;473;EXCHANGE_LAST;;1;1;XEUR;11286680;689;
14.01.2025;11:39:36.290;FGBM SI 20250306 PS;SIMPLE_INSTRUMENT;EFP_FIN;EUR;39;116.47000000;1078;EXCHANGE_LAST;;1;1;XEUR;11286680;689;
14.01.2025;11:49:28.391;FGBM SI 20250306 PS;SIMPLE_INSTRUMENT;EFS;EUR;41;116.48000000;999;EXCHANGE_LAST;;1;1;XEUR;11286680;689;
14.01.2025;11:55:13.922;FGBM SI 20250306 PS;SIMPLE_INSTRUMENT;EFS;EUR;42;116.47000000;1459;EXCHANGE_LAST;;1;1;XEUR;11286680;689;
14.01.2025;12:18:36.171;FGBM SI 20250306 PS;SIMPLE_INSTRUMENT;EFS;EUR;43;116.45000000;488;EXCHANGE_LAST;;1;1;XEUR;11286680;689;
14.01.2025;12:22:16.873;FGBM SI 20250306 PS;SIMPLE_INSTRUMENT;EFS;EUR;44;116.44000000;453;EXCHANGE_LAST;;1;1;XEUR;11286680;689;
14.01.2025;12:22:46.715;FGBM SI 20250306 PS;SIMPLE_INSTRUMENT;EFS;EUR;45;116.45000000;1361;EXCHANGE_LAST;;1;1;XEUR;11286680;689;
14.01.2025;12:22:56.158;FGBM SI 20250306 PS;SIMPLE_INSTRUMENT;EFS;EUR;46;116.45000000;453;EXCHANGE_LAST;;1;1;XEUR;11286680;689;
14.01.2025;12:39:49.745;FGBM SI 20250306 PS;SIMPLE_INSTRUMENT;EFS;EUR;48;116.46000000;453;EXCHANGE_LAST;;1;1;XEUR;11286680;689;
14.01.2025;12:40:55.681;FGBM SI 20250306 PS;SIMPLE_INSTRUMENT;EFS;EUR;49;116.46000000;227;EXCHANGE_LAST;;1;1;XEUR;11286680;689;
14.01.2025;12:57:54.602;FGBM SI 20250306 PS;SIMPLE_INSTRUMENT;EFP_FIN;EUR;50;116.49000000;266;EXCHANGE_LAST;;1;1;XEUR;11286680;689;
14.01.2025;13:09:11.973;FGBM SI 20250306 PS;SIMPLE_INSTRUMENT;EFS;EUR;51;116.44000000;906;EXCHANGE_LAST;;1;1;XEUR;11286680;689;
14.01.2025;13:05:56.026;FGBM SI 20250306 PS;SIMPLE_INSTRUMENT;EFS;EUR;52;116.46000000;979;EXCHANGE_LAST;;1;1;XEUR;11286680;689;
14.01.2025;13:13:17.565;FGBM SI 20250306 PS;SIMPLE_INSTRUMENT;EFS;EUR;53;116.46000000;390;EXCHANGE_LAST;;1;1;XEUR;11286680;689;
14.01.2025;13:16:45.047;FGBM SI 20250306 PS;SIMPLE_INSTRUMENT;EFP_FIN;EUR;54;116.47000000;388;EXCHANGE_LAST;;1;1;XEUR;11286680;689;
14.01.2025;13:23:28.995;FGBM SI 20250306 PS;SIMPLE_INSTRUMENT;EFP_FIN;EUR;55;116.46000000;309;EXCHANGE_LAST;;1;1;XEUR;11286680;689;
14.01.2025;13:36:33.632;FGBM SI 20250306 PS;SIMPLE_INSTRUMENT;EFS;EUR;56;116.51000000;908;EXCHANGE_LAST;;1;1;XEUR;11286680;689;
14.01.2025;13:50:20.527;FGBM SI 20250306 PS;SIMPLE_INSTRUMENT;EFS;EUR;57;116.44000000;1360;EXCHANGE_LAST;;1;1;XEUR;11286680;689;
14.01.2025;13:51:20.248;FGBM SI 20250306 PS;SIMPLE_INSTRUMENT;EFS;EUR;58;116.46000000;908;EXCHANGE_LAST;;1;1;XEUR;11286680;689;
14.01.2025;13:55:30.433;FGBM SI 20250306 PS;SIMPLE_INSTRUMENT;EFS;EUR;59;116.42000000;907;EXCHANGE_LAST;;1;1;XEUR;11286680;689;
14.01.2025;13:56:20.474;FGBM SI 20250306 PS;SIMPLE_INSTRUMENT;EFS;EUR;60;116.42000000;454;EXCHANGE_LAST;;1;1;XEUR;11286680;689;
14.01.2025;13:57:33.060;FGBM SI 20250306 PS;SIMPLE_INSTRUMENT;EFS;EUR;61;116.42000000;907;EXCHANGE_LAST;;1;1;XEUR;11286680;689;
14.01.2025;14:00:31.330;FGBM SI 20250306 PS;SIMPLE_INSTRUMENT;EFP_FIN;EUR;62;116.48000000;799;EXCHANGE_LAST;;1;1;XEUR;11286680;689;
14.01.2025;14:04:20.695;FGBM SI 20250306 PS;SIMPLE_INSTRUMENT;EFP_FIN;EUR;63;116.44000000;521;EXCHANGE_LAST;;1;1;XEUR;11286680;689;
14.01.2025;14:15:34.216;FGBM SI 20250306 PS;SIMPLE_INSTRUMENT;EFP_FIN;EUR;64;116.43000000;368;EXCHANGE_LAST;;1;1;XEUR;11286680;689;
14.01.2025;14:20:12.919;FGBM SI 20250306 PS;SIMPLE_INSTRUMENT;EFP_FIN;EUR;65;116.45000000;161;EXCHANGE_LAST;;1;1;XEUR;11286680;689;
14.01.2025;14:24:30.712;FGBM SI 20250306 PS;SIMPLE_INSTRUMENT;EFP_FIN;EUR;66;116.42000000;427;EXCHANGE_LAST;;1;1;XEUR;11286680;689;
14.01.2025;14:25:12.753;FGBM SI 20250306 PS;SIMPLE_INSTRUMENT;EFS;EUR;67;116.42000000;908;EXCHANGE_LAST;;1;1;XEUR;11286680;689;
14.01.2025;14:28:47.921;FGBM SI 20250306 PS;SIMPLE_INSTRUMENT;EFS;EUR;68;116.40000000;908;EXCHANGE_LAST;;1;1;XEUR;11286680;689;
14.01.2025;14:30:53.009;FGBM SI 20250306 PS;SIMPLE_INSTRUMENT;EFS;EUR;69;116.42000000;908;EXCHANGE_LAST;;1;1;XEUR;11286680;689;
14.01.2025;14:32:14.059;FGBM SI 20250306 PS;SIMPLE_INSTRUMENT;EFS;EUR;70;116.40000000;908;EXCHANGE_LAST;;1;1;XEUR;11286680;689;
14.01.2025;14:38:24.391;FGBM SI 20250306 PS;SIMPLE_INSTRUMENT;EFS;EUR;71;116.41000000;907;EXCHANGE_LAST;;1;1;XEUR;11286680;689;
14.01.2025;14:40:41.651;FGBM SI 20250306 PS;SIMPLE_INSTRUMENT;EFS;EUR;72;116.42000000;905;EXCHANGE_LAST;;1;1;XEUR;11286680;689;
14.01.2025;14:45:49.348;FGBM SI 20250306 PS;SIMPLE_INSTRUMENT;EFP_FIN;EUR;73;116.45000000;431;EXCHANGE_LAST;;1;1;XEUR;11286680;689;
14.01.2025;14:52:41.215;FGBM SI 20250306 PS;SIMPLE_INSTRUMENT;EFS;EUR;74;116.38000000;907;EXCHANGE_LAST;;1;1;XEUR;11286680;689;
14.01.2025;14:57:49.834;FGBM SI 20250306 PS;SIMPLE_INSTRUMENT;EFP_FIN;EUR;75;116.44000000;129;EXCHANGE_LAST;;1;1;XEUR;11286680;689;
14.01.2025;15:00:45.803;FGBM SI 20250306 PS;SIMPLE_INSTRUMENT;EFS;EUR;76;116.38000000;907;EXCHANGE_LAST;;1;1;XEUR;11286680;689;
14.01.2025;15:09:57.099;FGBM SI 20250306 PS;SIMPLE_INSTRUMENT;EFS;EUR;77;116.38000000;907;EXCHANGE_LAST;;1;1;XEUR;11286680;689;
14.01.2025;15:11:28.209;FGBM SI 20250306 PS;SIMPLE_INSTRUMENT;EFS;EUR;79;116.38000000;907;EXCHANGE_LAST;;1;1;XEUR;11286680;689;
14.01.2025;15:11:58.238;FGBM SI 20250306 PS;SIMPLE_INSTRUMENT;EFS;EUR;80;116.38000000;908;EXCHANGE_LAST;;1;1;XEUR;11286680;689;
14.01.2025;15:12:33.270;FGBM SI 20250306 PS;SIMPLE_INSTRUMENT;EFS;EUR;81;116.37000000;453;EXCHANGE_LAST;;1;1;XEUR;11286680;689;
14.01.2025;15:13:03.314;FGBM SI 20250306 PS;SIMPLE_INSTRUMENT;EFS;EUR;82;116.37000000;454;EXCHANGE_LAST;;1;1;XEUR;11286680;689;
14.01.2025;15:13:08.323;FGBM SI 20250306 PS;SIMPLE_INSTRUMENT;EFS;EUR;83;116.37000000;907;EXCHANGE_LAST;;1;1;XEUR;11286680;689;
14.01.2025;15:14:01.596;FGBM SI 20250306 PS;SIMPLE_INSTRUMENT;EFS;EUR;84;116.38000000;2922;EXCHANGE_LAST;;1;1;XEUR;11286680;689;
14.01.2025;15:21:30.105;FGBM SI 20250306 PS;SIMPLE_INSTRUMENT;EFP_FIN;EUR;85;116.38000000;431;EXCHANGE_LAST;;1;1;XEUR;11286680;689;
14.01.2025;15:16:53.490;FGBM SI 20250306 PS;SIMPLE_INSTRUMENT;EFS;EUR;86;116.36000000;908;EXCHANGE_LAST;;1;1;XEUR;11286680;689;
14.01.2025;15:22:58.753;FGBM SI 20250306 PS;SIMPLE_INSTRUMENT;EFS;EUR;87;116.38000000;855;EXCHANGE_LAST;;1;1;XEUR;11286680;689;
14.01.2025;15:23:18.762;FGBM SI 20250306 PS;SIMPLE_INSTRUMENT;EFS;EUR;88;116.38000000;1817;EXCHANGE_LAST;;1;1;XEUR;11286680;689;
14.01.2025;15:23:48.799;FGBM SI 20250306 PS;SIMPLE_INSTRUMENT;EFS;EUR;89;116.38000000;855;EXCHANGE_LAST;;1;1;XEUR;11286680;689;
14.01.2025;15:24:43.840;FGBM SI 20250306 PS;SIMPLE_INSTRUMENT;EFS;EUR;90;116.38000000;1709;EXCHANGE_LAST;;1;1;XEUR;11286680;689;
14.01.2025;15:27:04.703;FGBM SI 20250306 PS;SIMPLE_INSTRUMENT;EFS;EUR;91;116.38000000;487;EXCHANGE_LAST;;1;1;XEUR;11286680;689;
14.01.2025;15:27:25.705;FGBM SI 20250306 PS;SIMPLE_INSTRUMENT;EFS;EUR;92;116.38000000;487;EXCHANGE_LAST;;1;1;XEUR;11286680;689;
14.01.2025;15:33:29.178;FGBM SI 20250306 PS;SIMPLE_INSTRUMENT;EFS;EUR;93;116.38000000;1077;EXCHANGE_LAST;;1;1;XEUR;11286680;689;
14.01.2025;15:34:08.729;FGBM SI 20250306 PS;SIMPLE_INSTRUMENT;EFS;EUR;94;116.36000000;500;EXCHANGE_LAST;;1;1;XEUR;11286680;689;
14.01.2025;15:34:19.224;FGBM SI 20250306 PS;SIMPLE_INSTRUMENT;EFS;EUR;95;116.38000000;1077;EXCHANGE_LAST;;1;1;XEUR;11286680;689;
14.01.2025;15:51:10.731;FGBM SI 20250306 PS;SIMPLE_INSTRUMENT;EFS;EUR;96;116.38000000;1458;EXCHANGE_LAST;;1;1;XEUR;11286680;689;
14.01.2025;15:57:34.324;FGBM SI 20250306 PS;SIMPLE_INSTRUMENT;EFS;EUR;97;116.39000000;968;EXCHANGE_LAST;;1;1;XEUR;11286680;689;
14.01.2025;15:58:52.301;FGBM SI 20250306 PS;SIMPLE_INSTRUMENT;EFS;EUR;98;116.38000000;972;EXCHANGE_LAST;;1;1;XEUR;11286680;689;
14.01.2025;15:59:17.480;FGBM SI 20250306 PS;SIMPLE_INSTRUMENT;EFP_FIN;EUR;99;116.40000000;208;EXCHANGE_LAST;;1;1;XEUR;11286680;689;
14.01.2025;16:02:17.095;FGBM SI 20250306 PS;SIMPLE_INSTRUMENT;EFP_FIN;EUR;100;116.38000000;261;EXCHANGE_LAST;;1;1;XEUR;11286680;689;
14.01.2025;16:01:16.368;FGBM SI 20250306 PS;SIMPLE_INSTRUMENT;EFS;EUR;101;116.38000000;2563;EXCHANGE_LAST;;1;1;XEUR;11286680;689;
14.01.2025;16:09:39.517;FGBM SI 20250306 PS;SIMPLE_INSTRUMENT;EFP_FIN;EUR;102;116.38000000;434;EXCHANGE_LAST;;1;1;XEUR;11286680;689;
14.01.2025;16:10:51.662;FGBM SI 20250306 PS;SIMPLE_INSTRUMENT;EFS;EUR;103;116.38000000;972;EXCHANGE_LAST;;1;1;XEUR;11286680;689;
14.01.2025;16:18:33.722;FGBM SI 20250306 PS;SIMPLE_INSTRUMENT;EFP_FIN;EUR;104;116.37000000;336;EXCHANGE_LAST;;1;1;XEUR;11286680;689;
14.01.2025;16:21:01.611;FGBM SI 20250306 PS;SIMPLE_INSTRUMENT;EFS;EUR;105;116.38000000;317;EXCHANGE_LAST;;1;1;XEUR;11286680;689;
14.01.2025;16:22:56.072;FGBM SI 20250306 PS;SIMPLE_INSTRUMENT;EFS;EUR;106;116.37000000;1613;EXCHANGE_LAST;;1;1;XEUR;11286680;689;
14.01.2025;16:23:21.166;FGBM SI 20250306 PS;SIMPLE_INSTRUMENT;EFS;EUR;107;116.39000000;453;EXCHANGE_LAST;;1;1;XEUR;11286680;689;
14.01.2025;16:36:09.368;FGBM SI 20250306 PS;SIMPLE_INSTRUMENT;EFS;EUR;108;116.38000000;1300;EXCHANGE_LAST;;1;1;XEUR;11286680;689;
14.01.2025;16:58:57.991;FGBM SI 20250306 PS;SIMPLE_INSTRUMENT;EFS;EUR;109;116.35000000;500;EXCHANGE_LAST;;1;1;XEUR;11286680;689;
14.01.2025;17:24:29.796;FGBM SI 20250306 PS;SIMPLE_INSTRUMENT;EFS;EUR;110;116.35000000;1000;EXCHANGE_LAST;;1;1;XEUR;11286680;689;
14.01.2025;13:15:28.299;FGBM SI 20250306 PS;SIMPLE_INSTRUMENT;VOLA;EUR;268435527;116.51000000;19;EXCHANGE_LAST;;1;1;XEUR;11286680;689;
14.01.2025;08:01:08.232;FGBS SI 20250306 PS;SIMPLE_INSTRUMENT;EFP_FIN;EUR;1;106.54000000;2544;EXCHANGE_LAST;;1;1;XEUR;11286681;690;
14.01.2025;08:23:39.329;FGBS SI 20250306 PS;SIMPLE_INSTRUMENT;EFP_FIN;EUR;2;106.56500000;5093;EXCHANGE_LAST;;1;1;XEUR;11286681;690;
14.01.2025;09:02:03.746;FGBS SI 20250306 PS;SIMPLE_INSTRUMENT;EFP_FIN;EUR;3;106.55000000;1648;EXCHANGE_LAST;;1;1;XEUR;11286681;690;
14.01.2025;09:09:08.866;FGBS SI 20250306 PS;SIMPLE_INSTRUMENT;EFP_FIN;EUR;4;106.55000000;1399;EXCHANGE_LAST;;1;1;XEUR;11286681;690;
14.01.2025;09:11:50.936;FGBS SI 20250306 PS;SIMPLE_INSTRUMENT;EFP_FIN;EUR;5;106.55000000;416;EXCHANGE_LAST;;1;1;XEUR;11286681;690;
14.01.2025;09:37:35.244;FGBS SI 20250306 PS;SIMPLE_INSTRUMENT;EFP_FIN;EUR;6;106.53000000;675;EXCHANGE_LAST;;1;1;XEUR;11286681;690;
14.01.2025;09:37:48.113;FGBS SI 20250306 PS;SIMPLE_INSTRUMENT;EFS;EUR;7;106.54000000;1375;EXCHANGE_LAST;;1;1;XEUR;11286681;690;
14.01.2025;09:39:09.517;FGBS SI 20250306 PS;SIMPLE_INSTRUMENT;EFP_FIN;EUR;8;106.53000000;675;EXCHANGE_LAST;;1;1;XEUR;11286681;690;
14.01.2025;09:41:20.045;FGBS SI 20250306 PS;SIMPLE_INSTRUMENT;EFP_FIN;EUR;9;106.53500000;5093;EXCHANGE_LAST;;1;1;XEUR;11286681;690;
14.01.2025;10:05:22.572;FGBS SI 20250306 PS;SIMPLE_INSTRUMENT;EFS;EUR;10;106.53000000;1073;EXCHANGE_LAST;;1;1;XEUR;11286681;690;
14.01.2025;10:08:04.749;FGBS SI 20250306 PS;SIMPLE_INSTRUMENT;EFS;EUR;11;106.50000000;1376;EXCHANGE_LAST;;1;1;XEUR;11286681;690;
14.01.2025;10:10:00.099;FGBS SI 20250306 PS;SIMPLE_INSTRUMENT;EFP_FIN;EUR;12;106.53500000;338;EXCHANGE_LAST;;1;1;XEUR;11286681;690;
14.01.2025;10:14:50.023;FGBS SI 20250306 PS;SIMPLE_INSTRUMENT;EFS;EUR;13;106.53000000;2751;EXCHANGE_LAST;;1;1;XEUR;11286681;690;
14.01.2025;10:34:48.311;FGBS SI 20250306 PS;SIMPLE_INSTRUMENT;EFS;EUR;14;106.52500000;2751;EXCHANGE_LAST;;1;1;XEUR;11286681;690;
14.01.2025;10:50:46.161;FGBS SI 20250306 PS;SIMPLE_INSTRUMENT;EFP_FIN;EUR;15;106.53000000;119;EXCHANGE_LAST;;1;1;XEUR;11286681;690;
14.01.2025;11:12:01.034;FGBS SI 20250306 PS;SIMPLE_INSTRUMENT;EFP_FIN;EUR;16;106.52000000;1096;EXCHANGE_LAST;;1;1;XEUR;11286681;690;
14.01.2025;11:42:11.498;FGBS SI 20250306 PS;SIMPLE_INSTRUMENT;EFP_FIN;EUR;17;106.52000000;338;EXCHANGE_LAST;;1;1;XEUR;11286681;690;
14.01.2025;11:55:06.432;FGBS SI 20250306 PS;SIMPLE_INSTRUMENT;EFS;EUR;18;106.52500000;3646;EXCHANGE_LAST;;1;1;XEUR;11286681;690;
14.01.2025;11:55:12.395;FGBS SI 20250306 PS;SIMPLE_INSTRUMENT;EFS;EUR;19;106.52500000;2751;EXCHANGE_LAST;;1;1;XEUR;11286681;690;
14.01.2025;12:09:15.210;FGBS SI 20250306 PS;SIMPLE_INSTRUMENT;EFS;EUR;20;106.52500000;2751;EXCHANGE_LAST;;1;1;XEUR;11286681;690;
14.01.2025;13:08:27.041;FGBS SI 20250306 PS;SIMPLE_INSTRUMENT;BLOCK;EUR;21;106.51500000;8253;EXCHANGE_LAST;;1;1;XEUR;11286681;690;
14.01.2025;13:25:12.724;FGBS SI 20250306 PS;SIMPLE_INSTRUMENT;EFP_FIN;EUR;22;106.51500000;1252;EXCHANGE_LAST;;1;1;XEUR;11286681;690;
14.01.2025;13:35:53.197;FGBS SI 20250306 PS;SIMPLE_INSTRUMENT;EFS;EUR;23;106.51000000;2681;EXCHANGE_LAST;;1;1;XEUR;11286681;690;
14.01.2025;14:02:31.945;FGBS SI 20250306 PS;SIMPLE_INSTRUMENT;EFS;EUR;25;106.51500000;1342;EXCHANGE_LAST;;1;1;XEUR;11286681;690;
14.01.2025;14:19:33.495;FGBS SI 20250306 PS;SIMPLE_INSTRUMENT;EFP_FIN;EUR;26;106.51000000;338;EXCHANGE_LAST;;1;1;XEUR;11286681;690;
14.01.2025;14:32:37.856;FGBS SI 20250306 PS;SIMPLE_INSTRUMENT;EFP_FIN;EUR;27;106.51000000;1423;EXCHANGE_LAST;;1;1;XEUR;11286681;690;
14.01.2025;14:37:37.393;FGBS SI 20250306 PS;SIMPLE_INSTRUMENT;EFP_FIN;EUR;28;106.52000000;168;EXCHANGE_LAST;;1;1;XEUR;11286681;690;
14.01.2025;15:13:57.857;FGBS SI 20250306 PS;SIMPLE_INSTRUMENT;EFS;EUR;29;106.49000000;8042;EXCHANGE_LAST;;1;1;XEUR;11286681;690;
14.01.2025;15:24:50.696;FGBS SI 20250306 PS;SIMPLE_INSTRUMENT;EFS;EUR;30;106.49000000;1339;EXCHANGE_LAST;;1;1;XEUR;11286681;690;
14.01.2025;15:27:54.708;FGBS SI 20250306 PS;SIMPLE_INSTRUMENT;EFS;EUR;31;106.49000000;1339;EXCHANGE_LAST;;1;1;XEUR;11286681;690;
14.01.2025;15:35:48.289;FGBS SI 20250306 PS;SIMPLE_INSTRUMENT;EFP_FIN;EUR;32;106.48000000;467;EXCHANGE_LAST;;1;1;XEUR;11286681;690;
14.01.2025;16:10:48.036;FGBS SI 20250306 PS;SIMPLE_INSTRUMENT;EFS;EUR;33;106.48500000;2676;EXCHANGE_LAST;;1;1;XEUR;11286681;690;
14.01.2025;17:57:46.670;FGBS SI 20250306 PS;SIMPLE_INSTRUMENT;EFS;EUR;34;106.54000000;1375;EXCHANGE_LAST;;1;1;XEUR;11286681;690;
14.01.2025;08:35:18.651;FGBX SI 20250306 PS;SIMPLE_INSTRUMENT;EFP_FIN;EUR;1;126.26000000;186;EXCHANGE_LAST;;1;1;XEUR;11286682;691;
14.01.2025;08:56:07.240;FGBX SI 20250306 PS;SIMPLE_INSTRUMENT;EFS;EUR;3;126.32000000;195;EXCHANGE_LAST;;1;1;XEUR;11286682;691;
14.01.2025;08:59:33.747;FGBX SI 20250306 PS;SIMPLE_INSTRUMENT;EFS;EUR;4;126.28000000;195;EXCHANGE_LAST;;1;1;XEUR;11286682;691;
14.01.2025;09:04:56.771;FGBX SI 20250306 PS;SIMPLE_INSTRUMENT;EFS;EUR;6;126.26000000;194;EXCHANGE_LAST;;1;1;XEUR;11286682;691;
14.01.2025;09:54:26.167;FGBX SI 20250306 PS;SIMPLE_INSTRUMENT;EFS;EUR;9;126.10000000;371;EXCHANGE_LAST;;1;1;XEUR;11286682;691;
14.01.2025;10:34:46.299;FGBX SI 20250306 PS;SIMPLE_INSTRUMENT;EFS;EUR;16;125.76000000;153;EXCHANGE_LAST;;1;1;XEUR;11286682;691;
14.01.2025;10:39:17.855;FGBX SI 20250306 PS;SIMPLE_INSTRUMENT;BLOCK;EUR;17;125.82000000;165;EXCHANGE_LAST;;1;1;XEUR;11286682;691;
14.01.2025;11:49:31.959;FGBX SI 20250306 PS;SIMPLE_INSTRUMENT;EFS;EUR;20;125.72000000;196;EXCHANGE_LAST;;1;1;XEUR;11286682;691;
14.01.2025;11:52:34.049;FGBX SI 20250306 PS;SIMPLE_INSTRUMENT;EFS;EUR;21;125.76000000;447;EXCHANGE_LAST;;1;1;XEUR;11286682;691;
14.01.2025;13:08:49.271;FGBX SI 20250306 PS;SIMPLE_INSTRUMENT;EFS;EUR;24;125.72000000;195;EXCHANGE_LAST;;1;1;XEUR;11286682;691;
14.01.2025;13:19:09.070;FGBX SI 20250306 PS;SIMPLE_INSTRUMENT;EFP_FIN;EUR;25;125.64000000;372;EXCHANGE_LAST;;1;1;XEUR;11286682;691;
14.01.2025;14:11:33.400;FGBX SI 20250306 PS;SIMPLE_INSTRUMENT;EFS;EUR;26;125.44000000;383;EXCHANGE_LAST;;1;1;XEUR;11286682;691;
14.01.2025;14:14:35.304;FGBX SI 20250306 PS;SIMPLE_INSTRUMENT;EFS;EUR;27;125.52000000;575;EXCHANGE_LAST;;1;1;XEUR;11286682;691;
14.01.2025;14:15:51.428;FGBX SI 20250306 PS;SIMPLE_INSTRUMENT;EFS;EUR;28;125.44000000;39;EXCHANGE_LAST;;1;1;XEUR;11286682;691;
14.01.2025;14:47:59.839;FGBX SI 20250306 PS;SIMPLE_INSTRUMENT;EFP_FIN;EUR;29;125.32000000;172;EXCHANGE_LAST;;1;1;XEUR;11286682;691;
14.01.2025;15:55:36.264;FGBX SI 20250306 PS;SIMPLE_INSTRUMENT;EFS;EUR;32;125.38000000;189;EXCHANGE_LAST;;1;1;XEUR;11286682;691;
14.01.2025;16:04:34.134;FGBX SI 20250306 PS;SIMPLE_INSTRUMENT;EFS;EUR;33;125.36000000;164;EXCHANGE_LAST;;1;1;XEUR;11286682;691;
14.01.2025;16:09:42.047;FGBX SI 20250306 PS;SIMPLE_INSTRUMENT;EFS;EUR;34;125.32000000;574;EXCHANGE_LAST;;1;1;XEUR;11286682;691;
14.01.2025;16:15:58.654;FGBX SI 20250306 PS;SIMPLE_INSTRUMENT;EFS;EUR;35;125.38000000;81;EXCHANGE_LAST;;1;1;XEUR;11286682;691;
14.01.2025;15:50:13.813;FIN.O.250114.BRT.000002;STANDARD_OPTION_STRATEGY;BLOCK;CHF;77;1.00000000;800;EXCHANGE_LAST;;1;1;XEUR;72060475960989203;671;
14.01.2025;15:50:13.813;FIN SI 20250221 PS AM P 70.00 0;SIMPLE_INSTRUMENT;BLOCK;CHF;77;3.48000000;800;PRC_DECOMP_EXCHANGE;;;;XEUR;12245004;671;EXCHANGE
14.01.2025;15:50:13.813;FIN SI 20250117 PS AM P 70.00 0;SIMPLE_INSTRUMENT;BLOCK;CHF;77;2.48000000;800;PRC_DECOMP_EXCHANGE;;;;XEUR;12075000;671;EXCHANGE
14.01.2025;00:40:41.900;FMAS SI 20250321 CS;SIMPLE_INSTRUMENT;BLOCK;USD;1;595.15000000;75;EXCHANGE_LAST;;1;1;XEUR;7589709;7061;
14.01.2025;00:47:23.770;FMAU SI 20250321 CS;SIMPLE_INSTRUMENT;BLOCK;USD;2;5552.62000000;475;EXCHANGE_LAST;;1;1;XEUR;7590511;45287;
14.01.2025;02:41:41.779;FMAU SI 20250321 CS;SIMPLE_INSTRUMENT;BLOCK;USD;8;5552.61800000;920;EXCHANGE_LAST;;1;1;XEUR;7590511;45287;
14.01.2025;08:18:54.979;FMAU SI 20250321 CS;SIMPLE_INSTRUMENT;BLOCK;USD;43;5552.61800000;460;EXCHANGE_LAST;;1;1;XEUR;7590511;45287;
14.01.2025;05:36:36.424;FMCH SI 20250321 CS;SIMPLE_INSTRUMENT;BLOCK;USD;17;486.00000000;80;EXCHANGE_LAST;;1;1;XEUR;7592069;402909;
14.01.2025;01:33:22.008;FMEA SI 20250321 CS;SIMPLE_INSTRUMENT;BLOCK;USD;5;660.45000000;50;EXCHANGE_LAST;;1;1;XEUR;7589834;12395;
14.01.2025;03:23:50.459;FMEA SI 20250321 CS;SIMPLE_INSTRUMENT;BLOCK;USD;11;660.45000000;320;EXCHANGE_LAST;;1;1;XEUR;7589834;12395;
14.01.2025;05:36:57.585;FMEA SI 20250321 CS;SIMPLE_INSTRUMENT;BLOCK;USD;18;660.45000000;801;EXCHANGE_LAST;;1;1;XEUR;7589834;12395;
14.01.2025;07:30:06.950;FMEA SI 20250321 CS;SIMPLE_INSTRUMENT;BLOCK;USD;22;660.45000000;753;EXCHANGE_LAST;;1;1;XEUR;7589834;12395;
14.01.2025;07:30:38.825;FMED SI 20250321 CS;SIMPLE_INSTRUMENT;BLOCK;USD;23;9095.45000000;279;EXCHANGE_LAST;;1;1;XEUR;7590729;48144;
14.01.2025;07:47:46.010;FMEE SI 20250321 CS;SIMPLE_INSTRUMENT;BLOCK;USD;32;310.83700000;100;EXCHANGE_LAST;;1;1;XEUR;7589846;12396;
14.01.2025;07:58:58.948;FMEE SI 20250321 CS;SIMPLE_INSTRUMENT;BLOCK;USD;39;310.83700000;105;EXCHANGE_LAST;;1;1;XEUR;7589846;12396;
14.01.2025;13:39:02.431;FMEE SI 20250321 CS;SIMPLE_INSTRUMENT;BLOCK;USD;51;313.39400000;370;EXCHANGE_LAST;;1;1;XEUR;7589846;12396;
14.01.2025;07:45:23.377;FMEL SI 20250321 CS;SIMPLE_INSTRUMENT;BLOCK;USD;31;477.88300000;188;EXCHANGE_LAST;;1;1;XEUR;7589856;12397;
14.01.2025;07:59:28.490;FMEL SI 20250321 CS;SIMPLE_INSTRUMENT;BLOCK;USD;40;477.88300000;40;EXCHANGE_LAST;;1;1;XEUR;7589856;12397;
14.01.2025;13:42:27.975;FMEL SI 20250321 CS;SIMPLE_INSTRUMENT;BLOCK;USD;52;477.88300000;341;EXCHANGE_LAST;;1;1;XEUR;7589856;12397;
14.01.2025;07:38:51.388;FMEN SI 20250321 CS;SIMPLE_INSTRUMENT;EFP_IDX;EUR;26;512.25000000;2;EXCHANGE_LAST;;1;1;XEUR;7590212;30652;
14.01.2025;14:46:37.523;FMES SI 20250321 CS;SIMPLE_INSTRUMENT;BLOCK;EUR;53;550.50000000;14;EXCHANGE_LAST;;1;1;XEUR;7591454;221291;
14.01.2025;07:47:23.419;FMGC SI 20250321 CS;SIMPLE_INSTRUMENT;BLOCK;USD;30;12544.22000000;355;EXCHANGE_LAST;;1;1;XEUR;7590767;48916;
14.01.2025;08:00:18.080;FMGC SI 20250321 CS;SIMPLE_INSTRUMENT;BLOCK;USD;42;12544.47000000;53;EXCHANGE_LAST;;1;1;XEUR;7590767;48916;
14.01.2025;14:49:42.359;FMGO SI 20250321 CS;SIMPLE_INSTRUMENT;BLOCK;USD;54;5080.00000000;2;EXCHANGE_LAST;;1;1;XEUR;8609359;583623;
14.01.2025;07:06:01.332;FMGS SI 20250321 CS;SIMPLE_INSTRUMENT;BLOCK;USD;19;26705.00000000;2000;EXCHANGE_LAST;;1;1;XEUR;7590768;48912;
14.01.2025;01:37:00.254;FMHK SI 20250321 CS;SIMPLE_INSTRUMENT;BLOCK;USD;6;53600.00000000;45;EXCHANGE_LAST;;1;1;XEUR;7590500;45282;
14.01.2025;02:48:59.555;FMHK SI 20250321 CS;SIMPLE_INSTRUMENT;BLOCK;USD;10;53700.24700000;71;EXCHANGE_LAST;;1;1;XEUR;7590500;45282;
14.01.2025;05:29:23.558;FMHK SI 20250321 CS;SIMPLE_INSTRUMENT;BLOCK;USD;15;53721.55500000;137;EXCHANGE_LAST;;1;1;XEUR;7590500;45282;
14.01.2025;02:54:34.392;FMID SI 20250321 CS;SIMPLE_INSTRUMENT;BLOCK;USD;1;1546.24100000;98;EXCHANGE_LAST;;1;1;XEUR;7590528;45289;
14.01.2025;07:40:06.553;FMID SI 20250321 CS;SIMPLE_INSTRUMENT;BLOCK;USD;2;1546.24100000;65;EXCHANGE_LAST;;1;1;XEUR;7590528;45289;
14.01.2025;09:31:33.827;FMID SI 20250321 CS;SIMPLE_INSTRUMENT;BLOCK;USD;3;1523.22000000;648;EXCHANGE_LAST;;1;1;XEUR;7590528;45289;
14.01.2025;01:08:20.440;FMIN SI 20250321 CS;SIMPLE_INSTRUMENT;BLOCK;USD;3;1190.99600000;60;EXCHANGE_LAST;;1;1;XEUR;7589865;12404;
14.01.2025;01:30:16.998;FMIN SI 20250321 CS;SIMPLE_INSTRUMENT;BLOCK;USD;4;1190.76300000;50;EXCHANGE_LAST;;1;1;XEUR;7589865;12404;
14.01.2025;05:04:34.881;FMIN SI 20250321 CS;SIMPLE_INSTRUMENT;BLOCK;USD;14;1190.52700000;248;EXCHANGE_LAST;;1;1;XEUR;7589865;12404;
14.01.2025;07:41:06.798;FMIN SI 20250321 CS;SIMPLE_INSTRUMENT;BLOCK;USD;27;1190.64000000;80;EXCHANGE_LAST;;1;1;XEUR;7589865;12404;
14.01.2025;07:58:55.587;FMIN SI 20250321 CS;SIMPLE_INSTRUMENT;EFP_IDX;USD;38;1190.60000000;470;EXCHANGE_LAST;;1;1;XEUR;7589865;12404;
14.01.2025;08:40:30.119;FMIN SI 20250321 CS;SIMPLE_INSTRUMENT;BLOCK;USD;47;1190.88100000;236;EXCHANGE_LAST;;1;3;XEUR;7589865;12404;
14.01.2025;08:37:33.254;FMMU SI 20250321 CS;SIMPLE_INSTRUMENT;EFP_IDX;EUR;46;300.67000000;17;EXCHANGE_LAST;;1;1;XEUR;7590724;48138;
14.01.2025;03:28:29.667;FMMY SI 20250321 CS;SIMPLE_INSTRUMENT;BLOCK;USD;12;380.83700000;105;EXCHANGE_LAST;;1;1;XEUR;7589866;12405;
14.01.2025;04:59:06.325;FMMY SI 20250321 CS;SIMPLE_INSTRUMENT;BLOCK;USD;13;380.83700000;27;EXCHANGE_LAST;;1;1;XEUR;7589866;12405;
14.01.2025;07:37:20.043;FMSA SI 20250321 CS;SIMPLE_INSTRUMENT;BLOCK;USD;25;1794.72000000;83;EXCHANGE_LAST;;1;1;XEUR;7591259;134861;
14.01.2025;07:41:11.120;FMSA SI 20250321 CS;SIMPLE_INSTRUMENT;EFP_IDX;USD;28;1794.42000000;4;EXCHANGE_LAST;;1;1;XEUR;7591259;134861;
14.01.2025;07:53:28.779;FMSA SI 20250321 CS;SIMPLE_INSTRUMENT;BLOCK;USD;29;1794.42200000;80;EXCHANGE_LAST;;1;1;XEUR;7591259;134861;
14.01.2025;12:48:51.383;FMSA SI 20250321 CS;SIMPLE_INSTRUMENT;BLOCK;USD;50;1800.18900000;7;EXCHANGE_LAST;;1;1;XEUR;7591259;134861;
14.01.2025;07:08:59.534;FMTH SI 20250321 CS;SIMPLE_INSTRUMENT;EFP_IDX;USD;21;1123.60000000;40;EXCHANGE_LAST;;1;1;XEUR;7589913;12681;
14.01.2025;07:07:18.506;FMWN SI 20250321 CS;SIMPLE_INSTRUMENT;EFP_IDX;EUR;20;586.96200000;2666;EXCHANGE_LAST;;1;1;XEUR;7590222;30654;
14.01.2025;11:50:36.811;FMWN SI 20250321 CS;SIMPLE_INSTRUMENT;VOLA;EUR;603979805;587.00000000;90;EXCHANGE_LAST;;1;1;XEUR;7590222;30654;
14.01.2025;07:46:44.193;FMWO SI 20250321 CS;SIMPLE_INSTRUMENT;EFP_IDX;USD;33;11721.27000000;18;EXCHANGE_LAST;;1;1;XEUR;7589707;7059;
14.01.2025;07:49:25.710;FMWO SI 20250321 CS;SIMPLE_INSTRUMENT;BLOCK;USD;34;11722.88000000;148;EXCHANGE_LAST;;1;1;XEUR;7589707;7059;
14.01.2025;07:50:00.117;FMWO SI 20250321 CS;SIMPLE_INSTRUMENT;EFP_IDX;USD;35;11720.33000000;78;EXCHANGE_LAST;;1;1;XEUR;7589707;7059;
14.01.2025;07:51:48.414;FMWO SI 20250321 CS;SIMPLE_INSTRUMENT;EFP_IDX;USD;36;11721.04700000;487;EXCHANGE_LAST;;1;1;XEUR;7589707;7059;
14.01.2025;07:55:09.206;FMWO SI 20250321 CS;SIMPLE_INSTRUMENT;BLOCK;USD;37;11723.25600000;186;EXCHANGE_LAST;;1;1;XEUR;7589707;7059;
14.01.2025;16:09:06.162;FMWO SI 20250321 CS;SIMPLE_INSTRUMENT;BLOCK;USD;57;11780.00000000;107;EXCHANGE_LAST;;1;1;XEUR;7589707;7059;
14.01.2025;07:31:09.651;FMXG SI 20250321 CS;SIMPLE_INSTRUMENT;EFP_IDX;EUR;24;357.70900000;1266;EXCHANGE_LAST;;1;1;XEUR;7591194;124306;
14.01.2025;07:59:54.443;FMZA SI 20250321 CS;SIMPLE_INSTRUMENT;BLOCK;USD;41;541.68500000;28;EXCHANGE_LAST;;1;1;XEUR;7589899;12680;
14.01.2025;08:17:45.971;FOAT SI 20250306 PS;SIMPLE_INSTRUMENT;EFS;EUR;1;121.28000000;812;EXCHANGE_LAST;;1;1;XEUR;11286683;749;
14.01.2025;08:34:51.611;FOAT SI 20250306 PS;SIMPLE_INSTRUMENT;BLOCK;EUR;2;121.20000000;340;EXCHANGE_LAST;;1;1;XEUR;11286683;749;
14.01.2025;09:42:06.597;FOAT SI 20250306 PS;SIMPLE_INSTRUMENT;EFP_FIN;EUR;3;121.08000000;446;EXCHANGE_LAST;;1;1;XEUR;11286683;749;
14.01.2025;10:16:17.173;FOAT SI 20250306 PS;SIMPLE_INSTRUMENT;EFP_FIN;EUR;4;121.04000000;4170;EXCHANGE_LAST;;1;1;XEUR;11286683;749;
14.01.2025;10:28:13.660;FOAT SI 20250306 PS;SIMPLE_INSTRUMENT;EFP_FIN;EUR;5;120.97000000;1668;EXCHANGE_LAST;;1;1;XEUR;11286683;749;
14.01.2025;10:28:29.675;FOAT SI 20250306 PS;SIMPLE_INSTRUMENT;EFP_FIN;EUR;6;121.00000000;2851;EXCHANGE_LAST;;1;1;XEUR;11286683;749;
14.01.2025;10:37:57.398;FOAT SI 20250306 PS;SIMPLE_INSTRUMENT;EFP_FIN;EUR;7;120.93000000;271;EXCHANGE_LAST;;1;1;XEUR;11286683;749;
14.01.2025;10:41:35.411;FOAT SI 20250306 PS;SIMPLE_INSTRUMENT;EFP_FIN;EUR;8;120.93000000;167;EXCHANGE_LAST;;1;1;XEUR;11286683;749;
14.01.2025;10:50:07.551;FOAT SI 20250306 PS;SIMPLE_INSTRUMENT;EFP_FIN;EUR;9;120.98000000;417;EXCHANGE_LAST;;1;1;XEUR;11286683;749;
14.01.2025;10:53:59.448;FOAT SI 20250306 PS;SIMPLE_INSTRUMENT;EFP_FIN;EUR;10;120.99000000;175;EXCHANGE_LAST;;1;1;XEUR;11286683;749;
14.01.2025;11:50:33.031;FOAT SI 20250306 PS;SIMPLE_INSTRUMENT;EFS;EUR;11;120.94000000;223;EXCHANGE_LAST;;1;1;XEUR;11286683;749;
14.01.2025;12:24:56.682;FOAT SI 20250306 PS;SIMPLE_INSTRUMENT;EFP_FIN;EUR;12;120.88000000;4170;EXCHANGE_LAST;;1;1;XEUR;11286683;749;
14.01.2025;13:12:43.839;FOAT SI 20250306 PS;SIMPLE_INSTRUMENT;EFP_FIN;EUR;13;121.12000000;628;EXCHANGE_LAST;;1;1;XEUR;11286683;749;
14.01.2025;13:33:11.541;FOAT SI 20250306 PS;SIMPLE_INSTRUMENT;EFP_FIN;EUR;14;120.93000000;485;EXCHANGE_LAST;;1;1;XEUR;11286683;749;
14.01.2025;13:35:42.229;FOAT SI 20250306 PS;SIMPLE_INSTRUMENT;EFP_FIN;EUR;15;120.97000000;315;EXCHANGE_LAST;;1;1;XEUR;11286683;749;
14.01.2025;13:35:42.229;FOAT SI 20250306 PS;SIMPLE_INSTRUMENT;EFP_FIN;EUR;16;120.97000000;132;EXCHANGE_LAST;;1;1;XEUR;11286683;749;
14.01.2025;13:37:32.367;FOAT SI 20250306 PS;SIMPLE_INSTRUMENT;EFP_FIN;EUR;17;120.92000000;272;EXCHANGE_LAST;;1;1;XEUR;11286683;749;
14.01.2025;13:57:31.888;FOAT SI 20250306 PS;SIMPLE_INSTRUMENT;EFP_FIN;EUR;18;120.94000000;542;EXCHANGE_LAST;;1;1;XEUR;11286683;749;
14.01.2025;14:04:03.032;FOAT SI 20250306 PS;SIMPLE_INSTRUMENT;EFP_FIN;EUR;19;120.88000000;698;EXCHANGE_LAST;;1;1;XEUR;11286683;749;
14.01.2025;14:20:12.919;FOAT SI 20250306 PS;SIMPLE_INSTRUMENT;EFP_FIN;EUR;20;120.88000000;834;EXCHANGE_LAST;;1;1;XEUR;11286683;749;
14.01.2025;14:20:12.919;FOAT SI 20250306 PS;SIMPLE_INSTRUMENT;EFP_FIN;EUR;21;120.97000000;223;EXCHANGE_LAST;;1;1;XEUR;11286683;749;
14.01.2025;14:24:51.730;FOAT SI 20250306 PS;SIMPLE_INSTRUMENT;EFP_FIN;EUR;22;120.92000000;272;EXCHANGE_LAST;;1;1;XEUR;11286683;749;
14.01.2025;14:30:04.008;FOAT SI 20250306 PS;SIMPLE_INSTRUMENT;EFP_FIN;EUR;23;120.86000000;1668;EXCHANGE_LAST;;1;1;XEUR;11286683;749;
14.01.2025;14:30:04.008;FOAT SI 20250306 PS;SIMPLE_INSTRUMENT;EFP_FIN;EUR;24;120.86000000;834;EXCHANGE_LAST;;1;1;XEUR;11286683;749;
14.01.2025;14:32:38.343;FOAT SI 20250306 PS;SIMPLE_INSTRUMENT;EFP_FIN;EUR;25;120.89000000;416;EXCHANGE_LAST;;1;1;XEUR;11286683;749;
14.01.2025;14:37:12.201;FOAT SI 20250306 PS;SIMPLE_INSTRUMENT;EFP_FIN;EUR;26;120.86000000;403;EXCHANGE_LAST;;1;1;XEUR;11286683;749;
14.01.2025;14:40:37.713;FOAT SI 20250306 PS;SIMPLE_INSTRUMENT;EFP_FIN;EUR;27;120.86000000;353;EXCHANGE_LAST;;1;1;XEUR;11286683;749;
14.01.2025;14:58:10.922;FOAT SI 20250306 PS;SIMPLE_INSTRUMENT;EFP_FIN;EUR;28;120.82000000;440;EXCHANGE_LAST;;1;1;XEUR;11286683;749;
14.01.2025;15:08:35.642;FOAT SI 20250306 PS;SIMPLE_INSTRUMENT;BLOCK;EUR;29;120.80000000;1274;EXCHANGE_LAST;;1;1;XEUR;11286683;749;
14.01.2025;15:09:01.644;FOAT SI 20250306 PS;SIMPLE_INSTRUMENT;BLOCK;EUR;30;120.80000000;638;EXCHANGE_LAST;;1;1;XEUR;11286683;749;
14.01.2025;15:11:58.519;FOAT SI 20250306 PS;SIMPLE_INSTRUMENT;EFP_FIN;EUR;31;120.93000000;2035;EXCHANGE_LAST;;1;1;XEUR;11286683;749;
14.01.2025;15:14:47.853;FOAT SI 20250306 PS;SIMPLE_INSTRUMENT;EFP_FIN;EUR;32;120.78000000;255;EXCHANGE_LAST;;1;1;XEUR;11286683;749;
14.01.2025;15:16:03.404;FOAT SI 20250306 PS;SIMPLE_INSTRUMENT;EFP_FIN;EUR;33;121.29000000;1377;EXCHANGE_LAST;;1;1;XEUR;11286683;749;
14.01.2025;15:16:35.407;FOAT SI 20250306 PS;SIMPLE_INSTRUMENT;EFP_FIN;EUR;34;121.29000000;1377;EXCHANGE_LAST;;1;1;XEUR;11286683;749;
14.01.2025;15:18:09.674;FOAT SI 20250306 PS;SIMPLE_INSTRUMENT;BLOCK;EUR;35;120.80000000;638;EXCHANGE_LAST;;1;1;XEUR;11286683;749;
14.01.2025;15:34:10.219;FOAT SI 20250306 PS;SIMPLE_INSTRUMENT;EFP_FIN;EUR;36;120.93000000;193;EXCHANGE_LAST;;1;1;XEUR;11286683;749;
14.01.2025;16:02:17.381;FOAT SI 20250306 PS;SIMPLE_INSTRUMENT;EFP_FIN;EUR;37;120.77000000;438;EXCHANGE_LAST;;1;1;XEUR;11286683;749;
14.01.2025;16:17:05.173;FOAT SI 20250306 PS;SIMPLE_INSTRUMENT;EFP_FIN;EUR;38;120.76000000;834;EXCHANGE_LAST;;1;1;XEUR;11286683;749;
14.01.2025;16:17:37.557;FOAT SI 20250306 PS;SIMPLE_INSTRUMENT;EFP_FIN;EUR;39;120.74000000;1028;EXCHANGE_LAST;;1;1;XEUR;11286683;749;
14.01.2025;16:39:38.083;FOAT SI 20250306 PS;SIMPLE_INSTRUMENT;EFS;EUR;40;120.78000000;910;EXCHANGE_LAST;;1;1;XEUR;11286683;749;
14.01.2025;16:44:20.075;FOAT SI 20250306 PS;SIMPLE_INSTRUMENT;EFP_FIN;EUR;41;120.77000000;178;EXCHANGE_LAST;;1;1;XEUR;11286683;749;
14.01.2025;16:49:20.562;FOAT SI 20250306 PS;SIMPLE_INSTRUMENT;EFP_FIN;EUR;42;120.81000000;251;EXCHANGE_LAST;;1;1;XEUR;11286683;749;
14.01.2025;16:47:21.228;FSCP SI 20250321 CS;SIMPLE_INSTRUMENT;EFP_IDX;EUR;44;328.00000000;113;EXCHANGE_LAST;;1;1;XEUR;11360241;764;
14.01.2025;16:47:28.229;FSCP SI 20250321 CS;SIMPLE_INSTRUMENT;EFP_IDX;EUR;46;327.90000000;262;EXCHANGE_LAST;;1;1;XEUR;11360241;764;
14.01.2025;16:52:41.625;FSEG SI 20250321 CS;SIMPLE_INSTRUMENT;EFP_IDX;EUR;47;188.90000000;71;EXCHANGE_LAST;;1;1;XEUR;11393888;109977;
14.01.2025;16:52:27.577;FSEG SI 20250321 CS;SIMPLE_INSTRUMENT;EFP_IDX;EUR;49;188.80000000;18;EXCHANGE_LAST;;1;1;XEUR;11393888;109977;
14.01.2025;16:54:06.835;FSEG SI 20250321 CS;SIMPLE_INSTRUMENT;EFP_IDX;EUR;53;188.80000000;300;EXCHANGE_LAST;;1;1;XEUR;11393888;109977;
14.01.2025;16:54:16.081;FSEG SI 20250321 CS;SIMPLE_INSTRUMENT;EFP_IDX;EUR;54;188.90000000;2700;EXCHANGE_LAST;;1;1;XEUR;11393888;109977;
14.01.2025;16:51:51.520;FSEG SI 20250321 CS;SIMPLE_INSTRUMENT;EFP_IDX;EUR;55;188.80000000;250;EXCHANGE_LAST;;1;1;XEUR;11393888;109977;
14.01.2025;16:52:02.971;FSEG SI 20250321 CS;SIMPLE_INSTRUMENT;EFP_IDX;EUR;56;188.90000000;2250;EXCHANGE_LAST;;1;1;XEUR;11393888;109977;
14.01.2025;16:04:15.473;FSMI SI 20250321 CS;SIMPLE_INSTRUMENT;EFP_IDX;CHF;1;11685.00000000;400;EXCHANGE_LAST;;1;1;XEUR;7793721;757;
14.01.2025;16:35:35.465;FSMI SI 20250321 CS;SIMPLE_INSTRUMENT;EFP_IDX;CHF;2;11674.00000000;10;EXCHANGE_LAST;;1;1;XEUR;7793721;757;
14.01.2025;16:35:45.564;FSMI SI 20250321 CS;SIMPLE_INSTRUMENT;EFP_IDX;CHF;3;11675.00000000;47;EXCHANGE_LAST;;1;1;XEUR;7793721;757;
14.01.2025;15:10:17.040;FSMI SI 20250321 CS;SIMPLE_INSTRUMENT;VOLA;CHF;603979832;11660.00000000;105;EXCHANGE_LAST;;1;1;XEUR;7793721;757;
14.01.2025;16:51:38.018;FSMX SI 20250321 CS;SIMPLE_INSTRUMENT;EFP_IDX;EUR;51;25308.00000000;245;EXCHANGE_LAST;;1;1;XEUR;11405203;396422;
14.01.2025;16:51:55.735;FSMX SI 20250321 CS;SIMPLE_INSTRUMENT;EFP_IDX;EUR;52;25307.00000000;255;EXCHANGE_LAST;;1;1;XEUR;11405203;396422;
14.01.2025;16:54:29.887;FSMX SI 20250321 CS;SIMPLE_INSTRUMENT;BLOCK;EUR;62;25498.00000000;400;EXCHANGE_LAST;;1;1;XEUR;11405203;396422;
14.01.2025;14:05:19.278;FSTA SI 20250321 CS;SIMPLE_INSTRUMENT;BLOCK;EUR;4;557.90000000;316;EXCHANGE_LAST;;1;1;XEUR;11359808;715;
14.01.2025;14:05:34.145;FSTA SI 20250321 CS;SIMPLE_INSTRUMENT;BLOCK;EUR;5;558.10000000;289;EXCHANGE_LAST;;1;1;XEUR;11359808;715;
14.01.2025;16:48:18.596;FSTA SI 20250321 CS;SIMPLE_INSTRUMENT;EFP_IDX;EUR;9;552.80000000;150;EXCHANGE_LAST;;1;1;XEUR;11359808;715;
14.01.2025;16:48:24.411;FSTA SI 20250321 CS;SIMPLE_INSTRUMENT;EFP_IDX;EUR;10;552.90000000;150;EXCHANGE_LAST;;1;1;XEUR;11359808;715;
14.01.2025;16:50:53.019;FSTA SI 20250321 CS;SIMPLE_INSTRUMENT;EFP_IDX;EUR;15;552.80000000;36;EXCHANGE_LAST;;1;1;XEUR;11359808;715;
14.01.2025;16:51:15.371;FSTA SI 20250321 CS;SIMPLE_INSTRUMENT;EFP_IDX;EUR;16;552.90000000;83;EXCHANGE_LAST;;1;1;XEUR;11359808;715;
14.01.2025;16:56:56.656;FSTA SI 20250321 CS;SIMPLE_INSTRUMENT;EFP_IDX;EUR;21;552.80000000;165;EXCHANGE_LAST;;1;1;XEUR;11359808;715;
14.01.2025;16:57:15.728;FSTA SI 20250321 CS;SIMPLE_INSTRUMENT;EFP_IDX;EUR;22;552.90000000;165;EXCHANGE_LAST;;1;1;XEUR;11359808;715;
14.01.2025;14:11:20.436;FSTB SI 20250321 CS;SIMPLE_INSTRUMENT;BLOCK;EUR;33;217.50000000;2628;EXCHANGE_LAST;;1;1;XEUR;11359807;714;
14.01.2025;14:11:20.436;FSTB SI 20250321 CS;SIMPLE_INSTRUMENT;BLOCK;EUR;34;217.80000000;657;EXCHANGE_LAST;;1;1;XEUR;11359807;714;
14.01.2025;16:54:56.230;FSTB SI 20250321 CS;SIMPLE_INSTRUMENT;BLOCK;EUR;61;217.80000000;394;EXCHANGE_LAST;;1;1;XEUR;11359807;714;
14.01.2025;16:22:05.978;FSTC SI 20250321 CS;SIMPLE_INSTRUMENT;VOLA;EUR;603979842;1178.00000000;5;EXCHANGE_LAST;;1;1;XEUR;11359806;713;
14.01.2025;09:51:54.829;FSTE SI 20250321 CS;SIMPLE_INSTRUMENT;BLOCK;EUR;1;350.50000000;250;EXCHANGE_LAST;;1;1;XEUR;11359812;719;
14.01.2025;13:40:31.529;FSTE SI 20250321 CS;SIMPLE_INSTRUMENT;BLOCK;EUR;3;350.80000000;1090;EXCHANGE_LAST;;1;1;XEUR;11359812;719;
14.01.2025;16:53:35.295;FSTF SI 20250321 CS;SIMPLE_INSTRUMENT;BLOCK;EUR;13;841.40000000;290;EXCHANGE_LAST;;1;1;XEUR;11359810;718;
14.01.2025;16:53:45.597;FSTF SI 20250321 CS;SIMPLE_INSTRUMENT;BLOCK;EUR;14;841.50000000;290;EXCHANGE_LAST;;1;1;XEUR;11359810;718;
14.01.2025;12:07:35.009;FSTG SI 20250321 CS;SIMPLE_INSTRUMENT;BLOCK;EUR;27;890.30000000;330;EXCHANGE_LAST;;1;1;XEUR;11359809;717;
14.01.2025;16:53:26.712;FSTI SI 20250321 CS;SIMPLE_INSTRUMENT;EFP_IDX;EUR;48;408.50000000;162;EXCHANGE_LAST;;1;1;XEUR;11359770;707;
14.01.2025;16:53:53.978;FSTI SI 20250321 CS;SIMPLE_INSTRUMENT;EFP_IDX;EUR;50;408.30000000;242;EXCHANGE_LAST;;1;1;XEUR;11359770;707;
14.01.2025;16:51:27.503;FSTI SI 20250321 CS;SIMPLE_INSTRUMENT;BLOCK;EUR;57;408.20000000;405;EXCHANGE_LAST;;1;1;XEUR;11359770;707;
14.01.2025;16:46:35.677;FSTN SI 20250321 CS;SIMPLE_INSTRUMENT;BLOCK;EUR;45;687.20000000;279;EXCHANGE_LAST;;1;1;XEUR;11359761;704;
14.01.2025;16:52:13.091;FSTN SI 20250321 CS;SIMPLE_INSTRUMENT;BLOCK;EUR;58;687.10000000;279;EXCHANGE_LAST;;1;1;XEUR;11359761;704;
14.01.2025;16:53:06.346;FSTS SI 20250321 CS;SIMPLE_INSTRUMENT;BLOCK;EUR;6;523.80000000;1638;EXCHANGE_LAST;;3;1;XEUR;11359775;709;
14.01.2025;16:53:16.314;FSTS SI 20250321 CS;SIMPLE_INSTRUMENT;BLOCK;EUR;7;523.90000000;1639;EXCHANGE_LAST;;3;1;XEUR;11359775;709;
14.01.2025;16:51:44.462;FSTS SI 20250321 CS;SIMPLE_INSTRUMENT;BLOCK;EUR;17;525.20000000;302;EXCHANGE_LAST;;1;1;XEUR;11359775;709;
14.01.2025;16:52:07.463;FSTS SI 20250321 CS;SIMPLE_INSTRUMENT;BLOCK;EUR;18;525.50000000;250;EXCHANGE_LAST;;1;1;XEUR;11359775;709;
14.01.2025;16:53:19.962;FSTS SI 20250321 CS;SIMPLE_INSTRUMENT;BLOCK;EUR;19;525.30000000;298;EXCHANGE_LAST;;1;1;XEUR;11359775;709;
14.01.2025;16:53:41.685;FSTS SI 20250321 CS;SIMPLE_INSTRUMENT;BLOCK;EUR;20;525.70000000;254;EXCHANGE_LAST;;1;1;XEUR;11359775;709;
14.01.2025;10:39:33.093;FSTU SI 20250321 CS;SIMPLE_INSTRUMENT;BLOCK;EUR;20;373.20000000;520;EXCHANGE_LAST;;1;1;XEUR;11359815;730;
14.01.2025;11:46:27.091;FSTU SI 20250321 CS;SIMPLE_INSTRUMENT;VOLA;EUR;603979804;375.00000000;95;EXCHANGE_LAST;;1;1;XEUR;11359815;730;
