#Date;TrdTime;Contract;ContractType;TrdTyp;Currency;TesId;Prc;Qty;TrdInd;Aggressor;Buy;Sell;Exch;InstrumentId;RelatedProdId;PrcDecomp
06.05.2025;15:01:17.626;A2XA SI 20261218 CS;SIMPLE_INSTRUMENT;BLOCK;EUR;115;2.28000000;250;EXCHANGE_LAST;;1;1;XEUR;4632093;17;
06.05.2025;10:07:26.006;ADEN SI 20260320 PS AM P 18.00 0;SIMPLE_INSTRUMENT;BLOCK;CHF;16;1.55000000;1700;EXCHANGE_LAST;;1;2;XEUR;12994411;44;
06.05.2025;08:59:44.159;ADS SI 20251219 PS AM C 240.00 0;SIMPLE_INSTRUMENT;BLOCK;EUR;3;8.85000000;400;EXCHANGE_LAST;;1;1;XEUR;5919899;50;
06.05.2025;12:16:46.708;ADS SI 20260320 PS AM C 190.00 0;SIMPLE_INSTRUMENT;BLOCK;EUR;20;32.70000000;300;EXCHANGE_LAST;;1;1;XEUR;12994552;50;
06.05.2025;09:42:27.842;ADSG SI 20250919 CS;SIMPLE_INSTRUMENT;BLOCK;EUR;12;203.93940000;35;EXCHANGE_LAST;;1;1;XEUR;11697793;48;
06.05.2025;12:09:54.830;AHO SI 20250620 PS AM P 33.50 0;SIMPLE_INSTRUMENT;BLOCK;EUR;22;0.20000000;3500;EXCHANGE_LAST;;1;1;XEUR;12994922;68;
06.05.2025;15:16:30.244;AI3A SI 20250718 PS AM C 76.00 0;SIMPLE_INSTRUMENT;BLOCK;EUR;29;0.99000000;472;EXCHANGE_LAST;;1;1;XEUR;13266869;77252;
06.05.2025;08:16:56.081;AIR SI 20251219 PS AM P 180.00 0;SIMPLE_INSTRUMENT;BLOCK;EUR;6;9.19000000;300;EXCHANGE_LAST;;1;1;XEUR;11290320;64;
06.05.2025;08:01:51.064;ALV SI 20260619 PS AM P 310.00 0;SIMPLE_INSTRUMENT;BLOCK;EUR;1;12.55000000;900;EXCHANGE_LAST;;1;1;XEUR;12715885;74;
06.05.2025;08:01:52.046;ALV SI 20260619 PS AM C 310.00 0;SIMPLE_INSTRUMENT;BLOCK;EUR;2;69.20000000;900;EXCHANGE_LAST;;1;1;XEUR;12715881;74;
06.05.2025;13:02:07.918;ANNG SI 20250516 CS;SIMPLE_INSTRUMENT;BLOCK;EUR;72;29.61550000;25000;EXCHANGE_LAST;;1;1;XEUR;11069991;464374;
06.05.2025;15:33:46.926;ASG5 FI 20250507 CS EU C 34.0000 0;FLEXIBLE_INSTRUMENT;BLOCK;EUR;31;0.26000000;4000;EXCHANGE_LAST;;1;1;XEUR;1152921972758286322;109;
06.05.2025;15:33:49.896;ASG5 FI 20250507 CS EU P 34.0000 0;FLEXIBLE_INSTRUMENT;BLOCK;EUR;32;0.26000000;4000;EXCHANGE_LAST;;1;1;XEUR;1152921972758286323;109;
06.05.2025;15:37:30.454;ASG5 FI 20250507 CS EU P 34.0000 0;FLEXIBLE_INSTRUMENT;BLOCK;EUR;33;0.26000000;1000;EXCHANGE_LAST;;1;1;XEUR;1152921972758286323;109;
06.05.2025;15:38:29.335;ASG5 FI 20250507 CS EU C 34.0000 0;FLEXIBLE_INSTRUMENT;BLOCK;EUR;34;0.26000000;1000;EXCHANGE_LAST;;1;1;XEUR;1152921972758286322;109;
06.05.2025;09:58:41.707;ASM.N.250506.000001;NON_STANDARD_OPTION_STRATEGY;BLOCK;EUR;11;151.40000000;75;EXCHANGE_LAST;;1;1;XEUR;72058053599446835;107;
06.05.2025;09:58:41.707;ASM SI 20270618 PS AM P 550.00 0;SIMPLE_INSTRUMENT;BLOCK;EUR;11;89.10000000;75;PRC_DECOMP_EXCHANGE;;;;XEUR;11828651;107;EXCHANGE
06.05.2025;09:58:41.707;ASM SI 20270618 PS AM P 550.00 0;SIMPLE_INSTRUMENT;BLOCK;EUR;11;89.09000000;150;PRC_DECOMP_EXCHANGE;;;;XEUR;11828651;107;EXCHANGE
06.05.2025;09:58:41.707;ASM SI 20270618 PS AM P 480.00 0;SIMPLE_INSTRUMENT;BLOCK;EUR;11;57.94000000;150;PRC_DECOMP_EXCHANGE;;;;XEUR;11349986;107;EXCHANGE
06.05.2025;14:52:25.355;ASM.O.250506.RBER.000005;STANDARD_OPTION_STRATEGY;BLOCK;EUR;28;-15.10000000;150;EXCHANGE_LAST;;1;1;XEUR;72058053599446839;107;
06.05.2025;14:52:25.355;ASM SI 20260320 PS AM P 480.00 0;SIMPLE_INSTRUMENT;BLOCK;EUR;28;30.88000000;300;PRC_DECOMP_EXCHANGE;;;;XEUR;12996138;107;EXCHANGE
06.05.2025;14:52:25.355;ASM SI 20260320 PS AM P 600.00 0;SIMPLE_INSTRUMENT;BLOCK;EUR;28;76.86000000;150;PRC_DECOMP_EXCHANGE;;;;XEUR;12996127;107;EXCHANGE
06.05.2025;13:01:46.802;ASMH SI 20250620 CS;SIMPLE_INSTRUMENT;BLOCK;EUR;70;599.06910000;1250;EXCHANGE_LAST;;1;1;XEUR;11191365;3979;
06.05.2025;14:30:11.006;ASMH SI 20250620 CS;SIMPLE_INSTRUMENT;BLOCK;EUR;102;600.90000000;1300;EXCHANGE_LAST;;1;1;XEUR;11191365;3979;
06.05.2025;07:56:25.499;AXA.O.250506.CNV.000001;STANDARD_OPTION_STRATEGY;BLOCK;EUR;4;6.19000000;4750;EXCHANGE_LAST;;1;1;XEUR;72058139498795548;127;
06.05.2025;07:56:25.499;AXA SI 20260619 PS AM P 35.00 0;SIMPLE_INSTRUMENT;BLOCK;EUR;4;1.75000000;4750;PRC_DECOMP_MEMBER;;;;XEUR;12767441;127;MEMBER
06.05.2025;07:56:25.499;AXA SI 20260619 PS AM C 35.00 0;SIMPLE_INSTRUMENT;BLOCK;EUR;4;7.94000000;4750;PRC_DECOMP_MEMBER;;;;XEUR;12767442;127;MEMBER
06.05.2025;08:36:29.368;AXA SI 20251219 PS AM C 44.00 0;SIMPLE_INSTRUMENT;BLOCK;EUR;12;1.75000000;1250;EXCHANGE_LAST;;1;1;XEUR;8111540;127;
06.05.2025;08:36:29.388;AXA SI 20260320 PS AM C 50.00 0;SIMPLE_INSTRUMENT;BLOCK;EUR;13;0.63000000;1250;EXCHANGE_LAST;;1;1;XEUR;12996496;127;
06.05.2025;08:37:43.380;AXA SI 20261218 PS AM P 26.00 0;SIMPLE_INSTRUMENT;BLOCK;EUR;14;0.78000000;1500;EXCHANGE_LAST;;1;1;XEUR;10100699;127;
06.05.2025;08:37:43.380;AXA SI 20261218 PS AM C 52.00 0;SIMPLE_INSTRUMENT;BLOCK;EUR;15;0.96000000;1500;EXCHANGE_LAST;;1;1;XEUR;8632064;127;
06.05.2025;09:53:46.275;AXA.O.250506.BRT.000002;STANDARD_OPTION_STRATEGY;BLOCK;EUR;29;2.20000000;1500;EXCHANGE_LAST;;1;1;XEUR;72058139498795549;127;
06.05.2025;09:53:46.275;AXA SI 20281215 PS AM P 36.00 0;SIMPLE_INSTRUMENT;BLOCK;EUR;29;5.06000000;1500;PRC_DECOMP_EXCHANGE;;;;XEUR;10396110;127;EXCHANGE
06.05.2025;09:53:46.275;AXA SI 20261218 PS AM P 36.00 0;SIMPLE_INSTRUMENT;BLOCK;EUR;29;2.86000000;1500;PRC_DECOMP_EXCHANGE;;;;XEUR;7153191;127;EXCHANGE
06.05.2025;11:35:02.054;AXA SI 20260619 PS AM P 41.00 0;SIMPLE_INSTRUMENT;BLOCK;EUR;33;4.20000000;1500;EXCHANGE_LAST;;1;1;XEUR;12767506;127;
06.05.2025;12:27:37.796;AXA SI 20251219 PS AM P 41.00 0;SIMPLE_INSTRUMENT;BLOCK;EUR;37;2.69000000;4000;EXCHANGE_LAST;;1;1;XEUR;12767455;127;
06.05.2025;15:38:34.505;AXA SI 20250620 PS AM P 38.50 0;SIMPLE_INSTRUMENT;BLOCK;EUR;48;0.46000000;1500;EXCHANGE_LAST;;1;1;XEUR;12996351;127;
06.05.2025;10:34:28.476;B2AS SI 20261218 CS;SIMPLE_INSTRUMENT;BLOCK;EUR;22;2.00000000;225;EXCHANGE_LAST;;2;1;XEUR;4632165;140;
06.05.2025;10:00:29.514;B2PE SI 20250620 CS;SIMPLE_INSTRUMENT;BLOCK;EUR;17;0.60000000;9708;EXCHANGE_LAST;;1;1;XEUR;12178633;949835;
06.05.2025;11:24:14.427;B2YG SI 20250620 CS;SIMPLE_INSTRUMENT;BLOCK;EUR;28;2.00000000;352;EXCHANGE_LAST;;1;1;XEUR;10865361;45713;
06.05.2025;09:29:02.800;B3BV SI 20251219 CS;SIMPLE_INSTRUMENT;BLOCK;EUR;10;0.69200000;500;EXCHANGE_LAST;;1;1;XEUR;5914370;135;
06.05.2025;09:30:47.560;B3BV SI 20251219 CS;SIMPLE_INSTRUMENT;BLOCK;EUR;11;0.69300000;500;EXCHANGE_LAST;;1;1;XEUR;5914370;135;
06.05.2025;15:14:15.541;BAEN SI 20250620 PS AM C 55.00 0;SIMPLE_INSTRUMENT;BLOCK;CHF;43;2.18000000;500;EXCHANGE_LAST;;1;1;XEUR;12996826;159;
06.05.2025;08:24:19.582;BAN SI 20260320 PS AM P 50.00 0;SIMPLE_INSTRUMENT;BLOCK;CHF;6;5.00000000;350;EXCHANGE_LAST;;1;1;XEUR;13044327;298535;
06.05.2025;10:42:22.516;BAN SI 20250620 PS AM P 52.00 0;SIMPLE_INSTRUMENT;BLOCK;CHF;20;3.03000000;750;EXCHANGE_LAST;;1;1;XEUR;9591553;298535;
06.05.2025;10:25:17.410;BAS SI 20250919 PS AM P 38.00 0;SIMPLE_INSTRUMENT;BLOCK;EUR;2;1.80000000;5000;EXCHANGE_LAST;;1;1;XEUR;11872851;150;
06.05.2025;10:25:47.366;BAS SI 20250919 PS AM P 32.00 0;SIMPLE_INSTRUMENT;BLOCK;EUR;3;0.58000000;5000;EXCHANGE_LAST;;1;1;XEUR;11872896;150;
06.05.2025;10:25:55.667;BAS SI 20250919 PS AM C 48.00 0;SIMPLE_INSTRUMENT;BLOCK;EUR;4;0.80000000;5000;EXCHANGE_LAST;;1;1;XEUR;11873025;150;
06.05.2025;12:46:31.446;BAS SI 20250620 PS AM P 42.00 0;SIMPLE_INSTRUMENT;BLOCK;EUR;7;1.69000000;5000;EXCHANGE_LAST;;1;2;XEUR;11350808;150;
06.05.2025;13:09:16.943;BAS SI 20250620 PS AM P 42.00 0;SIMPLE_INSTRUMENT;BLOCK;EUR;8;1.69000000;500;EXCHANGE_LAST;;1;1;XEUR;11350808;150;
06.05.2025;11:24:00.930;BASE SI 20250516 PS EU C 44.00 0;SIMPLE_INSTRUMENT;BLOCK;EUR;5;0.23000000;3269;EXCHANGE_LAST;;1;1;XEUR;12813513;151;
06.05.2025;10:04:16.030;BAY SI 20250516 PS AM P 23.00 0;SIMPLE_INSTRUMENT;BLOCK;EUR;1;0.56000000;4000;EXCHANGE_LAST;;2;1;XEUR;12814219;168;
06.05.2025;13:56:15.893;BAY.O.250506.BLT.000018;STANDARD_OPTION_STRATEGY;BLOCK;EUR;9;2.00000000;500;EXCHANGE_LAST;;1;1;XEUR;72058315592510218;168;
06.05.2025;13:56:15.893;BAY SI 20260320 PS AM C 24.00 0;SIMPLE_INSTRUMENT;BLOCK;EUR;9;3.98000000;500;PRC_DECOMP_EXCHANGE;;;;XEUR;12997329;168;EXCHANGE
06.05.2025;13:56:15.893;BAY SI 20271217 PS AM C 24.00 0;SIMPLE_INSTRUMENT;BLOCK;EUR;9;5.98000000;500;PRC_DECOMP_EXCHANGE;;;;XEUR;8774848;168;EXCHANGE
06.05.2025;15:18:59.876;BAY.O.250506.BRT.000021;STANDARD_OPTION_STRATEGY;BLOCK;EUR;11;1.75000000;11750;EXCHANGE_LAST;;2;3;XEUR;72058315592510221;168;
06.05.2025;15:18:59.876;BAY SI 20251219 PS AM P 24.00 0;SIMPLE_INSTRUMENT;BLOCK;EUR;11;3.23000000;11750;PRC_DECOMP_EXCHANGE;;;;XEUR;8112387;168;EXCHANGE
06.05.2025;15:18:59.876;BAY SI 20250620 PS AM P 24.00 0;SIMPLE_INSTRUMENT;BLOCK;EUR;11;1.48000000;11750;PRC_DECOMP_EXCHANGE;;;;XEUR;8112563;168;EXCHANGE
06.05.2025;15:33:57.772;BAY SI 20251219 PS AM P 24.00 0;SIMPLE_INSTRUMENT;BLOCK;EUR;12;3.28000000;2500;EXCHANGE_LAST;;1;1;XEUR;8112387;168;
06.05.2025;09:21:40.163;BBVD.O.250506.COMBO.000001;STANDARD_OPTION_STRATEGY;BLOCK;EUR;7;0.15000000;2000;EXCHANGE_LAST;;1;1;XEUR;72058332772305749;172;
06.05.2025;09:21:40.163;BBVD SI 20250718 PS AM P 12.00 0;SIMPLE_INSTRUMENT;BLOCK;EUR;7;0.57000000;2000;PRC_DECOMP_MEMBER;;;;XEUR;13236205;172;MEMBER
06.05.2025;09:21:40.163;BBVD SI 20250718 PS AM C 13.00 0;SIMPLE_INSTRUMENT;BLOCK;EUR;7;0.42000000;2000;PRC_DECOMP_MEMBER;;;;XEUR;13236189;172;MEMBER
06.05.2025;11:45:24.499;BBVD SI 20261218 PS AM C 14.00 0;SIMPLE_INSTRUMENT;BLOCK;EUR;19;1.16000000;10000;EXCHANGE_LAST;;1;3;XEUR;10026270;172;
06.05.2025;09:31:21.476;BMW SI 20251219 PS AM P 90.00 0;SIMPLE_INSTRUMENT;BLOCK;EUR;7;20.38000000;3000;EXCHANGE_LAST;;1;2;XEUR;11161891;210;
06.05.2025;11:17:26.257;BMW.O.250506.BUL.000006;STANDARD_OPTION_STRATEGY;BLOCK;EUR;15;0.48000000;400;EXCHANGE_LAST;;1;1;XEUR;72058495981110239;210;
06.05.2025;11:17:26.257;BMW SI 20250620 PS AM C 88.00 0;SIMPLE_INSTRUMENT;BLOCK;EUR;15;0.36000000;400;PRC_DECOMP_EXCHANGE;;;;XEUR;11352605;210;EXCHANGE
06.05.2025;11:17:26.257;BMW SI 20250620 PS AM C 80.00 0;SIMPLE_INSTRUMENT;BLOCK;EUR;15;0.84000000;400;PRC_DECOMP_EXCHANGE;;;;XEUR;11332529;210;EXCHANGE
06.05.2025;11:28:57.377;BMW SI 20250620 PS AM C 76.00 0;SIMPLE_INSTRUMENT;BLOCK;EUR;17;1.51000000;2500;EXCHANGE_LAST;;2;1;XEUR;7899906;210;
06.05.2025;13:59:38.626;BMW SI 20250620 PS AM C 76.00 0;SIMPLE_INSTRUMENT;BLOCK;EUR;27;1.46000000;500;EXCHANGE_LAST;;1;1;XEUR;7899906;210;
06.05.2025;14:50:42.892;BMW SI 20261218 PS AM P 68.00 0;SIMPLE_INSTRUMENT;BLOCK;EUR;33;8.75000000;1000;EXCHANGE_LAST;;1;2;XEUR;7154238;210;
06.05.2025;15:20:17.001;BMW SI 20251219 PS AM P 72.00 0;SIMPLE_INSTRUMENT;BLOCK;EUR;38;6.72000000;1000;EXCHANGE_LAST;;1;1;XEUR;11992512;210;
06.05.2025;08:42:12.255;BNP.O.250506.STG.000003;STANDARD_OPTION_STRATEGY;BLOCK;EUR;16;20.57000000;500;EXCHANGE_LAST;;1;1;XEUR;72058611945200384;237;
06.05.2025;08:42:12.255;BNP SI 20271217 PS AM C 80.00 0;SIMPLE_INSTRUMENT;BLOCK;EUR;16;6.23000000;500;PRC_DECOMP_EXCHANGE;;;;XEUR;8776245;237;EXCHANGE
06.05.2025;08:42:12.255;BNP SI 20271217 PS AM P 72.00 0;SIMPLE_INSTRUMENT;BLOCK;EUR;16;14.34000000;500;PRC_DECOMP_EXCHANGE;;;;XEUR;8776249;237;EXCHANGE
06.05.2025;13:58:57.787;BNP.O.250506.COMBO.000005;STANDARD_OPTION_STRATEGY;BLOCK;EUR;40;0.45000000;1500;EXCHANGE_LAST;;1;2;XEUR;72058611945200386;237;
06.05.2025;13:58:57.787;BNP SI 20251219 PS AM C 82.00 0;SIMPLE_INSTRUMENT;BLOCK;EUR;40;2.15000000;1500;PRC_DECOMP_EXCHANGE;;;;XEUR;12761983;237;EXCHANGE
06.05.2025;13:58:57.787;BNP SI 20251219 PS AM P 60.00 0;SIMPLE_INSTRUMENT;BLOCK;EUR;40;2.60000000;1500;PRC_DECOMP_EXCHANGE;;;;XEUR;5995681;237;EXCHANGE
06.05.2025;10:00:26.416;BPEF SI 20250619 CS;SIMPLE_INSTRUMENT;BLOCK;EUR;16;6.87390000;11000;EXCHANGE_LAST;;1;1;XEUR;11161772;226;
06.05.2025;08:40:11.565;BSD2.O.250506.STG.000001;STANDARD_OPTION_STRATEGY;BLOCK;EUR;4;1.83000000;4000;EXCHANGE_LAST;;1;1;XEUR;72058646304923227;245;
06.05.2025;08:40:11.565;BSD2 SI 20271217 PS AM C 7.00 0;SIMPLE_INSTRUMENT;BLOCK;EUR;4;0.81000000;4000;PRC_DECOMP_EXCHANGE;;;;XEUR;10816528;245;EXCHANGE
06.05.2025;08:40:11.565;BSD2 SI 20271217 PS AM P 6.00 0;SIMPLE_INSTRUMENT;BLOCK;EUR;4;1.02000000;4000;PRC_DECOMP_EXCHANGE;;;;XEUR;9104350;245;EXCHANGE
06.05.2025;13:01:07.886;BSIF SI 20250620 CS;SIMPLE_INSTRUMENT;BLOCK;EUR;68;97.72120000;1800;EXCHANGE_LAST;;1;1;XEUR;11200123;174729;
06.05.2025;08:26:05.221;BSN.O.250506.COMBO.000003;STANDARD_OPTION_STRATEGY;BLOCK;EUR;8;-0.46000000;500;EXCHANGE_LAST;;1;1;XEUR;72058629125063484;241;
06.05.2025;08:26:05.221;BSN SI 20261218 PS AM C 96.00 0;SIMPLE_INSTRUMENT;BLOCK;EUR;8;1.29000000;500;PRC_DECOMP_EXCHANGE;;;;XEUR;8181444;241;EXCHANGE
06.05.2025;08:26:05.221;BSN SI 20261218 PS AM P 52.00 0;SIMPLE_INSTRUMENT;BLOCK;EUR;8;0.83000000;500;PRC_DECOMP_EXCHANGE;;;;XEUR;7154664;241;EXCHANGE
06.05.2025;11:24:04.999;BYGG SI 20250620 CS;SIMPLE_INSTRUMENT;BLOCK;EUR;27;38.04720000;4000;EXCHANGE_LAST;;1;1;XEUR;11171272;281;
06.05.2025;15:51:52.810;C3AR SI 20281215 CS;SIMPLE_INSTRUMENT;BLOCK;EUR;132;0.77000000;150;EXCHANGE_LAST;;1;1;XEUR;9916187;256;
06.05.2025;14:20:54.941;CBK SI 20250620 PS AM P 21.00 0;SIMPLE_INSTRUMENT;BLOCK;EUR;22;0.57000000;10000;EXCHANGE_LAST;;1;1;XEUR;12999586;268;
06.05.2025;08:54:19.412;CBKE SI 20261218 PS EU C 18.00 0;SIMPLE_INSTRUMENT;BLOCK;EUR;2;8.15000000;35000;EXCHANGE_LAST;;2;2;XEUR;8883188;304;
06.05.2025;09:39:42.765;CBKE SI 20261218 PS EU C 18.00 0;SIMPLE_INSTRUMENT;BLOCK;EUR;5;8.15000000;5000;EXCHANGE_LAST;;1;2;XEUR;8883188;304;
06.05.2025;07:32:55.352;CFR SI 20250718 PS AM P 130.00 0;SIMPLE_INSTRUMENT;BLOCK;CHF;2;3.48000000;600;EXCHANGE_LAST;;1;1;XEUR;13238633;313;
06.05.2025;11:14:03.218;CFR.O.250506.STG.000004;STANDARD_OPTION_STRATEGY;BLOCK;CHF;25;27.80000000;300;EXCHANGE_LAST;;1;1;XEUR;72058938362728938;313;
06.05.2025;11:14:03.218;CFR SI 20260320 PS AM P 140.00 0;SIMPLE_INSTRUMENT;BLOCK;CHF;25;14.68000000;300;PRC_DECOMP_EXCHANGE;;;;XEUR;13000408;313;EXCHANGE
06.05.2025;11:14:03.218;CFR SI 20260320 PS AM C 150.00 0;SIMPLE_INSTRUMENT;BLOCK;CHF;25;13.12000000;300;PRC_DECOMP_EXCHANGE;;;;XEUR;13000413;313;EXCHANGE
06.05.2025;07:55:50.511;CRI5 SI 20250619 PS AM P 47.00 0;SIMPLE_INSTRUMENT;BLOCK;EUR;2;0.87000000;4000;EXCHANGE_LAST;;1;1;XEUR;12988049;320;
06.05.2025;10:51:55.579;CRI5 SI 20250619 PS AM C 56.00 0;SIMPLE_INSTRUMENT;BLOCK;EUR;13;1.18000000;2000;EXCHANGE_LAST;;1;1;XEUR;11337254;320;
06.05.2025;13:50:41.637;CSPX.O.250506.CDIA.000001;STANDARD_OPTION_STRATEGY;BLOCK;USD;1;-17.10000000;2803;EXCHANGE_LAST;;1;1;XEUR;72279253005107226;51609;
06.05.2025;13:50:41.637;CSPX SI 20260320 PS AM C 640.00 0;SIMPLE_INSTRUMENT;BLOCK;USD;1;27.90000000;2803;PRC_DECOMP_MEMBER;;;;XEUR;12473221;51609;MEMBER
06.05.2025;13:50:41.637;CSPX SI 20251219 PS AM C 600.00 0;SIMPLE_INSTRUMENT;BLOCK;USD;1;45.00000000;2803;PRC_DECOMP_MEMBER;;;;XEUR;10722337;51609;MEMBER
06.05.2025;13:49:07.944;CSPX.O.250506.CDIA.000001;STANDARD_OPTION_STRATEGY;BLOCK;USD;2;-17.10000000;1345;EXCHANGE_LAST;;1;1;XEUR;72279253005107226;51609;
06.05.2025;13:49:07.944;CSPX SI 20251219 PS AM C 600.00 0;SIMPLE_INSTRUMENT;BLOCK;USD;2;45.00000000;1345;PRC_DECOMP_MEMBER;;;;XEUR;10722337;51609;MEMBER
06.05.2025;13:49:07.944;CSPX SI 20260320 PS AM C 640.00 0;SIMPLE_INSTRUMENT;BLOCK;USD;2;27.90000000;1345;PRC_DECOMP_MEMBER;;;;XEUR;12473221;51609;MEMBER
06.05.2025;11:38:56.932;D2PW SI 20281215 CS;SIMPLE_INSTRUMENT;BLOCK;EUR;29;1.55000000;400;EXCHANGE_LAST;;1;2;XEUR;6818646;9702;
06.05.2025;13:12:57.344;D2PW SI 20261218 CS;SIMPLE_INSTRUMENT;BLOCK;EUR;75;1.71500000;400;EXCHANGE_LAST;;3;1;XEUR;4632317;9702;
06.05.2025;15:40:14.555;D3AI SI 20250620 CS;SIMPLE_INSTRUMENT;BLOCK;EUR;126;4.30000000;336;EXCHANGE_LAST;;1;1;XEUR;10884356;443197;
06.05.2025;08:43:23.755;DAI.O.250506.STG.000007;STANDARD_OPTION_STRATEGY;BLOCK;EUR;4;6.17000000;1000;EXCHANGE_LAST;;1;1;XEUR;73961106363665423;443196;
06.05.2025;08:43:23.755;DAI SI 20251219 PS AM P 52.00 0;SIMPLE_INSTRUMENT;BLOCK;EUR;4;5.00000000;1000;PRC_DECOMP_EXCHANGE;;;;XEUR;7144530;443196;EXCHANGE
06.05.2025;08:43:23.755;DAI SI 20251219 PS AM C 60.00 0;SIMPLE_INSTRUMENT;BLOCK;EUR;4;1.17000000;1000;PRC_DECOMP_EXCHANGE;;;;XEUR;7144524;443196;EXCHANGE
06.05.2025;10:25:57.784;DAI.O.250506.COMBO.000011;STANDARD_OPTION_STRATEGY;BLOCK;EUR;12;2.60000000;1500;EXCHANGE_LAST;;1;1;XEUR;73961106363665427;443196;
06.05.2025;10:25:57.784;DAI SI 20251219 PS AM P 50.00 0;SIMPLE_INSTRUMENT;BLOCK;EUR;12;4.22000000;1500;PRC_DECOMP_EXCHANGE;;;;XEUR;12490173;443196;EXCHANGE
06.05.2025;10:25:57.784;DAI SI 20251219 PS AM C 58.00 0;SIMPLE_INSTRUMENT;BLOCK;EUR;12;1.62000000;1500;PRC_DECOMP_EXCHANGE;;;;XEUR;10374221;443196;EXCHANGE
06.05.2025;11:22:35.544;DAI SI 20291221 PS AM P 52.00 0;SIMPLE_INSTRUMENT;BLOCK;EUR;16;12.80000000;1000;EXCHANGE_LAST;;1;1;XEUR;12490280;443196;
06.05.2025;11:31:34.648;DAI.O.250506.BR23.000014;STANDARD_OPTION_STRATEGY;BLOCK;EUR;19;-8.00000000;2500;EXCHANGE_LAST;;2;2;XEUR;73961106363665430;443196;
06.05.2025;11:31:34.648;DAI SI 20291221 PS AM P 32.00 0;SIMPLE_INSTRUMENT;BLOCK;EUR;19;5.00000000;7500;PRC_DECOMP_MEMBER;;;;XEUR;12490312;443196;MEMBER
06.05.2025;11:31:34.648;DAI SI 20291221 PS AM P 48.00 0;SIMPLE_INSTRUMENT;BLOCK;EUR;19;11.50000000;5000;PRC_DECOMP_MEMBER;;;;XEUR;12490271;443196;MEMBER
06.05.2025;11:53:36.697;DAI SI 20250516 PS AM C 54.00 0;SIMPLE_INSTRUMENT;BLOCK;EUR;20;0.26000000;2000;EXCHANGE_LAST;;1;1;XEUR;12852494;443196;
06.05.2025;11:56:57.424;DAI.O.250506.STD.000016;STANDARD_OPTION_STRATEGY;BLOCK;EUR;22;4.89000000;750;EXCHANGE_LAST;;1;1;XEUR;73961106363665432;443196;
06.05.2025;11:56:57.424;DAI SI 20250620 PS AM C 52.00 0;SIMPLE_INSTRUMENT;BLOCK;EUR;22;1.73000000;750;PRC_DECOMP_EXCHANGE;;;;XEUR;7934269;443196;EXCHANGE
06.05.2025;11:56:57.424;DAI SI 20250620 PS AM P 52.00 0;SIMPLE_INSTRUMENT;BLOCK;EUR;22;3.16000000;750;PRC_DECOMP_EXCHANGE;;;;XEUR;7934288;443196;EXCHANGE
06.05.2025;12:13:21.582;DAI.O.250506.PDIA.000013;STANDARD_OPTION_STRATEGY;BLOCK;EUR;23;1.62000000;13500;EXCHANGE_LAST;;2;5;XEUR;73961106363665429;443196;
06.05.2025;12:13:21.582;DAI SI 20260320 PS AM P 50.00 0;SIMPLE_INSTRUMENT;BLOCK;EUR;23;4.70000000;13500;PRC_DECOMP_MEMBER;;;;XEUR;13049845;443196;MEMBER
06.05.2025;12:13:21.582;DAI SI 20271217 PS AM P 44.00 0;SIMPLE_INSTRUMENT;BLOCK;EUR;23;6.32000000;13500;PRC_DECOMP_MEMBER;;;;XEUR;8833338;443196;MEMBER
06.05.2025;13:38:44.539;DAI SI 20251219 PS AM C 60.00 0;SIMPLE_INSTRUMENT;BLOCK;EUR;26;1.25000000;2000;EXCHANGE_LAST;;1;1;XEUR;7144524;443196;
06.05.2025;14:30:46.379;DAI SI 20260619 PS AM P 52.00 0;SIMPLE_INSTRUMENT;BLOCK;EUR;30;7.05000000;2500;EXCHANGE_LAST;;1;1;XEUR;9598266;443196;
06.05.2025;15:22:26.094;DAI SI 20251219 PS AM P 54.00 0;SIMPLE_INSTRUMENT;BLOCK;EUR;36;6.35000000;1500;EXCHANGE_LAST;;1;1;XEUR;7349882;443196;
06.05.2025;16:29:33.516;DAI.O.250506.BR23.000022;STANDARD_OPTION_STRATEGY;BLOCK;EUR;40;-1.50000000;375;EXCHANGE_LAST;;1;1;XEUR;73961106363665438;443196;
06.05.2025;16:29:33.516;DAI SI 20271217 PS AM P 44.00 0;SIMPLE_INSTRUMENT;BLOCK;EUR;40;6.30000000;1125;PRC_DECOMP_EXCHANGE;;;;XEUR;8833338;443196;EXCHANGE
06.05.2025;16:29:33.516;DAI SI 20271217 PS AM P 52.00 0;SIMPLE_INSTRUMENT;BLOCK;EUR;40;10.20000000;750;PRC_DECOMP_EXCHANGE;;;;XEUR;8833342;443196;EXCHANGE
06.05.2025;15:39:48.648;DAIG SI 20250620 CS;SIMPLE_INSTRUMENT;BLOCK;EUR;124;50.76000000;4000;EXCHANGE_LAST;;1;1;XEUR;11207841;443203;
06.05.2025;10:18:36.190;DBK SI 20250620 PS AM C 15.00 0;SIMPLE_INSTRUMENT;BLOCK;EUR;10;8.74000000;2500;EXCHANGE_LAST;;1;1;XEUR;10812177;362;
06.05.2025;10:19:03.820;DBK SI 20250620 PS AM C 16.00 0;SIMPLE_INSTRUMENT;BLOCK;EUR;11;7.71000000;2500;EXCHANGE_LAST;;1;1;XEUR;7901429;362;
06.05.2025;10:18:46.832;DBKE SI 20251219 PS EU C 15.00 0;SIMPLE_INSTRUMENT;BLOCK;EUR;9;8.77000000;2500;EXCHANGE_LAST;;1;1;XEUR;12438664;411;
06.05.2025;10:19:14.696;DBKE SI 20251219 PS EU C 16.00 0;SIMPLE_INSTRUMENT;BLOCK;EUR;12;7.84000000;2500;EXCHANGE_LAST;;1;1;XEUR;5926147;411;
06.05.2025;08:57:12.303;DEZ SI 20251219 PS AM C 5.20 0;SIMPLE_INSTRUMENT;ENLIGHT;EUR;5;2.24000000;500;EXCHANGE_LAST;;1;1;XEUR;12438482;392;
06.05.2025;10:02:52.330;DPW SI 20250620 PS AM P 36.00 0;SIMPLE_INSTRUMENT;BLOCK;EUR;12;0.93000000;1500;EXCHANGE_LAST;;1;2;XEUR;7902458;445;
06.05.2025;11:05:56.907;DPW SI 20250516 PS AM C 38.00 0;SIMPLE_INSTRUMENT;BLOCK;EUR;15;0.25000000;3396;EXCHANGE_LAST;;1;1;XEUR;12817745;445;
06.05.2025;09:51:27.163;DTE SI 20260320 PS AM C 36.00 0;SIMPLE_INSTRUMENT;BLOCK;EUR;11;1.55000000;2000;EXCHANGE_LAST;;1;1;XEUR;13002342;424;
06.05.2025;10:15:20.377;DTG SI 20250620 PS AM C 44.00 0;SIMPLE_INSTRUMENT;BLOCK;EUR;11;0.07000000;2500;EXCHANGE_LAST;;1;1;XEUR;8174158;455942;
06.05.2025;10:05:55.040;E2NL SI 20271217 CS;SIMPLE_INSTRUMENT;BLOCK;EUR;20;0.45000000;1000;EXCHANGE_LAST;;1;1;XEUR;5914571;471;
06.05.2025;09:10:28.815;E2NT SI 20271217 CS;SIMPLE_INSTRUMENT;BLOCK;EUR;4;0.84000000;250;EXCHANGE_LAST;;1;1;XEUR;5914575;470;
06.05.2025;09:11:54.300;E2NT SI 20271217 CS;SIMPLE_INSTRUMENT;BLOCK;EUR;7;0.84000000;1000;EXCHANGE_LAST;;1;1;XEUR;5914575;470;
06.05.2025;09:16:09.233;E2NT SI 20271217 CS;SIMPLE_INSTRUMENT;BLOCK;EUR;8;0.84000000;650;EXCHANGE_LAST;;1;1;XEUR;5914575;470;
06.05.2025;10:00:38.137;E2NT SI 20250620 CS;SIMPLE_INSTRUMENT;BLOCK;EUR;19;0.50000000;2648;EXCHANGE_LAST;;1;1;XEUR;10837409;470;
06.05.2025;10:04:49.454;E2NT SI 20271217 CS;SIMPLE_INSTRUMENT;BLOCK;EUR;21;0.84000000;500;EXCHANGE_LAST;;1;1;XEUR;5914575;470;
06.05.2025;15:02:04.832;E2NT SI 20261218 CS;SIMPLE_INSTRUMENT;BLOCK;EUR;116;0.97000000;250;EXCHANGE_LAST;;1;1;XEUR;4632357;470;
06.05.2025;07:41:53.568;EAD SI 20250516 PS AM C 162.00 0;SIMPLE_INSTRUMENT;BLOCK;EUR;3;1.00000000;780;EXCHANGE_LAST;;1;1;XEUR;13305451;465;
06.05.2025;09:36:25.314;EAD SI 20250516 PS AM C 160.00 0;SIMPLE_INSTRUMENT;BLOCK;EUR;22;1.18000000;970;EXCHANGE_LAST;;1;1;XEUR;13241839;465;
06.05.2025;13:01:57.926;EADG SI 20250620 CS;SIMPLE_INSTRUMENT;BLOCK;EUR;71;155.67170000;2233;EXCHANGE_LAST;;1;1;XEUR;11420351;840008;
06.05.2025;13:26:08.248;EAIF SI 20250620 CS;SIMPLE_INSTRUMENT;BLOCK;EUR;80;68.51960000;3500;EXCHANGE_LAST;;1;1;XEUR;11173962;463;
06.05.2025;14:30:22.990;ENR SI 20250516 PS AM P 70.00 0;SIMPLE_INSTRUMENT;BLOCK;EUR;19;1.65000000;750;EXCHANGE_LAST;;1;1;XEUR;12848134;298530;
06.05.2025;14:35:15.000;ENR SI 20250516 PS AM P 70.00 0;SIMPLE_INSTRUMENT;BLOCK;EUR;20;1.55000000;500;EXCHANGE_LAST;;1;1;XEUR;12848134;298530;
06.05.2025;09:04:45.135;ENT5 SI 20261217 PS AM C 13.00 0;SIMPLE_INSTRUMENT;BLOCK;EUR;5;0.76000000;2000;EXCHANGE_LAST;;2;1;XEUR;13309976;497;
06.05.2025;13:56:13.206;ENT5 SI 20261217 PS AM P 12.00 0;SIMPLE_INSTRUMENT;BLOCK;EUR;26;1.43000000;1500;EXCHANGE_LAST;;2;1;XEUR;7147798;497;
06.05.2025;10:00:35.058;ENTH SI 20250619 CS;SIMPLE_INSTRUMENT;BLOCK;EUR;18;12.49000000;6000;EXCHANGE_LAST;;1;1;XEUR;11165310;524973;
06.05.2025;08:38:15.906;F3IA SI 20261218 CS;SIMPLE_INSTRUMENT;BLOCK;EUR;1;0.37500000;1450;EXCHANGE_LAST;;1;3;XEUR;6830373;390387;
06.05.2025;12:02:51.354;F3IA SI 20261218 CS;SIMPLE_INSTRUMENT;BLOCK;EUR;36;0.37500000;1000;EXCHANGE_LAST;;1;2;XEUR;6830373;390387;
06.05.2025;12:44:11.380;F3IA SI 20281215 CS;SIMPLE_INSTRUMENT;BLOCK;EUR;50;0.39500000;250;EXCHANGE_LAST;;1;1;XEUR;9964653;390387;
06.05.2025;13:04:52.449;F3IA SI 20281215 CS;SIMPLE_INSTRUMENT;BLOCK;EUR;73;0.39500000;1750;EXCHANGE_LAST;;2;2;XEUR;9964653;390387;
06.05.2025;13:13:07.215;F3IA SI 20261218 CS;SIMPLE_INSTRUMENT;BLOCK;EUR;77;0.37500000;1850;EXCHANGE_LAST;;1;4;XEUR;6830373;390387;
06.05.2025;13:34:11.848;F3IA SI 20281215 CS;SIMPLE_INSTRUMENT;BLOCK;EUR;81;0.39500000;500;EXCHANGE_LAST;;1;1;XEUR;9964653;390387;
06.05.2025;14:16:18.255;F3IA SI 20261218 CS;SIMPLE_INSTRUMENT;BLOCK;EUR;97;0.37500000;250;EXCHANGE_LAST;;1;1;XEUR;6830373;390387;
06.05.2025;14:44:09.877;F3IA SI 20261218 CS;SIMPLE_INSTRUMENT;BLOCK;EUR;104;0.37000000;300;EXCHANGE_LAST;;1;1;XEUR;6830373;390387;
06.05.2025;14:37:11.680;F3IA SI 20261218 CS;SIMPLE_INSTRUMENT;BLOCK;EUR;109;0.37000000;1500;EXCHANGE_LAST;;1;1;XEUR;6830373;390387;
06.05.2025;14:39:24.564;F3IA SI 20261218 CS;SIMPLE_INSTRUMENT;BLOCK;EUR;110;0.37000000;400;EXCHANGE_LAST;;2;2;XEUR;6830373;390387;
06.05.2025;07:12:46.816;FBTP SI 20250606 PS;SIMPLE_INSTRUMENT;BLOCK;EUR;1;119.95000000;2000;EXCHANGE_LAST;;1;1;XEUR;11820365;636;
06.05.2025;08:03:02.319;FBTP SI 20250606 PS;SIMPLE_INSTRUMENT;EFP_FIN;EUR;2;119.85000000;202;EXCHANGE_LAST;;1;1;XEUR;11820365;636;
06.05.2025;08:32:22.069;FBTP SI 20250606 PS;SIMPLE_INSTRUMENT;EFP_FIN;EUR;3;119.95000000;442;EXCHANGE_LAST;;1;1;XEUR;11820365;636;
06.05.2025;09:36:14.981;FBTP SI 20250606 PS;SIMPLE_INSTRUMENT;BLOCK;EUR;4;119.95000000;462;EXCHANGE_LAST;;1;1;XEUR;11820365;636;
06.05.2025;09:58:31.240;FBTP SI 20250606 PS;SIMPLE_INSTRUMENT;EFP_FIN;EUR;5;119.79000000;152;EXCHANGE_LAST;;1;1;XEUR;11820365;636;
06.05.2025;10:39:47.050;FBTP SI 20250606 PS;SIMPLE_INSTRUMENT;EFP_FIN;EUR;6;119.91000000;244;EXCHANGE_LAST;;1;1;XEUR;11820365;636;
06.05.2025;10:42:18.552;FBTP SI 20250606 PS;SIMPLE_INSTRUMENT;EFP_FIN;EUR;7;119.84000000;969;EXCHANGE_LAST;;1;1;XEUR;11820365;636;
06.05.2025;10:58:55.937;FBTP SI 20250606 PS;SIMPLE_INSTRUMENT;EFP_FIN;EUR;8;119.94000000;522;EXCHANGE_LAST;;1;1;XEUR;11820365;636;
06.05.2025;11:38:35.517;FBTP SI 20250606 PS;SIMPLE_INSTRUMENT;EFP_FIN;EUR;9;119.97000000;96;EXCHANGE_LAST;;1;1;XEUR;11820365;636;
06.05.2025;12:22:48.162;FBTP SI 20250606 PS;SIMPLE_INSTRUMENT;EFP_FIN;EUR;10;119.94000000;218;EXCHANGE_LAST;;1;1;XEUR;11820365;636;
06.05.2025;12:23:55.117;FBTP SI 20250606 PS;SIMPLE_INSTRUMENT;EFP_FIN;EUR;11;119.94000000;90;EXCHANGE_LAST;;1;1;XEUR;11820365;636;
06.05.2025;12:28:41.941;FBTP SI 20250606 PS;SIMPLE_INSTRUMENT;EFP_FIN;EUR;12;119.94000000;65;EXCHANGE_LAST;;1;1;XEUR;11820365;636;
06.05.2025;12:34:07.566;FBTP SI 20250606 PS;SIMPLE_INSTRUMENT;EFP_FIN;EUR;13;119.94000000;88;EXCHANGE_LAST;;1;1;XEUR;11820365;636;
06.05.2025;12:35:40.996;FBTP SI 20250606 PS;SIMPLE_INSTRUMENT;EFP_FIN;EUR;14;119.94000000;322;EXCHANGE_LAST;;1;1;XEUR;11820365;636;
06.05.2025;14:35:00.574;FBTP SI 20250606 PS;SIMPLE_INSTRUMENT;BLOCK;EUR;16;119.71000000;1500;EXCHANGE_LAST;;1;1;XEUR;11820365;636;
06.05.2025;15:21:59.610;FBTP SI 20250606 PS;SIMPLE_INSTRUMENT;EFP_FIN;EUR;17;119.94000000;398;EXCHANGE_LAST;;1;1;XEUR;11820365;636;
06.05.2025;07:42:59.509;FBTS SI 20250606 PS;SIMPLE_INSTRUMENT;EFP_FIN;EUR;2;108.11000000;488;EXCHANGE_LAST;;1;1;XEUR;11820367;639;
06.05.2025;09:11:45.417;FBTS SI 20250606 PS;SIMPLE_INSTRUMENT;EFP_FIN;EUR;8;108.12000000;157;EXCHANGE_LAST;;1;1;XEUR;11820367;639;
06.05.2025;10:00:18.334;FBTS SI 20250606 PS;SIMPLE_INSTRUMENT;EFP_FIN;EUR;9;108.12000000;476;EXCHANGE_LAST;;1;1;XEUR;11820367;639;
06.05.2025;10:05:39.992;FBTS SI 20250606 PS;SIMPLE_INSTRUMENT;EFP_FIN;EUR;11;108.10000000;444;EXCHANGE_LAST;;1;1;XEUR;11820367;639;
06.05.2025;10:06:47.562;FBTS SI 20250606 PS;SIMPLE_INSTRUMENT;EFP_FIN;EUR;12;108.11000000;795;EXCHANGE_LAST;;1;1;XEUR;11820367;639;
06.05.2025;10:48:52.830;FBTS SI 20250606 PS;SIMPLE_INSTRUMENT;BLOCK;EUR;16;108.11000000;476;EXCHANGE_LAST;;1;1;XEUR;11820367;639;
06.05.2025;10:56:17.169;FBTS SI 20250606 PS;SIMPLE_INSTRUMENT;EFP_FIN;EUR;17;108.13000000;732;EXCHANGE_LAST;;1;1;XEUR;11820367;639;
06.05.2025;11:02:43.172;FBTS SI 20250606 PS;SIMPLE_INSTRUMENT;EFP_FIN;EUR;18;108.13000000;1046;EXCHANGE_LAST;;1;1;XEUR;11820367;639;
06.05.2025;11:18:22.374;FBTS SI 20250606 PS;SIMPLE_INSTRUMENT;BLOCK;EUR;22;108.13000000;1316;EXCHANGE_LAST;;1;1;XEUR;11820367;639;
06.05.2025;11:22:23.230;FBTS SI 20250606 PS;SIMPLE_INSTRUMENT;EFP_FIN;EUR;26;108.13000000;890;EXCHANGE_LAST;;1;1;XEUR;11820367;639;
06.05.2025;11:35:22.032;FBTS SI 20250606 PS;SIMPLE_INSTRUMENT;EFP_FIN;EUR;27;108.14000000;202;EXCHANGE_LAST;;1;1;XEUR;11820367;639;
06.05.2025;12:25:36.419;FBTS SI 20250606 PS;SIMPLE_INSTRUMENT;EFP_FIN;EUR;31;108.13000000;923;EXCHANGE_LAST;;1;1;XEUR;11820367;639;
06.05.2025;12:32:08.934;FBTS SI 20250606 PS;SIMPLE_INSTRUMENT;EFP_FIN;EUR;32;108.13000000;770;EXCHANGE_LAST;;1;1;XEUR;11820367;639;
06.05.2025;12:35:44.991;FBTS SI 20250606 PS;SIMPLE_INSTRUMENT;BLOCK;EUR;34;108.11000000;805;EXCHANGE_LAST;;1;1;XEUR;11820367;639;
06.05.2025;12:45:10.957;FBTS SI 20250606 PS;SIMPLE_INSTRUMENT;EFP_FIN;EUR;35;108.12000000;238;EXCHANGE_LAST;;1;1;XEUR;11820367;639;
06.05.2025;13:31:03.058;FBTS SI 20250606 PS;SIMPLE_INSTRUMENT;EFP_FIN;EUR;38;108.14000000;1046;EXCHANGE_LAST;;1;1;XEUR;11820367;639;
06.05.2025;13:38:27.190;FBTS SI 20250606 PS;SIMPLE_INSTRUMENT;BLOCK;EUR;39;108.10000000;476;EXCHANGE_LAST;;1;1;XEUR;11820367;639;
06.05.2025;13:41:02.785;FBTS SI 20250606 PS;SIMPLE_INSTRUMENT;BLOCK;EUR;40;108.12000000;1399;EXCHANGE_LAST;;1;1;XEUR;11820367;639;
06.05.2025;13:41:03.650;FBTS SI 20250606 PS;SIMPLE_INSTRUMENT;EFP_FIN;EUR;41;108.14000000;889;EXCHANGE_LAST;;1;1;XEUR;11820367;639;
06.05.2025;13:42:31.561;FBTS SI 20250606 PS;SIMPLE_INSTRUMENT;BLOCK;EUR;42;108.13000000;105;EXCHANGE_LAST;;1;1;XEUR;11820367;639;
06.05.2025;13:45:27.478;FBTS SI 20250606 PS;SIMPLE_INSTRUMENT;BLOCK;EUR;43;108.12000000;524;EXCHANGE_LAST;;1;1;XEUR;11820367;639;
06.05.2025;13:49:24.968;FBTS SI 20250606 PS;SIMPLE_INSTRUMENT;BLOCK;EUR;45;108.13000000;365;EXCHANGE_LAST;;1;1;XEUR;11820367;639;
06.05.2025;13:49:43.732;FBTS SI 20250606 PS;SIMPLE_INSTRUMENT;EFP_FIN;EUR;46;108.11000000;1935;EXCHANGE_LAST;;1;1;XEUR;11820367;639;
06.05.2025;13:49:59.452;FBTS SI 20250606 PS;SIMPLE_INSTRUMENT;BLOCK;EUR;47;108.14000000;117;EXCHANGE_LAST;;1;1;XEUR;11820367;639;
06.05.2025;13:52:06.431;FBTS SI 20250606 PS;SIMPLE_INSTRUMENT;BLOCK;EUR;48;108.10000000;952;EXCHANGE_LAST;;1;1;XEUR;11820367;639;
06.05.2025;13:55:18.835;FBTS SI 20250606 PS;SIMPLE_INSTRUMENT;BLOCK;EUR;49;108.13000000;4195;EXCHANGE_LAST;;1;1;XEUR;11820367;639;
06.05.2025;14:04:55.752;FBTS SI 20250606 PS;SIMPLE_INSTRUMENT;EFP_FIN;EUR;51;108.09000000;700;EXCHANGE_LAST;;1;1;XEUR;11820367;639;
06.05.2025;14:10:33.143;FBTS SI 20250606 PS;SIMPLE_INSTRUMENT;EFP_FIN;EUR;52;108.10000000;476;EXCHANGE_LAST;;1;1;XEUR;11820367;639;
06.05.2025;14:12:36.523;FBTS SI 20250606 PS;SIMPLE_INSTRUMENT;EFP_FIN;EUR;53;108.09000000;476;EXCHANGE_LAST;;1;1;XEUR;11820367;639;
06.05.2025;14:39:19.290;FBTS SI 20250606 PS;SIMPLE_INSTRUMENT;EFP_FIN;EUR;54;108.09000000;708;EXCHANGE_LAST;;1;1;XEUR;11820367;639;
06.05.2025;14:52:39.949;FBTS SI 20250606 PS;SIMPLE_INSTRUMENT;EFP_FIN;EUR;55;108.12000000;989;EXCHANGE_LAST;;1;1;XEUR;11820367;639;
06.05.2025;12:56:29.899;FCBU SI 20250603 CS;SIMPLE_INSTRUMENT;BLOCK;USD;3;0.17475000;400;EXCHANGE_LAST;;1;1;XEUR;11280122;570870;
06.05.2025;10:42:29.719;FCEU SI 20250616 PS;SIMPLE_INSTRUMENT;BLOCK;USD;2;1.13495000;180;EXCHANGE_LAST;;1;1;XEUR;7879022;369376;
06.05.2025;08:44:00.240;FCZU SI 20250616 CS;SIMPLE_INSTRUMENT;BLOCK;USD;1;0.05460000;150;EXCHANGE_LAST;;1;1;XEUR;11855446;570872;
06.05.2025;15:51:00.825;FDAX SI 20250620 CS;SIMPLE_INSTRUMENT;EFP_IDX;EUR;1;23369.00000000;40;EXCHANGE_LAST;;1;1;XEUR;7903800;589;
06.05.2025;15:55:12.149;FDAX SI 20250620 CS;SIMPLE_INSTRUMENT;EFP_IDX;EUR;2;23366.00000000;14;EXCHANGE_LAST;;1;1;XEUR;7903800;589;
06.05.2025;15:55:29.710;FDAX SI 20250620 CS;SIMPLE_INSTRUMENT;EFP_IDX;EUR;3;23367.00000000;27;EXCHANGE_LAST;;1;1;XEUR;7903800;589;
06.05.2025;09:44:55.655;FDAX SI 20250620 CS;SIMPLE_INSTRUMENT;VOLA;EUR;671088656;23040.00000000;62;EXCHANGE_LAST;;1;1;XEUR;7903800;589;
06.05.2025;09:49:32.209;FDAX SI 20250620 CS;SIMPLE_INSTRUMENT;VOLA;EUR;671088659;23050.00000000;16;EXCHANGE_LAST;;1;1;XEUR;7903800;589;
06.05.2025;10:51:23.196;FDAX SI 20250620 CS;SIMPLE_INSTRUMENT;VOLA;EUR;671088667;23200.00000000;300;EXCHANGE_LAST;;1;1;XEUR;7903800;589;
06.05.2025;10:51:49.731;FDAX SI 20250620 CS;SIMPLE_INSTRUMENT;VOLA;EUR;671088668;23200.00000000;200;EXCHANGE_LAST;;1;1;XEUR;7903800;589;
06.05.2025;15:17:52.519;FDAX SI 20250620 CS;SIMPLE_INSTRUMENT;VOLA;EUR;671088686;23361.00000000;18;EXCHANGE_LAST;;1;1;XEUR;7903800;589;
06.05.2025;07:47:45.453;FEBD SI 20271217 CS;SIMPLE_INSTRUMENT;BLOCK;EUR;6;9.68000000;1000;EXCHANGE_LAST;;1;1;XEUR;7776307;597;
06.05.2025;08:04:22.326;FEBD.S.DEC26.DEC27.SPD;FUTURES_SPREAD;BLOCK;EUR;8;0.70000000;555;EXCHANGE_LAST;;1;2;XEUR;72060158133407034;597;
06.05.2025;08:04:22.326;FEBD SI 20261218 CS;SIMPLE_INSTRUMENT;BLOCK;EUR;8;10.36000000;555;PRC_DECOMP_MEMBER;;;;XEUR;7158212;597;MEMBER
06.05.2025;08:04:22.326;FEBD SI 20271217 CS;SIMPLE_INSTRUMENT;BLOCK;EUR;8;9.66000000;555;PRC_DECOMP_MEMBER;;;;XEUR;7776307;597;MEMBER
06.05.2025;08:26:51.057;FEBD SI 20271217 CS;SIMPLE_INSTRUMENT;BLOCK;EUR;10;9.68000000;500;EXCHANGE_LAST;;1;1;XEUR;7776307;597;
06.05.2025;09:31:08.702;FEBD SI 20271217 CS;SIMPLE_INSTRUMENT;BLOCK;EUR;17;9.64000000;500;EXCHANGE_LAST;;2;2;XEUR;7776307;597;
06.05.2025;09:32:34.581;FEBD SI 20271217 CS;SIMPLE_INSTRUMENT;BLOCK;EUR;18;9.58000000;250;EXCHANGE_LAST;;1;1;XEUR;7776307;597;
06.05.2025;13:46:19.646;FEBD SI 20261218 CS;SIMPLE_INSTRUMENT;BLOCK;EUR;50;10.33000000;250;EXCHANGE_LAST;;1;2;XEUR;7158212;597;
06.05.2025;13:46:34.607;FEBD SI 20261218 CS;SIMPLE_INSTRUMENT;BLOCK;EUR;51;10.34000000;250;EXCHANGE_LAST;;1;2;XEUR;7158212;597;
06.05.2025;14:42:04.363;FECX SI 20250620 CS;SIMPLE_INSTRUMENT;BLOCK;EUR;55;166.86000000;400;EXCHANGE_LAST;;1;1;XEUR;11949125;410158;
06.05.2025;14:47:34.148;FECX SI 20250620 CS;SIMPLE_INSTRUMENT;BLOCK;EUR;56;166.86000000;150;EXCHANGE_LAST;;1;1;XEUR;11949125;410158;
06.05.2025;11:12:31.624;FESB SI 20250620 CS;SIMPLE_INSTRUMENT;BLOCK;EUR;27;185.55000000;1666;EXCHANGE_LAST;;1;1;XEUR;11880665;605;
06.05.2025;11:12:31.644;FESB SI 20250620 CS;SIMPLE_INSTRUMENT;BLOCK;EUR;28;185.65000000;2037;EXCHANGE_LAST;;1;1;XEUR;11880665;605;
06.05.2025;13:38:48.441;FESB SI 20250620 CS;SIMPLE_INSTRUMENT;BLOCK;EUR;30;186.00000000;5000;EXCHANGE_LAST;;1;1;XEUR;11880665;605;
06.05.2025;13:45:41.328;FESB SI 20250620 CS;SIMPLE_INSTRUMENT;BLOCK;EUR;31;186.00000000;8000;EXCHANGE_LAST;;1;1;XEUR;11880665;605;
06.05.2025;13:43:59.152;FESB SI 20250620 CS;SIMPLE_INSTRUMENT;BLOCK;EUR;32;186.00000000;2500;EXCHANGE_LAST;;1;1;XEUR;11880665;605;
06.05.2025;14:49:26.260;FESB SI 20250620 CS;SIMPLE_INSTRUMENT;BLOCK;EUR;34;186.00000000;7000;EXCHANGE_LAST;;1;1;XEUR;11880665;605;
06.05.2025;15:36:07.516;FESB SI 20250620 CS;SIMPLE_INSTRUMENT;BLOCK;EUR;36;186.20000000;5000;EXCHANGE_LAST;;1;1;XEUR;11880665;605;
06.05.2025;15:44:38.015;FESB SI 20250620 CS;SIMPLE_INSTRUMENT;EFP_IDX;EUR;42;187.00000000;1200;EXCHANGE_LAST;;1;1;XEUR;11880665;605;
06.05.2025;15:44:54.478;FESB SI 20250620 CS;SIMPLE_INSTRUMENT;EFP_IDX;EUR;43;187.10000000;800;EXCHANGE_LAST;;1;1;XEUR;11880665;605;
06.05.2025;15:41:08.686;FESL SI 20250620 CS;SIMPLE_INSTRUMENT;BLOCK;EUR;3;149.20000000;400;EXCHANGE_LAST;;1;1;XEUR;11881191;680;
06.05.2025;15:41:07.798;FESL SI 20250620 CS;SIMPLE_INSTRUMENT;BLOCK;EUR;4;149.30000000;600;EXCHANGE_LAST;;1;1;XEUR;11881191;680;
06.05.2025;14:42:44.302;FESX SI 20250620 CS;SIMPLE_INSTRUMENT;BLOCK;EUR;1;5229.00000000;2000;EXCHANGE_LAST;;1;1;XEUR;7904020;675;
06.05.2025;15:29:48.945;FESX SI 20250620 CS;SIMPLE_INSTRUMENT;BLOCK;EUR;2;5230.00000000;2000;EXCHANGE_LAST;;1;1;XEUR;7904020;675;
06.05.2025;15:46:51.354;FESX SI 20250620 CS;SIMPLE_INSTRUMENT;EFP_IDX;EUR;3;5231.00000000;61;EXCHANGE_LAST;;1;1;XEUR;7904020;675;
06.05.2025;15:46:18.497;FESX SI 20250620 CS;SIMPLE_INSTRUMENT;EFP_IDX;EUR;4;5232.00000000;189;EXCHANGE_LAST;;1;1;XEUR;7904020;675;
06.05.2025;15:40:56.463;FESX SI 20250620 CS;SIMPLE_INSTRUMENT;EFP_IDX;EUR;5;5231.00000000;623;EXCHANGE_LAST;;1;1;XEUR;7904020;675;
06.05.2025;15:41:04.463;FESX SI 20250620 CS;SIMPLE_INSTRUMENT;EFP_IDX;EUR;6;5232.00000000;703;EXCHANGE_LAST;;1;1;XEUR;7904020;675;
06.05.2025;15:44:55.067;FESX SI 20250620 CS;SIMPLE_INSTRUMENT;EFP_IDX;EUR;7;5231.00000000;18;EXCHANGE_LAST;;1;1;XEUR;7904020;675;
06.05.2025;15:45:05.068;FESX SI 20250620 CS;SIMPLE_INSTRUMENT;EFP_IDX;EUR;8;5232.00000000;128;EXCHANGE_LAST;;1;1;XEUR;7904020;675;
06.05.2025;15:44:40.255;FESX SI 20250620 CS;SIMPLE_INSTRUMENT;EFP_IDX;EUR;9;5231.00000000;155;EXCHANGE_LAST;;1;1;XEUR;7904020;675;
06.05.2025;15:47:10.979;FESX SI 20250620 CS;SIMPLE_INSTRUMENT;EFP_IDX;EUR;10;5231.00000000;61;EXCHANGE_LAST;;1;1;XEUR;7904020;675;
06.05.2025;15:44:47.962;FESX SI 20250620 CS;SIMPLE_INSTRUMENT;EFP_IDX;EUR;11;5232.00000000;95;EXCHANGE_LAST;;1;1;XEUR;7904020;675;
06.05.2025;15:47:37.946;FESX SI 20250620 CS;SIMPLE_INSTRUMENT;EFP_IDX;EUR;12;5232.00000000;103;EXCHANGE_LAST;;1;1;XEUR;7904020;675;
06.05.2025;15:46:15.737;FESX SI 20250620 CS;SIMPLE_INSTRUMENT;EFP_IDX;EUR;13;5232.00000000;68;EXCHANGE_LAST;;1;1;XEUR;7904020;675;
06.05.2025;15:46:29.736;FESX SI 20250620 CS;SIMPLE_INSTRUMENT;EFP_IDX;EUR;14;5231.00000000;73;EXCHANGE_LAST;;1;1;XEUR;7904020;675;
06.05.2025;15:47:24.477;FESX SI 20250620 CS;SIMPLE_INSTRUMENT;EFP_IDX;EUR;15;5231.00000000;37;EXCHANGE_LAST;;1;1;XEUR;7904020;675;
06.05.2025;15:47:42.489;FESX SI 20250620 CS;SIMPLE_INSTRUMENT;EFP_IDX;EUR;16;5232.00000000;132;EXCHANGE_LAST;;1;1;XEUR;7904020;675;
06.05.2025;15:52:42.923;FESX SI 20250620 CS;SIMPLE_INSTRUMENT;EFP_IDX;EUR;17;5231.00000000;368;EXCHANGE_LAST;;1;1;XEUR;7904020;675;
06.05.2025;15:53:00.054;FESX SI 20250620 CS;SIMPLE_INSTRUMENT;EFP_IDX;EUR;18;5232.00000000;1132;EXCHANGE_LAST;;1;1;XEUR;7904020;675;
06.05.2025;15:55:49.172;FESX SI 20250620 CS;SIMPLE_INSTRUMENT;EFP_IDX;EUR;19;5231.00000000;98;EXCHANGE_LAST;;1;1;XEUR;7904020;675;
06.05.2025;15:55:59.685;FESX SI 20250620 CS;SIMPLE_INSTRUMENT;EFP_IDX;EUR;20;5232.00000000;302;EXCHANGE_LAST;;1;1;XEUR;7904020;675;
06.05.2025;15:56:17.639;FESX SI 20250620 CS;SIMPLE_INSTRUMENT;EFP_IDX;EUR;21;5231.00000000;122;EXCHANGE_LAST;;1;1;XEUR;7904020;675;
06.05.2025;15:57:12.701;FESX SI 20250620 CS;SIMPLE_INSTRUMENT;EFP_IDX;EUR;22;5232.00000000;378;EXCHANGE_LAST;;1;1;XEUR;7904020;675;
06.05.2025;07:48:41.654;FESX SI 20250620 CS;SIMPLE_INSTRUMENT;VOLA;EUR;637534212;5240.00000000;610;EXCHANGE_LAST;;1;1;XEUR;7904020;675;
06.05.2025;07:48:44.375;FESX SI 20250620 CS;SIMPLE_INSTRUMENT;VOLA;EUR;637534213;5240.00000000;240;EXCHANGE_LAST;;1;1;XEUR;7904020;675;
06.05.2025;07:54:42.619;FESX SI 20250620 CS;SIMPLE_INSTRUMENT;VOLA;EUR;637534218;5245.00000000;644;EXCHANGE_LAST;;1;1;XEUR;7904020;675;
06.05.2025;08:43:55.173;FESX SI 20250620 CS;SIMPLE_INSTRUMENT;VOLA;EUR;637534228;5216.00000000;380;EXCHANGE_LAST;;1;1;XEUR;7904020;675;
06.05.2025;08:53:04.157;FESX SI 20250620 CS;SIMPLE_INSTRUMENT;VOLA;EUR;637534233;5224.00000000;26;EXCHANGE_LAST;;1;1;XEUR;7904020;675;
06.05.2025;08:53:55.362;FESX SI 20250620 CS;SIMPLE_INSTRUMENT;VOLA;EUR;637534234;5225.00000000;26;EXCHANGE_LAST;;1;1;XEUR;7904020;675;
06.05.2025;09:35:14.589;FESX SI 20250620 CS;SIMPLE_INSTRUMENT;VOLA;EUR;637534247;5185.00000000;145;EXCHANGE_LAST;;1;1;XEUR;7904020;675;
06.05.2025;14:42:36.086;FESX SI 20250620 CS;SIMPLE_INSTRUMENT;VOLA;EUR;637534365;5220.00000000;77;EXCHANGE_LAST;;1;1;XEUR;7904020;675;
06.05.2025;15:27:13.472;FESX SI 20250620 CS;SIMPLE_INSTRUMENT;VOLA;EUR;637534376;5230.00000000;528;EXCHANGE_LAST;;1;1;XEUR;7904020;675;
06.05.2025;07:47:43.374;FEXD SI 20261218 CS;SIMPLE_INSTRUMENT;BLOCK;EUR;5;153.40000000;500;EXCHANGE_LAST;;2;1;XEUR;2163053;693;
06.05.2025;09:19:14.950;FEXD SI 20251219 CS;SIMPLE_INSTRUMENT;BLOCK;EUR;13;164.50000000;1250;EXCHANGE_LAST;;1;2;XEUR;1548120;693;
06.05.2025;09:20:10.299;FEXD SI 20251219 CS;SIMPLE_INSTRUMENT;BLOCK;EUR;14;164.60000000;1250;EXCHANGE_LAST;;1;2;XEUR;1548120;693;
06.05.2025;09:39:20.446;FEXD SI 20261218 CS;SIMPLE_INSTRUMENT;BLOCK;EUR;22;152.20000000;250;EXCHANGE_LAST;;1;1;XEUR;2163053;693;
06.05.2025;10:33:29.092;FEXD SI 20261218 CS;SIMPLE_INSTRUMENT;BLOCK;EUR;27;152.20000000;250;EXCHANGE_LAST;;1;1;XEUR;2163053;693;
06.05.2025;11:28:04.743;FEXD SI 20250620 CS;SIMPLE_INSTRUMENT;BLOCK;EUR;28;129.70000000;1000;EXCHANGE_LAST;;1;1;XEUR;9548493;693;
06.05.2025;11:28:14.749;FEXD SI 20250620 CS;SIMPLE_INSTRUMENT;BLOCK;EUR;29;129.80000000;1000;EXCHANGE_LAST;;1;1;XEUR;9548493;693;
06.05.2025;12:55:25.821;FEXD SI 20261218 CS;SIMPLE_INSTRUMENT;BLOCK;EUR;42;152.80000000;100;EXCHANGE_LAST;;1;1;XEUR;2163053;693;
06.05.2025;13:00:23.269;FEXD SI 20271217 CS;SIMPLE_INSTRUMENT;BLOCK;EUR;43;147.80000000;300;EXCHANGE_LAST;;1;1;XEUR;2848338;693;
06.05.2025;12:59:20.168;FEXD SI 20271217 CS;SIMPLE_INSTRUMENT;BLOCK;EUR;44;147.80000000;300;EXCHANGE_LAST;;1;1;XEUR;2848338;693;
06.05.2025;13:15:52.961;FEXD SI 20271217 CS;SIMPLE_INSTRUMENT;BLOCK;EUR;45;147.80000000;500;EXCHANGE_LAST;;1;1;XEUR;2848338;693;
06.05.2025;06:50:50.640;FGBC SI 20250620 CS;SIMPLE_INSTRUMENT;BLOCK;GBP;1;143.08000000;265;EXCHANGE_LAST;;1;1;XEUR;11949863;772679;
06.05.2025;06:46:59.317;FGBL SI 20250606 PS;SIMPLE_INSTRUMENT;EFS;EUR;1;130.85000000;245;EXCHANGE_LAST;;1;1;XEUR;11820389;688;
06.05.2025;06:48:38.003;FGBL SI 20250606 PS;SIMPLE_INSTRUMENT;EFS;EUR;2;130.87000000;245;EXCHANGE_LAST;;1;1;XEUR;11820389;688;
06.05.2025;06:50:57.733;FGBL SI 20250606 PS;SIMPLE_INSTRUMENT;EFS;EUR;3;130.88000000;429;EXCHANGE_LAST;;1;1;XEUR;11820389;688;
06.05.2025;07:02:40.721;FGBL SI 20250606 PS;SIMPLE_INSTRUMENT;EFS;EUR;4;130.87000000;490;EXCHANGE_LAST;;1;1;XEUR;11820389;688;
06.05.2025;07:10:44.678;FGBL SI 20250606 PS;SIMPLE_INSTRUMENT;EFS;EUR;5;130.81000000;489;EXCHANGE_LAST;;1;1;XEUR;11820389;688;
06.05.2025;07:12:29.456;FGBL SI 20250606 PS;SIMPLE_INSTRUMENT;EFP_FIN;EUR;6;130.85000000;1692;EXCHANGE_LAST;;1;1;XEUR;11820389;688;
06.05.2025;07:20:41.483;FGBL SI 20250606 PS;SIMPLE_INSTRUMENT;EFS;EUR;7;130.83000000;216;EXCHANGE_LAST;;1;1;XEUR;11820389;688;
06.05.2025;07:25:39.074;FGBL SI 20250606 PS;SIMPLE_INSTRUMENT;EFS;EUR;8;130.84000000;490;EXCHANGE_LAST;;1;1;XEUR;11820389;688;
06.05.2025;07:34:46.026;FGBL SI 20250606 PS;SIMPLE_INSTRUMENT;EFS;EUR;9;130.78000000;866;EXCHANGE_LAST;;1;1;XEUR;11820389;688;
06.05.2025;07:34:51.603;FGBL SI 20250606 PS;SIMPLE_INSTRUMENT;EFS;EUR;10;130.77000000;433;EXCHANGE_LAST;;1;1;XEUR;11820389;688;
06.05.2025;07:38:28.390;FGBL SI 20250606 PS;SIMPLE_INSTRUMENT;EFS;EUR;11;130.76000000;98;EXCHANGE_LAST;;1;1;XEUR;11820389;688;
06.05.2025;07:40:58.255;FGBL SI 20250606 PS;SIMPLE_INSTRUMENT;EFS;EUR;12;130.74000000;1177;EXCHANGE_LAST;;1;1;XEUR;11820389;688;
06.05.2025;07:44:26.569;FGBL SI 20250606 PS;SIMPLE_INSTRUMENT;EFS;EUR;13;130.74000000;1177;EXCHANGE_LAST;;1;1;XEUR;11820389;688;
06.05.2025;07:43:44.899;FGBL SI 20250606 PS;SIMPLE_INSTRUMENT;EFS;EUR;14;130.82000000;86;EXCHANGE_LAST;;1;1;XEUR;11820389;688;
06.05.2025;07:45:28.106;FGBL SI 20250606 PS;SIMPLE_INSTRUMENT;EFS;EUR;15;130.81000000;432;EXCHANGE_LAST;;1;1;XEUR;11820389;688;
06.05.2025;07:46:23.149;FGBL SI 20250606 PS;SIMPLE_INSTRUMENT;EFS;EUR;16;130.81000000;303;EXCHANGE_LAST;;1;1;XEUR;11820389;688;
06.05.2025;07:52:15.925;FGBL SI 20250606 PS;SIMPLE_INSTRUMENT;EFS;EUR;17;130.78000000;371;EXCHANGE_LAST;;1;1;XEUR;11820389;688;
06.05.2025;08:00:54.783;FGBL SI 20250606 PS;SIMPLE_INSTRUMENT;EFS;EUR;18;130.75000000;433;EXCHANGE_LAST;;1;1;XEUR;11820389;688;
06.05.2025;08:09:14.372;FGBL SI 20250606 PS;SIMPLE_INSTRUMENT;EFS;EUR;19;130.81000000;432;EXCHANGE_LAST;;1;1;XEUR;11820389;688;
06.05.2025;08:10:55.333;FGBL SI 20250606 PS;SIMPLE_INSTRUMENT;EFS;EUR;20;130.86000000;432;EXCHANGE_LAST;;1;1;XEUR;11820389;688;
06.05.2025;08:12:58.771;FGBL SI 20250606 PS;SIMPLE_INSTRUMENT;EFS;EUR;21;130.88000000;432;EXCHANGE_LAST;;1;1;XEUR;11820389;688;
06.05.2025;08:17:13.483;FGBL SI 20250606 PS;SIMPLE_INSTRUMENT;EFS;EUR;22;130.88000000;216;EXCHANGE_LAST;;1;1;XEUR;11820389;688;
06.05.2025;08:17:30.686;FGBL SI 20250606 PS;SIMPLE_INSTRUMENT;EFS;EUR;23;130.88000000;216;EXCHANGE_LAST;;1;1;XEUR;11820389;688;
06.05.2025;08:22:21.011;FGBL SI 20250606 PS;SIMPLE_INSTRUMENT;EFS;EUR;25;130.88000000;459;EXCHANGE_LAST;;1;1;XEUR;11820389;688;
06.05.2025;08:26:14.625;FGBL SI 20250606 PS;SIMPLE_INSTRUMENT;EFP_FIN;EUR;26;130.84000000;81;EXCHANGE_LAST;;1;1;XEUR;11820389;688;
06.05.2025;08:27:02.055;FGBL SI 20250606 PS;SIMPLE_INSTRUMENT;EFS;EUR;27;130.96000000;432;EXCHANGE_LAST;;1;1;XEUR;11820389;688;
06.05.2025;08:27:35.340;FGBL SI 20250606 PS;SIMPLE_INSTRUMENT;EFP_FIN;EUR;28;130.99000000;2423;EXCHANGE_LAST;;1;1;XEUR;11820389;688;
06.05.2025;08:32:25.176;FGBL SI 20250606 PS;SIMPLE_INSTRUMENT;EFS;EUR;29;130.90000000;216;EXCHANGE_LAST;;1;1;XEUR;11820389;688;
06.05.2025;08:29:35.034;FGBL SI 20250606 PS;SIMPLE_INSTRUMENT;EFS;EUR;30;130.88000000;147;EXCHANGE_LAST;;1;1;XEUR;11820389;688;
06.05.2025;08:32:10.743;FGBL SI 20250606 PS;SIMPLE_INSTRUMENT;EFS;EUR;31;130.90000000;432;EXCHANGE_LAST;;1;1;XEUR;11820389;688;
06.05.2025;08:30:39.038;FGBL SI 20250606 PS;SIMPLE_INSTRUMENT;EFS;EUR;32;130.94000000;432;EXCHANGE_LAST;;1;1;XEUR;11820389;688;
06.05.2025;08:34:08.400;FGBL SI 20250606 PS;SIMPLE_INSTRUMENT;EFS;EUR;33;130.96000000;217;EXCHANGE_LAST;;1;1;XEUR;11820389;688;
06.05.2025;08:40:10.854;FGBL SI 20250606 PS;SIMPLE_INSTRUMENT;EFP_FIN;EUR;34;130.98000000;964;EXCHANGE_LAST;;1;1;XEUR;11820389;688;
06.05.2025;08:41:47.195;FGBL SI 20250606 PS;SIMPLE_INSTRUMENT;EFS;EUR;35;130.98000000;5784;EXCHANGE_LAST;;1;1;XEUR;11820389;688;
06.05.2025;08:43:11.514;FGBL SI 20250606 PS;SIMPLE_INSTRUMENT;EFS;EUR;36;130.86000000;49;EXCHANGE_LAST;;1;1;XEUR;11820389;688;
06.05.2025;08:47:34.927;FGBL SI 20250606 PS;SIMPLE_INSTRUMENT;EFS;EUR;37;130.94000000;227;EXCHANGE_LAST;;1;1;XEUR;11820389;688;
06.05.2025;08:50:43.733;FGBL SI 20250606 PS;SIMPLE_INSTRUMENT;EFS;EUR;38;130.98000000;863;EXCHANGE_LAST;;1;1;XEUR;11820389;688;
06.05.2025;08:51:55.082;FGBL SI 20250606 PS;SIMPLE_INSTRUMENT;EFS;EUR;39;130.97000000;863;EXCHANGE_LAST;;1;1;XEUR;11820389;688;
06.05.2025;08:52:22.715;FGBL SI 20250606 PS;SIMPLE_INSTRUMENT;EFS;EUR;40;130.97000000;863;EXCHANGE_LAST;;1;1;XEUR;11820389;688;
06.05.2025;08:57:02.984;FGBL SI 20250606 PS;SIMPLE_INSTRUMENT;EFS;EUR;41;130.99000000;432;EXCHANGE_LAST;;1;1;XEUR;11820389;688;
06.05.2025;08:57:23.041;FGBL SI 20250606 PS;SIMPLE_INSTRUMENT;EFS;EUR;42;130.98000000;226;EXCHANGE_LAST;;1;1;XEUR;11820389;688;
06.05.2025;08:58:04.257;FGBL SI 20250606 PS;SIMPLE_INSTRUMENT;EFS;EUR;43;130.99000000;432;EXCHANGE_LAST;;1;1;XEUR;11820389;688;
06.05.2025;09:00:43.255;FGBL SI 20250606 PS;SIMPLE_INSTRUMENT;EFS;EUR;44;130.93000000;129;EXCHANGE_LAST;;1;1;XEUR;11820389;688;
06.05.2025;09:02:01.254;FGBL SI 20250606 PS;SIMPLE_INSTRUMENT;EFS;EUR;45;130.93000000;224;EXCHANGE_LAST;;1;1;XEUR;11820389;688;
06.05.2025;09:04:09.122;FGBL SI 20250606 PS;SIMPLE_INSTRUMENT;EFS;EUR;46;131.00000000;493;EXCHANGE_LAST;;1;1;XEUR;11820389;688;
06.05.2025;09:04:54.767;FGBL SI 20250606 PS;SIMPLE_INSTRUMENT;EFS;EUR;47;131.00000000;490;EXCHANGE_LAST;;1;1;XEUR;11820389;688;
06.05.2025;09:09:45.968;FGBL SI 20250606 PS;SIMPLE_INSTRUMENT;EFS;EUR;48;130.87000000;216;EXCHANGE_LAST;;1;1;XEUR;11820389;688;
06.05.2025;09:10:37.681;FGBL SI 20250606 PS;SIMPLE_INSTRUMENT;EFS;EUR;49;130.84000000;216;EXCHANGE_LAST;;1;1;XEUR;11820389;688;
06.05.2025;09:11:36.054;FGBL SI 20250606 PS;SIMPLE_INSTRUMENT;EFS;EUR;50;130.83000000;216;EXCHANGE_LAST;;1;1;XEUR;11820389;688;
06.05.2025;09:11:49.217;FGBL SI 20250606 PS;SIMPLE_INSTRUMENT;EFS;EUR;51;130.83000000;100;EXCHANGE_LAST;;1;1;XEUR;11820389;688;
06.05.2025;09:13:47.863;FGBL SI 20250606 PS;SIMPLE_INSTRUMENT;EFS;EUR;52;130.83000000;196;EXCHANGE_LAST;;1;1;XEUR;11820389;688;
06.05.2025;09:19:07.106;FGBL SI 20250606 PS;SIMPLE_INSTRUMENT;EFS;EUR;53;130.82000000;980;EXCHANGE_LAST;;1;1;XEUR;11820389;688;
06.05.2025;09:24:16.122;FGBL SI 20250606 PS;SIMPLE_INSTRUMENT;EFS;EUR;54;130.89000000;432;EXCHANGE_LAST;;1;1;XEUR;11820389;688;
06.05.2025;09:29:41.625;FGBL SI 20250606 PS;SIMPLE_INSTRUMENT;EFS;EUR;55;130.86000000;443;EXCHANGE_LAST;;1;1;XEUR;11820389;688;
06.05.2025;09:30:39.142;FGBL SI 20250606 PS;SIMPLE_INSTRUMENT;EFS;EUR;56;130.89000000;432;EXCHANGE_LAST;;1;1;XEUR;11820389;688;
06.05.2025;09:33:48.578;FGBL SI 20250606 PS;SIMPLE_INSTRUMENT;EFS;EUR;57;130.91000000;519;EXCHANGE_LAST;;1;1;XEUR;11820389;688;
06.05.2025;09:38:29.193;FGBL SI 20250606 PS;SIMPLE_INSTRUMENT;EFS;EUR;58;130.81000000;644;EXCHANGE_LAST;;1;1;XEUR;11820389;688;
06.05.2025;09:49:08.206;FGBL SI 20250606 PS;SIMPLE_INSTRUMENT;EFS;EUR;59;130.81000000;485;EXCHANGE_LAST;;1;1;XEUR;11820389;688;
06.05.2025;09:49:58.184;FGBL SI 20250606 PS;SIMPLE_INSTRUMENT;EFP_FIN;EUR;60;130.80000000;77;EXCHANGE_LAST;;1;1;XEUR;11820389;688;
06.05.2025;10:04:17.831;FGBL SI 20250606 PS;SIMPLE_INSTRUMENT;EFS;EUR;61;130.83000000;490;EXCHANGE_LAST;;1;1;XEUR;11820389;688;
06.05.2025;10:17:02.465;FGBL SI 20250606 PS;SIMPLE_INSTRUMENT;EFS;EUR;62;130.85000000;648;EXCHANGE_LAST;;1;1;XEUR;11820389;688;
06.05.2025;10:17:41.396;FGBL SI 20250606 PS;SIMPLE_INSTRUMENT;EFP_FIN;EUR;63;130.83000000;851;EXCHANGE_LAST;;1;1;XEUR;11820389;688;
06.05.2025;10:30:52.601;FGBL SI 20250606 PS;SIMPLE_INSTRUMENT;EFS;EUR;64;130.86000000;757;EXCHANGE_LAST;;1;1;XEUR;11820389;688;
06.05.2025;10:33:27.695;FGBL SI 20250606 PS;SIMPLE_INSTRUMENT;EFS;EUR;65;130.93000000;317;EXCHANGE_LAST;;1;1;XEUR;11820389;688;
06.05.2025;10:49:29.312;FGBL SI 20250606 PS;SIMPLE_INSTRUMENT;EFP_FIN;EUR;66;130.87000000;749;EXCHANGE_LAST;;1;1;XEUR;11820389;688;
06.05.2025;11:01:39.520;FGBL SI 20250606 PS;SIMPLE_INSTRUMENT;EFS;EUR;67;130.98000000;432;EXCHANGE_LAST;;1;1;XEUR;11820389;688;
06.05.2025;11:10:27.360;FGBL SI 20250606 PS;SIMPLE_INSTRUMENT;EFS;EUR;68;130.95000000;216;EXCHANGE_LAST;;1;1;XEUR;11820389;688;
06.05.2025;11:20:30.163;FGBL SI 20250606 PS;SIMPLE_INSTRUMENT;EFS;EUR;69;130.98000000;485;EXCHANGE_LAST;;1;1;XEUR;11820389;688;
06.05.2025;11:33:05.685;FGBL SI 20250606 PS;SIMPLE_INSTRUMENT;EFS;EUR;70;130.97000000;866;EXCHANGE_LAST;;1;1;XEUR;11820389;688;
06.05.2025;11:34:25.019;FGBL SI 20250606 PS;SIMPLE_INSTRUMENT;EFP_FIN;EUR;72;130.90000000;300;EXCHANGE_LAST;;1;1;XEUR;11820389;688;
06.05.2025;11:48:07.058;FGBL SI 20250606 PS;SIMPLE_INSTRUMENT;EFS;EUR;73;130.95000000;648;EXCHANGE_LAST;;1;1;XEUR;11820389;688;
06.05.2025;11:53:04.509;FGBL SI 20250606 PS;SIMPLE_INSTRUMENT;EFP_FIN;EUR;74;130.88000000;409;EXCHANGE_LAST;;1;1;XEUR;11820389;688;
06.05.2025;11:54:17.329;FGBL SI 20250606 PS;SIMPLE_INSTRUMENT;EFS;EUR;75;130.95000000;216;EXCHANGE_LAST;;1;1;XEUR;11820389;688;
06.05.2025;11:55:31.605;FGBL SI 20250606 PS;SIMPLE_INSTRUMENT;EFS;EUR;76;130.95000000;432;EXCHANGE_LAST;;1;1;XEUR;11820389;688;
06.05.2025;11:56:31.688;FGBL SI 20250606 PS;SIMPLE_INSTRUMENT;EFS;EUR;77;130.96000000;979;EXCHANGE_LAST;;1;1;XEUR;11820389;688;
06.05.2025;12:02:44.829;FGBL SI 20250606 PS;SIMPLE_INSTRUMENT;EFP_FIN;EUR;78;130.95000000;422;EXCHANGE_LAST;;1;1;XEUR;11820389;688;
06.05.2025;12:08:48.210;FGBL SI 20250606 PS;SIMPLE_INSTRUMENT;EFS;EUR;79;130.96000000;432;EXCHANGE_LAST;;1;1;XEUR;11820389;688;
06.05.2025;12:18:47.035;FGBL SI 20250606 PS;SIMPLE_INSTRUMENT;EFS;EUR;80;130.89000000;216;EXCHANGE_LAST;;1;1;XEUR;11820389;688;
06.05.2025;12:50:27.863;FGBL SI 20250606 PS;SIMPLE_INSTRUMENT;EFS;EUR;81;130.96000000;216;EXCHANGE_LAST;;1;1;XEUR;11820389;688;
06.05.2025;12:50:49.949;FGBL SI 20250606 PS;SIMPLE_INSTRUMENT;EFS;EUR;82;130.97000000;216;EXCHANGE_LAST;;1;1;XEUR;11820389;688;
06.05.2025;12:58:17.473;FGBL SI 20250606 PS;SIMPLE_INSTRUMENT;EFS;EUR;83;130.94000000;432;EXCHANGE_LAST;;1;1;XEUR;11820389;688;
06.05.2025;12:58:27.484;FGBL SI 20250606 PS;SIMPLE_INSTRUMENT;EFS;EUR;84;130.94000000;216;EXCHANGE_LAST;;1;1;XEUR;11820389;688;
06.05.2025;13:00:22.578;FGBL SI 20250606 PS;SIMPLE_INSTRUMENT;EFS;EUR;85;130.94000000;216;EXCHANGE_LAST;;1;1;XEUR;11820389;688;
06.05.2025;13:03:17.710;FGBL SI 20250606 PS;SIMPLE_INSTRUMENT;EFS;EUR;86;130.93000000;432;EXCHANGE_LAST;;1;1;XEUR;11820389;688;
06.05.2025;13:12:01.085;FGBL SI 20250606 PS;SIMPLE_INSTRUMENT;EFS;EUR;87;130.93000000;432;EXCHANGE_LAST;;1;1;XEUR;11820389;688;
06.05.2025;13:14:46.275;FGBL SI 20250606 PS;SIMPLE_INSTRUMENT;EFS;EUR;88;130.94000000;216;EXCHANGE_LAST;;1;1;XEUR;11820389;688;
06.05.2025;13:17:39.378;FGBL SI 20250606 PS;SIMPLE_INSTRUMENT;EFS;EUR;89;130.81000000;432;EXCHANGE_LAST;;1;1;XEUR;11820389;688;
06.05.2025;13:22:49.616;FGBL SI 20250606 PS;SIMPLE_INSTRUMENT;EFS;EUR;90;130.79000000;216;EXCHANGE_LAST;;1;1;XEUR;11820389;688;
06.05.2025;13:24:09.679;FGBL SI 20250606 PS;SIMPLE_INSTRUMENT;EFS;EUR;91;130.79000000;216;EXCHANGE_LAST;;1;1;XEUR;11820389;688;
06.05.2025;13:25:09.515;FGBL SI 20250606 PS;SIMPLE_INSTRUMENT;EFS;EUR;92;130.89000000;519;EXCHANGE_LAST;;1;1;XEUR;11820389;688;
06.05.2025;13:34:05.620;FGBL SI 20250606 PS;SIMPLE_INSTRUMENT;EFS;EUR;93;130.79000000;216;EXCHANGE_LAST;;1;1;XEUR;11820389;688;
06.05.2025;13:36:04.056;FGBL SI 20250606 PS;SIMPLE_INSTRUMENT;EFS;EUR;94;130.80000000;216;EXCHANGE_LAST;;1;1;XEUR;11820389;688;
06.05.2025;13:37:22.958;FGBL SI 20250606 PS;SIMPLE_INSTRUMENT;EFS;EUR;95;130.81000000;392;EXCHANGE_LAST;;1;1;XEUR;11820389;688;
06.05.2025;13:36:57.419;FGBL SI 20250606 PS;SIMPLE_INSTRUMENT;EFS;EUR;96;130.80000000;216;EXCHANGE_LAST;;1;1;XEUR;11820389;688;
06.05.2025;13:37:42.887;FGBL SI 20250606 PS;SIMPLE_INSTRUMENT;EFS;EUR;97;130.80000000;216;EXCHANGE_LAST;;1;1;XEUR;11820389;688;
06.05.2025;13:41:10.037;FGBL SI 20250606 PS;SIMPLE_INSTRUMENT;EFS;EUR;98;130.82000000;216;EXCHANGE_LAST;;1;1;XEUR;11820389;688;
06.05.2025;13:46:03.953;FGBL SI 20250606 PS;SIMPLE_INSTRUMENT;EFS;EUR;99;130.77000000;173;EXCHANGE_LAST;;1;1;XEUR;11820389;688;
06.05.2025;13:49:16.671;FGBL SI 20250606 PS;SIMPLE_INSTRUMENT;EFS;EUR;100;130.79000000;1279;EXCHANGE_LAST;;1;1;XEUR;11820389;688;
06.05.2025;14:00:07.916;FGBL SI 20250606 PS;SIMPLE_INSTRUMENT;EFS;EUR;101;130.77000000;864;EXCHANGE_LAST;;1;1;XEUR;11820389;688;
06.05.2025;14:00:37.231;FGBL SI 20250606 PS;SIMPLE_INSTRUMENT;EFS;EUR;102;130.78000000;245;EXCHANGE_LAST;;1;1;XEUR;11820389;688;
06.05.2025;14:02:16.494;FGBL SI 20250606 PS;SIMPLE_INSTRUMENT;EFS;EUR;103;130.76000000;490;EXCHANGE_LAST;;1;1;XEUR;11820389;688;
06.05.2025;14:08:38.760;FGBL SI 20250606 PS;SIMPLE_INSTRUMENT;EFS;EUR;104;130.79000000;432;EXCHANGE_LAST;;1;1;XEUR;11820389;688;
06.05.2025;14:14:42.462;FGBL SI 20250606 PS;SIMPLE_INSTRUMENT;EFS;EUR;105;130.73000000;245;EXCHANGE_LAST;;1;1;XEUR;11820389;688;
06.05.2025;14:20:08.357;FGBL SI 20250606 PS;SIMPLE_INSTRUMENT;EFS;EUR;106;130.74000000;305;EXCHANGE_LAST;;1;1;XEUR;11820389;688;
06.05.2025;14:22:09.535;FGBL SI 20250606 PS;SIMPLE_INSTRUMENT;EFP_FIN;EUR;107;130.79000000;1270;EXCHANGE_LAST;;1;1;XEUR;11820389;688;
06.05.2025;14:30:09.298;FGBL SI 20250606 PS;SIMPLE_INSTRUMENT;EFP_FIN;EUR;108;130.76000000;170;EXCHANGE_LAST;;1;1;XEUR;11820389;688;
06.05.2025;14:30:40.668;FGBL SI 20250606 PS;SIMPLE_INSTRUMENT;EFS;EUR;109;130.83000000;432;EXCHANGE_LAST;;1;1;XEUR;11820389;688;
06.05.2025;14:31:01.692;FGBL SI 20250606 PS;SIMPLE_INSTRUMENT;EFS;EUR;110;130.84000000;216;EXCHANGE_LAST;;1;1;XEUR;11820389;688;
06.05.2025;14:31:52.914;FGBL SI 20250606 PS;SIMPLE_INSTRUMENT;EFP_FIN;EUR;111;130.76000000;395;EXCHANGE_LAST;;1;1;XEUR;11820389;688;
06.05.2025;14:33:31.914;FGBL SI 20250606 PS;SIMPLE_INSTRUMENT;EFS;EUR;112;130.84000000;490;EXCHANGE_LAST;;1;1;XEUR;11820389;688;
06.05.2025;14:35:11.900;FGBL SI 20250606 PS;SIMPLE_INSTRUMENT;EFS;EUR;113;130.85000000;216;EXCHANGE_LAST;;1;1;XEUR;11820389;688;
06.05.2025;14:36:56.991;FGBL SI 20250606 PS;SIMPLE_INSTRUMENT;EFS;EUR;114;130.85000000;216;EXCHANGE_LAST;;1;1;XEUR;11820389;688;
06.05.2025;14:37:12.004;FGBL SI 20250606 PS;SIMPLE_INSTRUMENT;EFS;EUR;115;130.84000000;432;EXCHANGE_LAST;;1;1;XEUR;11820389;688;
06.05.2025;14:39:11.702;FGBL SI 20250606 PS;SIMPLE_INSTRUMENT;EFP_FIN;EUR;116;130.84000000;170;EXCHANGE_LAST;;1;1;XEUR;11820389;688;
06.05.2025;14:39:09.423;FGBL SI 20250606 PS;SIMPLE_INSTRUMENT;EFS;EUR;117;130.84000000;432;EXCHANGE_LAST;;1;1;XEUR;11820389;688;
06.05.2025;14:39:43.788;FGBL SI 20250606 PS;SIMPLE_INSTRUMENT;EFP_FIN;EUR;118;130.84000000;170;EXCHANGE_LAST;;1;1;XEUR;11820389;688;
06.05.2025;14:40:04.395;FGBL SI 20250606 PS;SIMPLE_INSTRUMENT;EFS;EUR;119;130.84000000;302;EXCHANGE_LAST;;1;1;XEUR;11820389;688;
06.05.2025;14:47:47.497;FGBL SI 20250606 PS;SIMPLE_INSTRUMENT;EFS;EUR;120;130.85000000;432;EXCHANGE_LAST;;1;1;XEUR;11820389;688;
06.05.2025;14:49:57.638;FGBL SI 20250606 PS;SIMPLE_INSTRUMENT;EFS;EUR;121;130.87000000;432;EXCHANGE_LAST;;1;1;XEUR;11820389;688;
06.05.2025;14:51:53.747;FGBL SI 20250606 PS;SIMPLE_INSTRUMENT;EFS;EUR;122;130.87000000;432;EXCHANGE_LAST;;1;1;XEUR;11820389;688;
06.05.2025;14:52:55.030;FGBL SI 20250606 PS;SIMPLE_INSTRUMENT;EFS;EUR;123;130.88000000;431;EXCHANGE_LAST;;1;1;XEUR;11820389;688;
06.05.2025;14:57:37.562;FGBL SI 20250606 PS;SIMPLE_INSTRUMENT;EFS;EUR;124;130.89000000;432;EXCHANGE_LAST;;1;1;XEUR;11820389;688;
06.05.2025;14:58:22.134;FGBL SI 20250606 PS;SIMPLE_INSTRUMENT;EFS;EUR;125;130.77000000;49;EXCHANGE_LAST;;1;1;XEUR;11820389;688;
06.05.2025;14:58:34.069;FGBL SI 20250606 PS;SIMPLE_INSTRUMENT;EFS;EUR;126;130.90000000;432;EXCHANGE_LAST;;1;1;XEUR;11820389;688;
06.05.2025;15:01:55.969;FGBL SI 20250606 PS;SIMPLE_INSTRUMENT;EFS;EUR;127;130.92000000;431;EXCHANGE_LAST;;1;1;XEUR;11820389;688;
06.05.2025;15:01:56.009;FGBL SI 20250606 PS;SIMPLE_INSTRUMENT;EFS;EUR;128;130.91000000;432;EXCHANGE_LAST;;1;1;XEUR;11820389;688;
06.05.2025;15:02:19.279;FGBL SI 20250606 PS;SIMPLE_INSTRUMENT;EFS;EUR;129;130.92000000;865;EXCHANGE_LAST;;1;1;XEUR;11820389;688;
06.05.2025;15:02:34.294;FGBL SI 20250606 PS;SIMPLE_INSTRUMENT;EFS;EUR;130;130.88000000;216;EXCHANGE_LAST;;1;1;XEUR;11820389;688;
06.05.2025;15:02:41.267;FGBL SI 20250606 PS;SIMPLE_INSTRUMENT;EFS;EUR;131;130.91000000;432;EXCHANGE_LAST;;1;1;XEUR;11820389;688;
06.05.2025;15:03:17.387;FGBL SI 20250606 PS;SIMPLE_INSTRUMENT;EFS;EUR;132;130.77000000;432;EXCHANGE_LAST;;1;1;XEUR;11820389;688;
06.05.2025;15:05:49.462;FGBL SI 20250606 PS;SIMPLE_INSTRUMENT;EFS;EUR;133;130.91000000;432;EXCHANGE_LAST;;1;1;XEUR;11820389;688;
06.05.2025;15:07:56.738;FGBL SI 20250606 PS;SIMPLE_INSTRUMENT;EFS;EUR;134;130.93000000;489;EXCHANGE_LAST;;1;1;XEUR;11820389;688;
06.05.2025;15:09:06.217;FGBL SI 20250606 PS;SIMPLE_INSTRUMENT;EFS;EUR;135;130.94000000;432;EXCHANGE_LAST;;1;1;XEUR;11820389;688;
06.05.2025;15:09:19.664;FGBL SI 20250606 PS;SIMPLE_INSTRUMENT;EFS;EUR;136;130.97000000;432;EXCHANGE_LAST;;1;1;XEUR;11820389;688;
06.05.2025;15:09:30.453;FGBL SI 20250606 PS;SIMPLE_INSTRUMENT;EFS;EUR;137;130.91000000;432;EXCHANGE_LAST;;1;1;XEUR;11820389;688;
06.05.2025;15:09:44.946;FGBL SI 20250606 PS;SIMPLE_INSTRUMENT;EFS;EUR;138;130.90000000;979;EXCHANGE_LAST;;1;1;XEUR;11820389;688;
06.05.2025;15:10:34.306;FGBL SI 20250606 PS;SIMPLE_INSTRUMENT;EFS;EUR;139;130.93000000;432;EXCHANGE_LAST;;1;1;XEUR;11820389;688;
06.05.2025;15:12:29.858;FGBL SI 20250606 PS;SIMPLE_INSTRUMENT;EFS;EUR;140;130.93000000;432;EXCHANGE_LAST;;1;1;XEUR;11820389;688;
06.05.2025;15:13:59.687;FGBL SI 20250606 PS;SIMPLE_INSTRUMENT;EFP_FIN;EUR;141;130.83000000;201;EXCHANGE_LAST;;1;1;XEUR;11820389;688;
06.05.2025;15:16:00.868;FGBL SI 20250606 PS;SIMPLE_INSTRUMENT;EFS;EUR;142;130.93000000;216;EXCHANGE_LAST;;1;1;XEUR;11820389;688;
06.05.2025;15:16:40.922;FGBL SI 20250606 PS;SIMPLE_INSTRUMENT;EFS;EUR;143;130.88000000;215;EXCHANGE_LAST;;1;1;XEUR;11820389;688;
06.05.2025;15:18:58.735;FGBL SI 20250606 PS;SIMPLE_INSTRUMENT;EFS;EUR;144;130.94000000;192;EXCHANGE_LAST;;1;1;XEUR;11820389;688;
06.05.2025;15:19:01.706;FGBL SI 20250606 PS;SIMPLE_INSTRUMENT;EFS;EUR;145;130.91000000;648;EXCHANGE_LAST;;1;1;XEUR;11820389;688;
06.05.2025;15:19:41.782;FGBL SI 20250606 PS;SIMPLE_INSTRUMENT;EFS;EUR;146;130.91000000;490;EXCHANGE_LAST;;1;1;XEUR;11820389;688;
06.05.2025;15:21:40.711;FGBL SI 20250606 PS;SIMPLE_INSTRUMENT;EFS;EUR;147;130.91000000;431;EXCHANGE_LAST;;1;1;XEUR;11820389;688;
06.05.2025;15:23:37.919;FGBL SI 20250606 PS;SIMPLE_INSTRUMENT;EFS;EUR;148;130.92000000;432;EXCHANGE_LAST;;1;1;XEUR;11820389;688;
06.05.2025;15:23:51.008;FGBL SI 20250606 PS;SIMPLE_INSTRUMENT;EFS;EUR;149;130.93000000;346;EXCHANGE_LAST;;1;1;XEUR;11820389;688;
06.05.2025;15:24:00.484;FGBL SI 20250606 PS;SIMPLE_INSTRUMENT;EFS;EUR;150;130.95000000;432;EXCHANGE_LAST;;1;1;XEUR;11820389;688;
06.05.2025;15:24:15.501;FGBL SI 20250606 PS;SIMPLE_INSTRUMENT;EFS;EUR;151;130.96000000;432;EXCHANGE_LAST;;1;1;XEUR;11820389;688;
06.05.2025;15:25:55.599;FGBL SI 20250606 PS;SIMPLE_INSTRUMENT;EFS;EUR;152;130.96000000;432;EXCHANGE_LAST;;1;1;XEUR;11820389;688;
06.05.2025;15:26:29.889;FGBL SI 20250606 PS;SIMPLE_INSTRUMENT;EFS;EUR;153;130.92000000;432;EXCHANGE_LAST;;1;1;XEUR;11820389;688;
06.05.2025;15:29:53.491;FGBL SI 20250606 PS;SIMPLE_INSTRUMENT;EFS;EUR;154;130.93000000;432;EXCHANGE_LAST;;1;1;XEUR;11820389;688;
06.05.2025;15:30:26.361;FGBL SI 20250606 PS;SIMPLE_INSTRUMENT;EFS;EUR;155;130.93000000;432;EXCHANGE_LAST;;1;1;XEUR;11820389;688;
06.05.2025;15:32:05.934;FGBL SI 20250606 PS;SIMPLE_INSTRUMENT;EFS;EUR;156;130.94000000;432;EXCHANGE_LAST;;1;1;XEUR;11820389;688;
06.05.2025;15:33:06.287;FGBL SI 20250606 PS;SIMPLE_INSTRUMENT;EFS;EUR;157;130.90000000;192;EXCHANGE_LAST;;1;1;XEUR;11820389;688;
06.05.2025;15:33:20.345;FGBL SI 20250606 PS;SIMPLE_INSTRUMENT;EFS;EUR;158;130.95000000;341;EXCHANGE_LAST;;1;1;XEUR;11820389;688;
06.05.2025;15:36:47.880;FGBL SI 20250606 PS;SIMPLE_INSTRUMENT;EFS;EUR;159;130.94000000;650;EXCHANGE_LAST;;1;1;XEUR;11820389;688;
06.05.2025;15:36:45.130;FGBL SI 20250606 PS;SIMPLE_INSTRUMENT;EFS;EUR;160;130.92000000;432;EXCHANGE_LAST;;1;1;XEUR;11820389;688;
06.05.2025;15:44:48.871;FGBL SI 20250606 PS;SIMPLE_INSTRUMENT;EFS;EUR;161;130.91000000;458;EXCHANGE_LAST;;1;1;XEUR;11820389;688;
06.05.2025;15:45:39.205;FGBL SI 20250606 PS;SIMPLE_INSTRUMENT;EFS;EUR;162;130.93000000;432;EXCHANGE_LAST;;1;1;XEUR;11820389;688;
06.05.2025;15:45:45.518;FGBL SI 20250606 PS;SIMPLE_INSTRUMENT;EFS;EUR;163;130.92000000;432;EXCHANGE_LAST;;1;1;XEUR;11820389;688;
06.05.2025;15:48:16.320;FGBL SI 20250606 PS;SIMPLE_INSTRUMENT;EFS;EUR;164;130.94000000;100;EXCHANGE_LAST;;1;1;XEUR;11820389;688;
06.05.2025;15:48:20.355;FGBL SI 20250606 PS;SIMPLE_INSTRUMENT;EFS;EUR;165;130.90000000;648;EXCHANGE_LAST;;1;1;XEUR;11820389;688;
06.05.2025;15:51:34.354;FGBL SI 20250606 PS;SIMPLE_INSTRUMENT;EFS;EUR;166;130.94000000;245;EXCHANGE_LAST;;1;1;XEUR;11820389;688;
06.05.2025;15:53:08.415;FGBL SI 20250606 PS;SIMPLE_INSTRUMENT;EFS;EUR;167;130.92000000;432;EXCHANGE_LAST;;1;1;XEUR;11820389;688;
06.05.2025;15:54:10.173;FGBL SI 20250606 PS;SIMPLE_INSTRUMENT;EFS;EUR;168;130.91000000;432;EXCHANGE_LAST;;1;1;XEUR;11820389;688;
06.05.2025;15:56:56.413;FGBL SI 20250606 PS;SIMPLE_INSTRUMENT;EFS;EUR;169;130.88000000;216;EXCHANGE_LAST;;1;1;XEUR;11820389;688;
06.05.2025;16:24:53.969;FGBL SI 20250606 PS;SIMPLE_INSTRUMENT;EFS;EUR;170;130.86000000;432;EXCHANGE_LAST;;1;1;XEUR;11820389;688;
06.05.2025;16:37:19.031;FGBL SI 20250606 PS;SIMPLE_INSTRUMENT;EFS;EUR;171;130.85000000;216;EXCHANGE_LAST;;1;1;XEUR;11820389;688;
06.05.2025;16:42:16.258;FGBL SI 20250606 PS;SIMPLE_INSTRUMENT;EFS;EUR;172;130.86000000;490;EXCHANGE_LAST;;1;1;XEUR;11820389;688;
06.05.2025;08:09:32.207;FGBL SI 20250606 PS;SIMPLE_INSTRUMENT;VOLA;EUR;268435463;130.81000000;62;EXCHANGE_LAST;;1;1;XEUR;11820389;688;
06.05.2025;08:09:45.338;FGBL SI 20250606 PS;SIMPLE_INSTRUMENT;VOLA;EUR;268435464;130.81000000;63;EXCHANGE_LAST;;1;1;XEUR;11820389;688;
06.05.2025;09:26:25.496;FGBL SI 20250606 PS;SIMPLE_INSTRUMENT;VOLA;EUR;268435475;130.81000000;75;EXCHANGE_LAST;;1;1;XEUR;11820389;688;
06.05.2025;11:00:22.949;FGBL SI 20250606 PS;SIMPLE_INSTRUMENT;VOLA;EUR;268435484;130.97000000;5;EXCHANGE_LAST;;1;1;XEUR;11820389;688;
06.05.2025;14:39:07.531;FGBL SI 20250606 PS;SIMPLE_INSTRUMENT;VOLA;EUR;268435505;130.84000000;66;EXCHANGE_LAST;;1;1;XEUR;11820389;688;
06.05.2025;15:31:28.360;FGBL SI 20250606 PS;SIMPLE_INSTRUMENT;VOLA;EUR;268435508;130.97000000;12;EXCHANGE_LAST;;1;1;XEUR;11820389;688;
06.05.2025;07:06:17.795;FGBM SI 20250606 PS;SIMPLE_INSTRUMENT;EFS;EUR;1;119.16000000;808;EXCHANGE_LAST;;1;1;XEUR;11820390;689;
06.05.2025;07:18:07.501;FGBM SI 20250606 PS;SIMPLE_INSTRUMENT;EFS;EUR;2;119.17000000;383;EXCHANGE_LAST;;1;1;XEUR;11820390;689;
06.05.2025;07:18:15.969;FGBM SI 20250606 PS;SIMPLE_INSTRUMENT;EFS;EUR;3;119.18000000;856;EXCHANGE_LAST;;1;1;XEUR;11820390;689;
06.05.2025;07:20:28.466;FGBM SI 20250606 PS;SIMPLE_INSTRUMENT;EFS;EUR;4;119.16000000;856;EXCHANGE_LAST;;1;1;XEUR;11820390;689;
06.05.2025;07:22:30.254;FGBM SI 20250606 PS;SIMPLE_INSTRUMENT;EFP_FIN;EUR;5;119.16000000;426;EXCHANGE_LAST;;1;1;XEUR;11820390;689;
06.05.2025;07:24:03.668;FGBM SI 20250606 PS;SIMPLE_INSTRUMENT;EFS;EUR;6;119.13000000;921;EXCHANGE_LAST;;1;1;XEUR;11820390;689;
06.05.2025;07:28:52.704;FGBM SI 20250606 PS;SIMPLE_INSTRUMENT;EFS;EUR;7;119.11000000;856;EXCHANGE_LAST;;1;1;XEUR;11820390;689;
06.05.2025;07:29:15.815;FGBM SI 20250606 PS;SIMPLE_INSTRUMENT;EFS;EUR;8;119.12000000;460;EXCHANGE_LAST;;1;1;XEUR;11820390;689;
06.05.2025;07:41:12.421;FGBM SI 20250606 PS;SIMPLE_INSTRUMENT;EFS;EUR;9;119.12000000;461;EXCHANGE_LAST;;1;1;XEUR;11820390;689;
06.05.2025;07:46:33.409;FGBM SI 20250606 PS;SIMPLE_INSTRUMENT;EFS;EUR;10;119.16000000;428;EXCHANGE_LAST;;1;1;XEUR;11820390;689;
06.05.2025;07:59:06.938;FGBM SI 20250606 PS;SIMPLE_INSTRUMENT;EFS;EUR;11;119.13000000;461;EXCHANGE_LAST;;1;1;XEUR;11820390;689;
06.05.2025;08:02:40.632;FGBM SI 20250606 PS;SIMPLE_INSTRUMENT;EFS;EUR;12;119.16000000;921;EXCHANGE_LAST;;1;1;XEUR;11820390;689;
06.05.2025;08:07:27.151;FGBM SI 20250606 PS;SIMPLE_INSTRUMENT;EFS;EUR;13;119.25000000;428;EXCHANGE_LAST;;1;1;XEUR;11820390;689;
06.05.2025;08:07:27.196;FGBM SI 20250606 PS;SIMPLE_INSTRUMENT;EFS;EUR;14;119.25000000;428;EXCHANGE_LAST;;1;1;XEUR;11820390;689;
06.05.2025;08:11:10.704;FGBM SI 20250606 PS;SIMPLE_INSTRUMENT;EFS;EUR;15;119.13000000;252;EXCHANGE_LAST;;1;1;XEUR;11820390;689;
06.05.2025;08:11:39.915;FGBM SI 20250606 PS;SIMPLE_INSTRUMENT;EFS;EUR;16;119.18000000;439;EXCHANGE_LAST;;1;1;XEUR;11820390;689;
06.05.2025;08:18:55.182;FGBM SI 20250606 PS;SIMPLE_INSTRUMENT;EFS;EUR;17;119.12000000;645;EXCHANGE_LAST;;1;1;XEUR;11820390;689;
06.05.2025;08:18:56.280;FGBM SI 20250606 PS;SIMPLE_INSTRUMENT;EFS;EUR;18;119.19000000;487;EXCHANGE_LAST;;1;1;XEUR;11820390;689;
06.05.2025;08:21:21.600;FGBM SI 20250606 PS;SIMPLE_INSTRUMENT;EFS;EUR;19;119.19000000;856;EXCHANGE_LAST;;1;1;XEUR;11820390;689;
06.05.2025;08:34:39.601;FGBM SI 20250606 PS;SIMPLE_INSTRUMENT;EFS;EUR;20;119.19000000;128;EXCHANGE_LAST;;1;1;XEUR;11820390;689;
06.05.2025;08:39:13.288;FGBM SI 20250606 PS;SIMPLE_INSTRUMENT;EFS;EUR;21;119.24000000;276;EXCHANGE_LAST;;1;1;XEUR;11820390;689;
06.05.2025;08:39:01.063;FGBM SI 20250606 PS;SIMPLE_INSTRUMENT;EFS;EUR;22;119.27000000;553;EXCHANGE_LAST;;1;1;XEUR;11820390;689;
06.05.2025;08:42:13.741;FGBM SI 20250606 PS;SIMPLE_INSTRUMENT;EFS;EUR;23;119.25000000;642;EXCHANGE_LAST;;1;1;XEUR;11820390;689;
06.05.2025;08:42:18.748;FGBM SI 20250606 PS;SIMPLE_INSTRUMENT;EFS;EUR;24;119.25000000;428;EXCHANGE_LAST;;1;1;XEUR;11820390;689;
06.05.2025;08:42:58.792;FGBM SI 20250606 PS;SIMPLE_INSTRUMENT;EFS;EUR;25;119.25000000;642;EXCHANGE_LAST;;1;1;XEUR;11820390;689;
06.05.2025;08:45:35.880;FGBM SI 20250606 PS;SIMPLE_INSTRUMENT;EFP_FIN;EUR;26;119.24000000;408;EXCHANGE_LAST;;1;1;XEUR;11820390;689;
06.05.2025;08:48:05.009;FGBM SI 20250606 PS;SIMPLE_INSTRUMENT;EFP_FIN;EUR;27;119.25000000;852;EXCHANGE_LAST;;1;1;XEUR;11820390;689;
06.05.2025;08:48:14.716;FGBM SI 20250606 PS;SIMPLE_INSTRUMENT;EFS;EUR;28;119.26000000;244;EXCHANGE_LAST;;1;1;XEUR;11820390;689;
06.05.2025;08:51:44.871;FGBM SI 20250606 PS;SIMPLE_INSTRUMENT;EFS;EUR;29;119.26000000;4601;EXCHANGE_LAST;;1;1;XEUR;11820390;689;
06.05.2025;08:53:19.760;FGBM SI 20250606 PS;SIMPLE_INSTRUMENT;EFS;EUR;30;119.22000000;405;EXCHANGE_LAST;;1;1;XEUR;11820390;689;
06.05.2025;08:57:52.344;FGBM SI 20250606 PS;SIMPLE_INSTRUMENT;EFS;EUR;31;119.23000000;569;EXCHANGE_LAST;;1;1;XEUR;11820390;689;
06.05.2025;09:00:21.352;FGBM SI 20250606 PS;SIMPLE_INSTRUMENT;EFS;EUR;32;119.22000000;2436;EXCHANGE_LAST;;1;1;XEUR;11820390;689;
06.05.2025;09:00:07.289;FGBM SI 20250606 PS;SIMPLE_INSTRUMENT;EFS;EUR;33;119.24000000;1623;EXCHANGE_LAST;;1;1;XEUR;11820390;689;
06.05.2025;09:01:48.922;FGBM SI 20250606 PS;SIMPLE_INSTRUMENT;EFS;EUR;34;119.23000000;855;EXCHANGE_LAST;;1;1;XEUR;11820390;689;
06.05.2025;09:02:06.677;FGBM SI 20250606 PS;SIMPLE_INSTRUMENT;EFP_FIN;EUR;35;119.22000000;400;EXCHANGE_LAST;;1;1;XEUR;11820390;689;
06.05.2025;09:02:42.963;FGBM SI 20250606 PS;SIMPLE_INSTRUMENT;EFS;EUR;36;119.21000000;737;EXCHANGE_LAST;;1;1;XEUR;11820390;689;
06.05.2025;09:03:41.163;FGBM SI 20250606 PS;SIMPLE_INSTRUMENT;EFS;EUR;37;119.23000000;428;EXCHANGE_LAST;;1;1;XEUR;11820390;689;
06.05.2025;09:04:57.555;FGBM SI 20250606 PS;SIMPLE_INSTRUMENT;EFP_FIN;EUR;38;119.24000000;723;EXCHANGE_LAST;;1;1;XEUR;11820390;689;
06.05.2025;09:11:02.382;FGBM SI 20250606 PS;SIMPLE_INSTRUMENT;EFS;EUR;39;119.23000000;428;EXCHANGE_LAST;;1;1;XEUR;11820390;689;
06.05.2025;09:05:14.773;FGBM SI 20250606 PS;SIMPLE_INSTRUMENT;EFS;EUR;40;119.18000000;856;EXCHANGE_LAST;;1;1;XEUR;11820390;689;
06.05.2025;09:11:02.157;FGBM SI 20250606 PS;SIMPLE_INSTRUMENT;EFP_FIN;EUR;41;119.15000000;426;EXCHANGE_LAST;;1;1;XEUR;11820390;689;
06.05.2025;09:12:31.100;FGBM SI 20250606 PS;SIMPLE_INSTRUMENT;EFS;EUR;42;119.16000000;428;EXCHANGE_LAST;;1;1;XEUR;11820390;689;
06.05.2025;09:14:26.778;FGBM SI 20250606 PS;SIMPLE_INSTRUMENT;EFS;EUR;43;119.23000000;184;EXCHANGE_LAST;;1;1;XEUR;11820390;689;
06.05.2025;09:15:57.177;FGBM SI 20250606 PS;SIMPLE_INSTRUMENT;EFS;EUR;44;119.19000000;1842;EXCHANGE_LAST;;1;1;XEUR;11820390;689;
06.05.2025;09:16:03.385;FGBM SI 20250606 PS;SIMPLE_INSTRUMENT;EFP_FIN;EUR;45;119.23000000;723;EXCHANGE_LAST;;1;1;XEUR;11820390;689;
06.05.2025;09:20:37.110;FGBM SI 20250606 PS;SIMPLE_INSTRUMENT;EFS;EUR;46;119.17000000;1842;EXCHANGE_LAST;;1;1;XEUR;11820390;689;
06.05.2025;09:23:58.120;FGBM SI 20250606 PS;SIMPLE_INSTRUMENT;EFS;EUR;47;119.19000000;813;EXCHANGE_LAST;;1;1;XEUR;11820390;689;
06.05.2025;09:34:15.505;FGBM SI 20250606 PS;SIMPLE_INSTRUMENT;EFS;EUR;48;119.19000000;428;EXCHANGE_LAST;;1;1;XEUR;11820390;689;
06.05.2025;09:27:16.509;FGBM SI 20250606 PS;SIMPLE_INSTRUMENT;EFS;EUR;49;119.20000000;326;EXCHANGE_LAST;;1;1;XEUR;11820390;689;
06.05.2025;09:30:40.143;FGBM SI 20250606 PS;SIMPLE_INSTRUMENT;EFS;EUR;50;119.19000000;813;EXCHANGE_LAST;;1;1;XEUR;11820390;689;
06.05.2025;09:31:23.137;FGBM SI 20250606 PS;SIMPLE_INSTRUMENT;EFS;EUR;51;119.20000000;550;EXCHANGE_LAST;;1;1;XEUR;11820390;689;
06.05.2025;09:37:11.165;FGBM SI 20250606 PS;SIMPLE_INSTRUMENT;EFP_FIN;EUR;52;119.20000000;168;EXCHANGE_LAST;;1;1;XEUR;11820390;689;
06.05.2025;09:34:10.528;FGBM SI 20250606 PS;SIMPLE_INSTRUMENT;EFP_FIN;EUR;53;119.18000000;426;EXCHANGE_LAST;;1;1;XEUR;11820390;689;
06.05.2025;09:35:42.380;FGBM SI 20250606 PS;SIMPLE_INSTRUMENT;EFP_FIN;EUR;54;119.23000000;482;EXCHANGE_LAST;;1;1;XEUR;11820390;689;
06.05.2025;09:35:59.894;FGBM SI 20250606 PS;SIMPLE_INSTRUMENT;EFP_FIN;EUR;55;119.22000000;314;EXCHANGE_LAST;;1;1;XEUR;11820390;689;
06.05.2025;09:40:26.175;FGBM SI 20250606 PS;SIMPLE_INSTRUMENT;EFP_FIN;EUR;56;119.20000000;210;EXCHANGE_LAST;;1;1;XEUR;11820390;689;
06.05.2025;09:44:25.201;FGBM SI 20250606 PS;SIMPLE_INSTRUMENT;EFP_FIN;EUR;57;119.20000000;210;EXCHANGE_LAST;;1;1;XEUR;11820390;689;
06.05.2025;09:44:08.232;FGBM SI 20250606 PS;SIMPLE_INSTRUMENT;EFS;EUR;58;119.20000000;856;EXCHANGE_LAST;;1;1;XEUR;11820390;689;
06.05.2025;09:44:23.105;FGBM SI 20250606 PS;SIMPLE_INSTRUMENT;EFS;EUR;59;119.21000000;856;EXCHANGE_LAST;;1;1;XEUR;11820390;689;
06.05.2025;09:49:58.527;FGBM SI 20250606 PS;SIMPLE_INSTRUMENT;EFS;EUR;60;119.20000000;428;EXCHANGE_LAST;;1;1;XEUR;11820390;689;
06.05.2025;09:56:27.219;FGBM SI 20250606 PS;SIMPLE_INSTRUMENT;EFP_FIN;EUR;61;119.19000000;408;EXCHANGE_LAST;;1;1;XEUR;11820390;689;
06.05.2025;09:58:22.222;FGBM SI 20250606 PS;SIMPLE_INSTRUMENT;EFP_FIN;EUR;62;119.18000000;256;EXCHANGE_LAST;;1;1;XEUR;11820390;689;
06.05.2025;10:07:42.490;FGBM SI 20250606 PS;SIMPLE_INSTRUMENT;EFP_FIN;EUR;63;119.18000000;182;EXCHANGE_LAST;;1;1;XEUR;11820390;689;
06.05.2025;10:03:13.274;FGBM SI 20250606 PS;SIMPLE_INSTRUMENT;EFP_FIN;EUR;64;119.18000000;182;EXCHANGE_LAST;;1;1;XEUR;11820390;689;
06.05.2025;10:06:12.028;FGBM SI 20250606 PS;SIMPLE_INSTRUMENT;EFP_FIN;EUR;65;119.18000000;513;EXCHANGE_LAST;;1;1;XEUR;11820390;689;
06.05.2025;10:09:10.099;FGBM SI 20250606 PS;SIMPLE_INSTRUMENT;EFS;EUR;66;119.18000000;921;EXCHANGE_LAST;;1;1;XEUR;11820390;689;
06.05.2025;10:10:17.810;FGBM SI 20250606 PS;SIMPLE_INSTRUMENT;EFS;EUR;67;119.18000000;2442;EXCHANGE_LAST;;1;1;XEUR;11820390;689;
06.05.2025;10:10:54.598;FGBM SI 20250606 PS;SIMPLE_INSTRUMENT;EFP_FIN;EUR;68;119.18000000;582;EXCHANGE_LAST;;1;1;XEUR;11820390;689;
06.05.2025;10:27:13.491;FGBM SI 20250606 PS;SIMPLE_INSTRUMENT;EFP_FIN;EUR;69;119.18000000;1281;EXCHANGE_LAST;;1;1;XEUR;11820390;689;
06.05.2025;10:27:46.144;FGBM SI 20250606 PS;SIMPLE_INSTRUMENT;EFP_FIN;EUR;70;119.22000000;1213;EXCHANGE_LAST;;1;1;XEUR;11820390;689;
06.05.2025;13:10:08.346;FGBM SI 20250606 PS;SIMPLE_INSTRUMENT;EFP_FIN;EUR;71;119.18000000;171;EXCHANGE_LAST;;1;1;XEUR;11820390;689;
06.05.2025;10:38:49.718;FGBM SI 20250606 PS;SIMPLE_INSTRUMENT;EFS;EUR;72;119.20000000;642;EXCHANGE_LAST;;1;1;XEUR;11820390;689;
06.05.2025;10:39:25.885;FGBM SI 20250606 PS;SIMPLE_INSTRUMENT;EFS;EUR;73;119.19000000;856;EXCHANGE_LAST;;1;1;XEUR;11820390;689;
06.05.2025;10:55:14.580;FGBM SI 20250606 PS;SIMPLE_INSTRUMENT;EFP_FIN;EUR;74;119.20000000;111;EXCHANGE_LAST;;1;1;XEUR;11820390;689;
06.05.2025;10:44:39.375;FGBM SI 20250606 PS;SIMPLE_INSTRUMENT;EFP_FIN;EUR;75;119.21000000;1320;EXCHANGE_LAST;;1;1;XEUR;11820390;689;
06.05.2025;10:51:17.992;FGBM SI 20250606 PS;SIMPLE_INSTRUMENT;EFP_FIN;EUR;76;119.22000000;97;EXCHANGE_LAST;;1;1;XEUR;11820390;689;
06.05.2025;10:51:33.362;FGBM SI 20250606 PS;SIMPLE_INSTRUMENT;EFP_FIN;EUR;77;119.21000000;767;EXCHANGE_LAST;;1;1;XEUR;11820390;689;
06.05.2025;10:52:12.773;FGBM SI 20250606 PS;SIMPLE_INSTRUMENT;EFP_FIN;EUR;78;119.21000000;852;EXCHANGE_LAST;;1;1;XEUR;11820390;689;
06.05.2025;10:55:16.405;FGBM SI 20250606 PS;SIMPLE_INSTRUMENT;EFS;EUR;79;119.22000000;1138;EXCHANGE_LAST;;1;1;XEUR;11820390;689;
06.05.2025;10:57:08.961;FGBM SI 20250606 PS;SIMPLE_INSTRUMENT;EFS;EUR;80;119.22000000;855;EXCHANGE_LAST;;1;1;XEUR;11820390;689;
06.05.2025;10:59:45.431;FGBM SI 20250606 PS;SIMPLE_INSTRUMENT;EFP_FIN;EUR;81;119.17000000;178;EXCHANGE_LAST;;1;1;XEUR;11820390;689;
06.05.2025;11:00:21.306;FGBM SI 20250606 PS;SIMPLE_INSTRUMENT;EFP_FIN;EUR;82;119.18000000;153;EXCHANGE_LAST;;1;1;XEUR;11820390;689;
06.05.2025;11:05:32.388;FGBM SI 20250606 PS;SIMPLE_INSTRUMENT;EFP_FIN;EUR;83;119.19000000;426;EXCHANGE_LAST;;1;1;XEUR;11820390;689;
06.05.2025;11:03:48.188;FGBM SI 20250606 PS;SIMPLE_INSTRUMENT;EFP_FIN;EUR;84;119.19000000;330;EXCHANGE_LAST;;1;1;XEUR;11820390;689;
06.05.2025;11:09:27.321;FGBM SI 20250606 PS;SIMPLE_INSTRUMENT;EFS;EUR;85;119.24000000;856;EXCHANGE_LAST;;1;1;XEUR;11820390;689;
06.05.2025;11:10:17.870;FGBM SI 20250606 PS;SIMPLE_INSTRUMENT;EFP_FIN;EUR;86;119.20000000;426;EXCHANGE_LAST;;1;1;XEUR;11820390;689;
06.05.2025;11:11:22.244;FGBM SI 20250606 PS;SIMPLE_INSTRUMENT;EFP_FIN;EUR;87;119.19000000;426;EXCHANGE_LAST;;1;1;XEUR;11820390;689;
06.05.2025;11:18:19.669;FGBM SI 20250606 PS;SIMPLE_INSTRUMENT;EFS;EUR;88;119.24000000;428;EXCHANGE_LAST;;1;1;XEUR;11820390;689;
06.05.2025;11:18:35.873;FGBM SI 20250606 PS;SIMPLE_INSTRUMENT;EFS;EUR;89;119.24000000;856;EXCHANGE_LAST;;1;1;XEUR;11820390;689;
06.05.2025;11:18:49.865;FGBM SI 20250606 PS;SIMPLE_INSTRUMENT;EFS;EUR;90;119.24000000;1284;EXCHANGE_LAST;;1;1;XEUR;11820390;689;
06.05.2025;11:30:34.320;FGBM SI 20250606 PS;SIMPLE_INSTRUMENT;EFS;EUR;91;119.26000000;856;EXCHANGE_LAST;;1;1;XEUR;11820390;689;
06.05.2025;11:35:29.557;FGBM SI 20250606 PS;SIMPLE_INSTRUMENT;EFS;EUR;93;119.25000000;856;EXCHANGE_LAST;;1;1;XEUR;11820390;689;
06.05.2025;11:39:00.434;FGBM SI 20250606 PS;SIMPLE_INSTRUMENT;EFS;EUR;94;119.25000000;428;EXCHANGE_LAST;;1;1;XEUR;11820390;689;
06.05.2025;11:38:59.721;FGBM SI 20250606 PS;SIMPLE_INSTRUMENT;EFS;EUR;95;119.25000000;856;EXCHANGE_LAST;;1;1;XEUR;11820390;689;
06.05.2025;12:04:34.525;FGBM SI 20250606 PS;SIMPLE_INSTRUMENT;EFS;EUR;96;119.24000000;920;EXCHANGE_LAST;;1;1;XEUR;11820390;689;
06.05.2025;12:05:35.964;FGBM SI 20250606 PS;SIMPLE_INSTRUMENT;EFP_FIN;EUR;97;119.25000000;82;EXCHANGE_LAST;;1;1;XEUR;11820390;689;
06.05.2025;12:06:39.107;FGBM SI 20250606 PS;SIMPLE_INSTRUMENT;EFP_FIN;EUR;98;119.25000000;639;EXCHANGE_LAST;;1;1;XEUR;11820390;689;
06.05.2025;12:09:35.114;FGBM SI 20250606 PS;SIMPLE_INSTRUMENT;EFS;EUR;100;119.21000000;460;EXCHANGE_LAST;;1;1;XEUR;11820390;689;
06.05.2025;12:14:23.459;FGBM SI 20250606 PS;SIMPLE_INSTRUMENT;EFS;EUR;101;119.21000000;557;EXCHANGE_LAST;;1;1;XEUR;11820390;689;
06.05.2025;12:18:19.940;FGBM SI 20250606 PS;SIMPLE_INSTRUMENT;EFS;EUR;102;119.24000000;1626;EXCHANGE_LAST;;1;1;XEUR;11820390;689;
06.05.2025;12:25:39.344;FGBM SI 20250606 PS;SIMPLE_INSTRUMENT;EFS;EUR;103;119.20000000;813;EXCHANGE_LAST;;1;1;XEUR;11820390;689;
06.05.2025;12:26:21.076;FGBM SI 20250606 PS;SIMPLE_INSTRUMENT;EFS;EUR;104;119.19000000;856;EXCHANGE_LAST;;1;1;XEUR;11820390;689;
06.05.2025;12:27:03.870;FGBM SI 20250606 PS;SIMPLE_INSTRUMENT;EFS;EUR;105;119.24000000;920;EXCHANGE_LAST;;1;1;XEUR;11820390;689;
06.05.2025;12:31:47.138;FGBM SI 20250606 PS;SIMPLE_INSTRUMENT;EFP_FIN;EUR;106;119.21000000;400;EXCHANGE_LAST;;1;1;XEUR;11820390;689;
06.05.2025;12:32:51.715;FGBM SI 20250606 PS;SIMPLE_INSTRUMENT;EFP_FIN;EUR;107;119.22000000;84;EXCHANGE_LAST;;1;1;XEUR;11820390;689;
06.05.2025;12:37:09.768;FGBM SI 20250606 PS;SIMPLE_INSTRUMENT;EFP_FIN;EUR;108;119.18000000;178;EXCHANGE_LAST;;1;1;XEUR;11820390;689;
06.05.2025;12:47:06.334;FGBM SI 20250606 PS;SIMPLE_INSTRUMENT;EFS;EUR;109;119.21000000;920;EXCHANGE_LAST;;1;1;XEUR;11820390;689;
06.05.2025;12:54:51.559;FGBM SI 20250606 PS;SIMPLE_INSTRUMENT;EFS;EUR;110;119.23000000;650;EXCHANGE_LAST;;1;1;XEUR;11820390;689;
06.05.2025;13:03:32.338;FGBM SI 20250606 PS;SIMPLE_INSTRUMENT;EFP_FIN;EUR;111;119.24000000;684;EXCHANGE_LAST;;1;1;XEUR;11820390;689;
06.05.2025;13:06:16.649;FGBM SI 20250606 PS;SIMPLE_INSTRUMENT;EFP_FIN;EUR;112;119.24000000;410;EXCHANGE_LAST;;1;1;XEUR;11820390;689;
06.05.2025;13:07:43.869;FGBM SI 20250606 PS;SIMPLE_INSTRUMENT;EFP_FIN;EUR;113;119.24000000;205;EXCHANGE_LAST;;1;1;XEUR;11820390;689;
06.05.2025;13:09:29.410;FGBM SI 20250606 PS;SIMPLE_INSTRUMENT;EFP_FIN;EUR;114;119.24000000;403;EXCHANGE_LAST;;1;1;XEUR;11820390;689;
06.05.2025;13:20:49.518;FGBM SI 20250606 PS;SIMPLE_INSTRUMENT;EFS;EUR;115;119.16000000;857;EXCHANGE_LAST;;1;1;XEUR;11820390;689;
06.05.2025;13:20:51.242;FGBM SI 20250606 PS;SIMPLE_INSTRUMENT;EFS;EUR;116;119.17000000;856;EXCHANGE_LAST;;1;1;XEUR;11820390;689;
06.05.2025;13:27:54.248;FGBM SI 20250606 PS;SIMPLE_INSTRUMENT;EFS;EUR;117;119.15000000;856;EXCHANGE_LAST;;1;1;XEUR;11820390;689;
06.05.2025;13:28:36.179;FGBM SI 20250606 PS;SIMPLE_INSTRUMENT;EFS;EUR;118;119.15000000;2763;EXCHANGE_LAST;;1;1;XEUR;11820390;689;
06.05.2025;13:33:42.927;FGBM SI 20250606 PS;SIMPLE_INSTRUMENT;EFS;EUR;120;119.16000000;368;EXCHANGE_LAST;;1;1;XEUR;11820390;689;
06.05.2025;13:34:04.650;FGBM SI 20250606 PS;SIMPLE_INSTRUMENT;EFP_FIN;EUR;121;119.16000000;382;EXCHANGE_LAST;;1;1;XEUR;11820390;689;
06.05.2025;13:35:41.316;FGBM SI 20250606 PS;SIMPLE_INSTRUMENT;EFS;EUR;122;119.17000000;406;EXCHANGE_LAST;;1;1;XEUR;11820390;689;
06.05.2025;13:42:19.277;FGBM SI 20250606 PS;SIMPLE_INSTRUMENT;EFP_FIN;EUR;123;119.16000000;1270;EXCHANGE_LAST;;1;1;XEUR;11820390;689;
06.05.2025;13:48:21.754;FGBM SI 20250606 PS;SIMPLE_INSTRUMENT;EFS;EUR;124;119.15000000;857;EXCHANGE_LAST;;1;1;XEUR;11820390;689;
06.05.2025;13:54:30.017;FGBM SI 20250606 PS;SIMPLE_INSTRUMENT;EFS;EUR;125;119.16000000;569;EXCHANGE_LAST;;1;1;XEUR;11820390;689;
06.05.2025;14:00:42.695;FGBM SI 20250606 PS;SIMPLE_INSTRUMENT;EFP_FIN;EUR;126;119.12000000;431;EXCHANGE_LAST;;1;1;XEUR;11820390;689;
06.05.2025;14:04:49.886;FGBM SI 20250606 PS;SIMPLE_INSTRUMENT;EFP_FIN;EUR;127;119.12000000;1456;EXCHANGE_LAST;;1;1;XEUR;11820390;689;
06.05.2025;14:08:34.734;FGBM SI 20250606 PS;SIMPLE_INSTRUMENT;EFP_FIN;EUR;128;119.20000000;408;EXCHANGE_LAST;;1;1;XEUR;11820390;689;
06.05.2025;14:09:03.475;FGBM SI 20250606 PS;SIMPLE_INSTRUMENT;EFS;EUR;129;119.16000000;1315;EXCHANGE_LAST;;1;1;XEUR;11820390;689;
06.05.2025;14:09:46.833;FGBM SI 20250606 PS;SIMPLE_INSTRUMENT;EFP_FIN;EUR;130;119.22000000;205;EXCHANGE_LAST;;1;1;XEUR;11820390;689;
06.05.2025;14:22:42.792;FGBM SI 20250606 PS;SIMPLE_INSTRUMENT;EFP_FIN;EUR;131;119.14000000;204;EXCHANGE_LAST;;1;1;XEUR;11820390;689;
06.05.2025;14:24:45.380;FGBM SI 20250606 PS;SIMPLE_INSTRUMENT;EFS;EUR;132;119.14000000;857;EXCHANGE_LAST;;1;1;XEUR;11820390;689;
06.05.2025;14:24:50.385;FGBM SI 20250606 PS;SIMPLE_INSTRUMENT;EFS;EUR;133;119.14000000;857;EXCHANGE_LAST;;1;1;XEUR;11820390;689;
06.05.2025;14:26:25.454;FGBM SI 20250606 PS;SIMPLE_INSTRUMENT;EFS;EUR;134;119.14000000;857;EXCHANGE_LAST;;1;1;XEUR;11820390;689;
06.05.2025;14:29:50.615;FGBM SI 20250606 PS;SIMPLE_INSTRUMENT;EFS;EUR;135;119.14000000;857;EXCHANGE_LAST;;1;1;XEUR;11820390;689;
06.05.2025;14:30:00.625;FGBM SI 20250606 PS;SIMPLE_INSTRUMENT;EFS;EUR;136;119.14000000;857;EXCHANGE_LAST;;1;1;XEUR;11820390;689;
06.05.2025;14:30:20.646;FGBM SI 20250606 PS;SIMPLE_INSTRUMENT;EFS;EUR;137;119.14000000;428;EXCHANGE_LAST;;1;1;XEUR;11820390;689;
06.05.2025;14:30:30.656;FGBM SI 20250606 PS;SIMPLE_INSTRUMENT;EFS;EUR;138;119.16000000;857;EXCHANGE_LAST;;1;1;XEUR;11820390;689;
06.05.2025;14:32:16.750;FGBM SI 20250606 PS;SIMPLE_INSTRUMENT;EFS;EUR;139;119.17000000;428;EXCHANGE_LAST;;1;1;XEUR;11820390;689;
06.05.2025;14:32:26.760;FGBM SI 20250606 PS;SIMPLE_INSTRUMENT;EFS;EUR;140;119.17000000;428;EXCHANGE_LAST;;1;1;XEUR;11820390;689;
06.05.2025;14:37:32.021;FGBM SI 20250606 PS;SIMPLE_INSTRUMENT;EFS;EUR;141;119.17000000;428;EXCHANGE_LAST;;1;1;XEUR;11820390;689;
06.05.2025;14:37:32.502;FGBM SI 20250606 PS;SIMPLE_INSTRUMENT;EFP_FIN;EUR;142;119.18000000;340;EXCHANGE_LAST;;1;1;XEUR;11820390;689;
06.05.2025;14:38:12.051;FGBM SI 20250606 PS;SIMPLE_INSTRUMENT;EFS;EUR;143;119.18000000;428;EXCHANGE_LAST;;1;1;XEUR;11820390;689;
06.05.2025;14:38:21.960;FGBM SI 20250606 PS;SIMPLE_INSTRUMENT;EFS;EUR;144;119.18000000;921;EXCHANGE_LAST;;1;1;XEUR;11820390;689;
06.05.2025;14:42:42.302;FGBM SI 20250606 PS;SIMPLE_INSTRUMENT;EFS;EUR;145;119.17000000;407;EXCHANGE_LAST;;1;1;XEUR;11820390;689;
06.05.2025;14:46:40.348;FGBM SI 20250606 PS;SIMPLE_INSTRUMENT;EFS;EUR;146;119.18000000;428;EXCHANGE_LAST;;1;1;XEUR;11820390;689;
06.05.2025;14:47:09.085;FGBM SI 20250606 PS;SIMPLE_INSTRUMENT;EFS;EUR;147;119.16000000;428;EXCHANGE_LAST;;1;1;XEUR;11820390;689;
06.05.2025;14:47:34.676;FGBM SI 20250606 PS;SIMPLE_INSTRUMENT;EFP_FIN;EUR;148;119.14000000;852;EXCHANGE_LAST;;1;1;XEUR;11820390;689;
06.05.2025;14:48:13.519;FGBM SI 20250606 PS;SIMPLE_INSTRUMENT;EFS;EUR;149;119.17000000;428;EXCHANGE_LAST;;1;1;XEUR;11820390;689;
06.05.2025;14:48:18.526;FGBM SI 20250606 PS;SIMPLE_INSTRUMENT;EFS;EUR;150;119.17000000;857;EXCHANGE_LAST;;1;1;XEUR;11820390;689;
06.05.2025;14:48:33.540;FGBM SI 20250606 PS;SIMPLE_INSTRUMENT;EFS;EUR;151;119.17000000;857;EXCHANGE_LAST;;1;1;XEUR;11820390;689;
06.05.2025;14:48:42.065;FGBM SI 20250606 PS;SIMPLE_INSTRUMENT;EFS;EUR;152;119.17000000;857;EXCHANGE_LAST;;1;1;XEUR;11820390;689;
06.05.2025;14:48:43.552;FGBM SI 20250606 PS;SIMPLE_INSTRUMENT;EFS;EUR;153;119.17000000;428;EXCHANGE_LAST;;1;1;XEUR;11820390;689;
06.05.2025;14:52:15.951;FGBM SI 20250606 PS;SIMPLE_INSTRUMENT;EFP_FIN;EUR;154;119.18000000;340;EXCHANGE_LAST;;1;1;XEUR;11820390;689;
06.05.2025;14:58:32.059;FGBM SI 20250606 PS;SIMPLE_INSTRUMENT;EFS;EUR;155;119.21000000;856;EXCHANGE_LAST;;1;1;XEUR;11820390;689;
06.05.2025;14:58:58.776;FGBM SI 20250606 PS;SIMPLE_INSTRUMENT;EFS;EUR;156;119.21000000;856;EXCHANGE_LAST;;1;1;XEUR;11820390;689;
06.05.2025;14:59:44.131;FGBM SI 20250606 PS;SIMPLE_INSTRUMENT;EFS;EUR;157;119.20000000;857;EXCHANGE_LAST;;1;1;XEUR;11820390;689;
06.05.2025;15:02:59.315;FGBM SI 20250606 PS;SIMPLE_INSTRUMENT;EFS;EUR;158;119.21000000;856;EXCHANGE_LAST;;1;1;XEUR;11820390;689;
06.05.2025;15:03:55.171;FGBM SI 20250606 PS;SIMPLE_INSTRUMENT;EFP_FIN;EUR;159;119.20000000;154;EXCHANGE_LAST;;1;1;XEUR;11820390;689;
06.05.2025;15:03:44.359;FGBM SI 20250606 PS;SIMPLE_INSTRUMENT;EFS;EUR;160;119.23000000;856;EXCHANGE_LAST;;1;1;XEUR;11820390;689;
06.05.2025;15:05:39.451;FGBM SI 20250606 PS;SIMPLE_INSTRUMENT;EFS;EUR;161;119.23000000;856;EXCHANGE_LAST;;1;1;XEUR;11820390;689;
06.05.2025;15:14:53.673;FGBM SI 20250606 PS;SIMPLE_INSTRUMENT;EFS;EUR;162;119.19000000;737;EXCHANGE_LAST;;1;1;XEUR;11820390;689;
06.05.2025;15:15:13.692;FGBM SI 20250606 PS;SIMPLE_INSTRUMENT;EFP_FIN;EUR;163;119.17000000;375;EXCHANGE_LAST;;1;1;XEUR;11820390;689;
06.05.2025;15:16:21.109;FGBM SI 20250606 PS;SIMPLE_INSTRUMENT;EFS;EUR;164;119.23000000;74;EXCHANGE_LAST;;1;1;XEUR;11820390;689;
06.05.2025;15:17:40.369;FGBM SI 20250606 PS;SIMPLE_INSTRUMENT;EFP_FIN;EUR;165;119.24000000;340;EXCHANGE_LAST;;1;1;XEUR;11820390;689;
06.05.2025;15:20:28.915;FGBM SI 20250606 PS;SIMPLE_INSTRUMENT;EFP_FIN;EUR;166;119.17000000;680;EXCHANGE_LAST;;1;1;XEUR;11820390;689;
06.05.2025;15:21:06.738;FGBM SI 20250606 PS;SIMPLE_INSTRUMENT;EFS;EUR;167;119.24000000;1710;EXCHANGE_LAST;;1;1;XEUR;11820390;689;
06.05.2025;15:26:07.466;FGBM SI 20250606 PS;SIMPLE_INSTRUMENT;EFP_FIN;EUR;168;119.24000000;170;EXCHANGE_LAST;;1;1;XEUR;11820390;689;
06.05.2025;15:29:15.467;FGBM SI 20250606 PS;SIMPLE_INSTRUMENT;EFS;EUR;169;119.23000000;1711;EXCHANGE_LAST;;1;1;XEUR;11820390;689;
06.05.2025;15:33:53.310;FGBM SI 20250606 PS;SIMPLE_INSTRUMENT;EFP_FIN;EUR;170;119.25000000;1020;EXCHANGE_LAST;;1;1;XEUR;11820390;689;
06.05.2025;15:34:02.326;FGBM SI 20250606 PS;SIMPLE_INSTRUMENT;EFP_FIN;EUR;171;119.25000000;340;EXCHANGE_LAST;;1;1;XEUR;11820390;689;
06.05.2025;15:34:28.950;FGBM SI 20250606 PS;SIMPLE_INSTRUMENT;EFS;EUR;172;119.25000000;4700;EXCHANGE_LAST;;1;1;XEUR;11820390;689;
06.05.2025;15:34:41.011;FGBM SI 20250606 PS;SIMPLE_INSTRUMENT;EFP_FIN;EUR;173;119.26000000;852;EXCHANGE_LAST;;1;1;XEUR;11820390;689;
06.05.2025;15:36:11.694;FGBM SI 20250606 PS;SIMPLE_INSTRUMENT;EFP_FIN;EUR;174;119.27000000;418;EXCHANGE_LAST;;1;1;XEUR;11820390;689;
06.05.2025;15:37:13.288;FGBM SI 20250606 PS;SIMPLE_INSTRUMENT;EFP_FIN;EUR;175;119.23000000;810;EXCHANGE_LAST;;1;1;XEUR;11820390;689;
06.05.2025;15:39:19.234;FGBM SI 20250606 PS;SIMPLE_INSTRUMENT;EFP_FIN;EUR;176;119.25000000;252;EXCHANGE_LAST;;1;1;XEUR;11820390;689;
06.05.2025;15:50:26.058;FGBM SI 20250606 PS;SIMPLE_INSTRUMENT;EFP_FIN;EUR;177;119.26000000;426;EXCHANGE_LAST;;1;1;XEUR;11820390;689;
06.05.2025;15:42:14.685;FGBM SI 20250606 PS;SIMPLE_INSTRUMENT;EFS;EUR;178;119.25000000;855;EXCHANGE_LAST;;1;1;XEUR;11820390;689;
06.05.2025;15:42:41.876;FGBM SI 20250606 PS;SIMPLE_INSTRUMENT;EFS;EUR;179;119.25000000;855;EXCHANGE_LAST;;1;1;XEUR;11820390;689;
06.05.2025;15:46:19.072;FGBM SI 20250606 PS;SIMPLE_INSTRUMENT;EFS;EUR;180;119.25000000;921;EXCHANGE_LAST;;1;1;XEUR;11820390;689;
06.05.2025;15:51:18.371;FGBM SI 20250606 PS;SIMPLE_INSTRUMENT;EFS;EUR;181;119.25000000;460;EXCHANGE_LAST;;1;1;XEUR;11820390;689;
06.05.2025;15:57:25.409;FGBM SI 20250606 PS;SIMPLE_INSTRUMENT;EFS;EUR;182;119.23000000;642;EXCHANGE_LAST;;1;1;XEUR;11820390;689;
06.05.2025;16:21:55.621;FGBM SI 20250606 PS;SIMPLE_INSTRUMENT;EFP_FIN;EUR;183;119.23000000;852;EXCHANGE_LAST;;1;1;XEUR;11820390;689;
06.05.2025;16:22:40.937;FGBM SI 20250606 PS;SIMPLE_INSTRUMENT;EFS;EUR;184;119.22000000;806;EXCHANGE_LAST;;1;1;XEUR;11820390;689;
06.05.2025;07:00:44.778;FGBS SI 20250606 PS;SIMPLE_INSTRUMENT;EFS;EUR;1;107.43000000;2390;EXCHANGE_LAST;;1;1;XEUR;11820391;690;
06.05.2025;07:34:07.466;FGBS SI 20250606 PS;SIMPLE_INSTRUMENT;EFS;EUR;2;107.42500000;4804;EXCHANGE_LAST;;1;1;XEUR;11820391;690;
06.05.2025;07:50:37.357;FGBS SI 20250606 PS;SIMPLE_INSTRUMENT;EFP_FIN;EUR;3;107.43000000;280;EXCHANGE_LAST;;1;1;XEUR;11820391;690;
06.05.2025;08:11:32.874;FGBS SI 20250606 PS;SIMPLE_INSTRUMENT;EFP_FIN;EUR;4;107.43500000;1920;EXCHANGE_LAST;;1;1;XEUR;11820391;690;
06.05.2025;08:55:59.035;FGBS SI 20250606 PS;SIMPLE_INSTRUMENT;EFS;EUR;5;107.45000000;1193;EXCHANGE_LAST;;1;1;XEUR;11820391;690;
06.05.2025;09:01:57.882;FGBS SI 20250606 PS;SIMPLE_INSTRUMENT;EFS;EUR;6;107.46000000;2716;EXCHANGE_LAST;;1;1;XEUR;11820391;690;
06.05.2025;09:02:45.161;FGBS SI 20250606 PS;SIMPLE_INSTRUMENT;EFS;EUR;7;107.46000000;2717;EXCHANGE_LAST;;1;1;XEUR;11820391;690;
06.05.2025;09:12:50.886;FGBS SI 20250606 PS;SIMPLE_INSTRUMENT;EFP_FIN;EUR;8;107.45000000;239;EXCHANGE_LAST;;1;1;XEUR;11820391;690;
06.05.2025;09:47:07.197;FGBS SI 20250606 PS;SIMPLE_INSTRUMENT;EFS;EUR;9;107.44000000;2720;EXCHANGE_LAST;;1;1;XEUR;11820391;690;
06.05.2025;09:51:07.888;FGBS SI 20250606 PS;SIMPLE_INSTRUMENT;EFP_FIN;EUR;10;107.44500000;684;EXCHANGE_LAST;;1;1;XEUR;11820391;690;
06.05.2025;10:38:27.990;FGBS SI 20250606 PS;SIMPLE_INSTRUMENT;EFP_FIN;EUR;11;107.46500000;816;EXCHANGE_LAST;;1;1;XEUR;11820391;690;
06.05.2025;10:42:11.716;FGBS SI 20250606 PS;SIMPLE_INSTRUMENT;EFP_FIN;EUR;12;107.45000000;951;EXCHANGE_LAST;;1;1;XEUR;11820391;690;
06.05.2025;11:48:09.058;FGBS SI 20250606 PS;SIMPLE_INSTRUMENT;EFS;EUR;13;107.46000000;3599;EXCHANGE_LAST;;1;1;XEUR;11820391;690;
06.05.2025;11:54:54.688;FGBS SI 20250606 PS;SIMPLE_INSTRUMENT;EFS;EUR;14;107.45500000;5438;EXCHANGE_LAST;;1;1;XEUR;11820391;690;
06.05.2025;11:56:18.336;FGBS SI 20250606 PS;SIMPLE_INSTRUMENT;EFS;EUR;15;107.45000000;5000;EXCHANGE_LAST;;1;1;XEUR;11820391;690;
06.05.2025;12:22:54.582;FGBS SI 20250606 PS;SIMPLE_INSTRUMENT;EFP_FIN;EUR;16;107.43000000;704;EXCHANGE_LAST;;1;1;XEUR;11820391;690;
06.05.2025;12:24:06.697;FGBS SI 20250606 PS;SIMPLE_INSTRUMENT;EFS;EUR;17;107.45000000;1200;EXCHANGE_LAST;;1;1;XEUR;11820391;690;
06.05.2025;12:24:20.699;FGBS SI 20250606 PS;SIMPLE_INSTRUMENT;EFS;EUR;18;107.45000000;1200;EXCHANGE_LAST;;1;1;XEUR;11820391;690;
06.05.2025;12:49:24.332;FGBS SI 20250606 PS;SIMPLE_INSTRUMENT;EFP_FIN;EUR;19;107.46000000;860;EXCHANGE_LAST;;1;1;XEUR;11820391;690;
06.05.2025;13:05:34.283;FGBS SI 20250606 PS;SIMPLE_INSTRUMENT;EFS;EUR;20;107.46000000;2719;EXCHANGE_LAST;;1;1;XEUR;11820391;690;
06.05.2025;13:26:52.173;FGBS SI 20250606 PS;SIMPLE_INSTRUMENT;EFS;EUR;22;107.45000000;8160;EXCHANGE_LAST;;1;1;XEUR;11820391;690;
06.05.2025;13:37:52.470;FGBS SI 20250606 PS;SIMPLE_INSTRUMENT;EFP_FIN;EUR;23;107.44000000;382;EXCHANGE_LAST;;1;1;XEUR;11820391;690;
06.05.2025;13:41:42.918;FGBS SI 20250606 PS;SIMPLE_INSTRUMENT;EFP_FIN;EUR;24;107.44000000;287;EXCHANGE_LAST;;1;1;XEUR;11820391;690;
06.05.2025;14:01:12.474;FGBS SI 20250606 PS;SIMPLE_INSTRUMENT;EFS;EUR;25;107.45000000;1360;EXCHANGE_LAST;;1;1;XEUR;11820391;690;
06.05.2025;14:52:53.260;FGBS SI 20250606 PS;SIMPLE_INSTRUMENT;EFP_FIN;EUR;26;107.44000000;1204;EXCHANGE_LAST;;1;1;XEUR;11820391;690;
06.05.2025;15:14:41.324;FGBS SI 20250606 PS;SIMPLE_INSTRUMENT;EFP_FIN;EUR;27;107.45500000;315;EXCHANGE_LAST;;1;1;XEUR;11820391;690;
06.05.2025;15:36:00.253;FGBS SI 20250606 PS;SIMPLE_INSTRUMENT;EFP_FIN;EUR;28;107.45500000;616;EXCHANGE_LAST;;1;1;XEUR;11820391;690;
06.05.2025;15:16:04.554;FGBS SI 20250606 PS;SIMPLE_INSTRUMENT;EFP_FIN;EUR;29;107.45500000;1402;EXCHANGE_LAST;;1;1;XEUR;11820391;690;
06.05.2025;15:19:13.708;FGBS SI 20250606 PS;SIMPLE_INSTRUMENT;EFS;EUR;30;107.46000000;3599;EXCHANGE_LAST;;1;1;XEUR;11820391;690;
06.05.2025;15:29:56.737;FGBS SI 20250606 PS;SIMPLE_INSTRUMENT;EFS;EUR;31;107.47000000;1230;EXCHANGE_LAST;;1;1;XEUR;11820391;690;
06.05.2025;15:33:34.294;FGBS SI 20250606 PS;SIMPLE_INSTRUMENT;EFS;EUR;32;107.46500000;2300;EXCHANGE_LAST;;1;1;XEUR;11820391;690;
06.05.2025;15:35:18.589;FGBS SI 20250606 PS;SIMPLE_INSTRUMENT;EFP_FIN;EUR;33;107.47000000;700;EXCHANGE_LAST;;1;1;XEUR;11820391;690;
06.05.2025;15:43:38.371;FGBS SI 20250606 PS;SIMPLE_INSTRUMENT;EFP_FIN;EUR;35;107.47000000;1214;EXCHANGE_LAST;;1;1;XEUR;11820391;690;
06.05.2025;15:46:21.316;FGBS SI 20250606 PS;SIMPLE_INSTRUMENT;EFP_FIN;EUR;36;107.47000000;469;EXCHANGE_LAST;;1;1;XEUR;11820391;690;
06.05.2025;07:40:46.920;FGBX SI 20250606 PS;SIMPLE_INSTRUMENT;EFP_FIN;EUR;1;121.16000000;56;EXCHANGE_LAST;;1;1;XEUR;11820392;691;
06.05.2025;08:01:08.029;FGBX SI 20250606 PS;SIMPLE_INSTRUMENT;EFP_FIN;EUR;3;121.20000000;50;EXCHANGE_LAST;;1;1;XEUR;11820392;691;
06.05.2025;08:25:47.046;FGBX SI 20250606 PS;SIMPLE_INSTRUMENT;EFS;EUR;4;121.44000000;618;EXCHANGE_LAST;;1;1;XEUR;11820392;691;
06.05.2025;08:26:45.024;FGBX SI 20250606 PS;SIMPLE_INSTRUMENT;EFP_FIN;EUR;5;121.58000000;363;EXCHANGE_LAST;;1;1;XEUR;11820392;691;
06.05.2025;08:40:47.828;FGBX SI 20250606 PS;SIMPLE_INSTRUMENT;EFP_FIN;EUR;6;121.84000000;707;EXCHANGE_LAST;;1;1;XEUR;11820392;691;
06.05.2025;08:49:11.729;FGBX SI 20250606 PS;SIMPLE_INSTRUMENT;EFS;EUR;7;121.80000000;55;EXCHANGE_LAST;;1;1;XEUR;11820392;691;
06.05.2025;10:04:37.502;FGBX SI 20250606 PS;SIMPLE_INSTRUMENT;EFS;EUR;10;121.32000000;206;EXCHANGE_LAST;;1;1;XEUR;11820392;691;
06.05.2025;10:12:39.426;FGBX SI 20250606 PS;SIMPLE_INSTRUMENT;EFP_FIN;EUR;13;121.36000000;1079;EXCHANGE_LAST;;1;1;XEUR;11820392;691;
06.05.2025;10:30:26.263;FGBX SI 20250606 PS;SIMPLE_INSTRUMENT;EFP_FIN;EUR;14;121.64000000;335;EXCHANGE_LAST;;1;1;XEUR;11820392;691;
06.05.2025;10:44:39.290;FGBX SI 20250606 PS;SIMPLE_INSTRUMENT;EFS;EUR;15;121.42000000;124;EXCHANGE_LAST;;1;1;XEUR;11820392;691;
06.05.2025;11:06:07.188;FGBX SI 20250606 PS;SIMPLE_INSTRUMENT;EFP_FIN;EUR;19;121.44000000;372;EXCHANGE_LAST;;1;1;XEUR;11820392;691;
06.05.2025;11:07:44.807;FGBX SI 20250606 PS;SIMPLE_INSTRUMENT;EFP_FIN;EUR;20;121.70000000;481;EXCHANGE_LAST;;1;1;XEUR;11820392;691;
06.05.2025;11:12:31.491;FGBX SI 20250606 PS;SIMPLE_INSTRUMENT;EFP_FIN;EUR;21;121.68000000;745;EXCHANGE_LAST;;1;1;XEUR;11820392;691;
06.05.2025;11:20:54.804;FGBX SI 20250606 PS;SIMPLE_INSTRUMENT;EFP_FIN;EUR;24;121.36000000;372;EXCHANGE_LAST;;1;1;XEUR;11820392;691;
06.05.2025;11:21:26.240;FGBX SI 20250606 PS;SIMPLE_INSTRUMENT;EFS;EUR;25;121.36000000;262;EXCHANGE_LAST;;1;1;XEUR;11820392;691;
06.05.2025;11:40:05.313;FGBX SI 20250606 PS;SIMPLE_INSTRUMENT;EFS;EUR;28;121.40000000;406;EXCHANGE_LAST;;1;1;XEUR;11820392;691;
06.05.2025;11:58:07.496;FGBX SI 20250606 PS;SIMPLE_INSTRUMENT;BLOCK;EUR;29;121.44000000;200;EXCHANGE_LAST;;1;1;XEUR;11820392;691;
06.05.2025;12:19:40.809;FGBX SI 20250606 PS;SIMPLE_INSTRUMENT;EFS;EUR;30;121.34000000;91;EXCHANGE_LAST;;1;1;XEUR;11820392;691;
06.05.2025;12:32:31.439;FGBX SI 20250606 PS;SIMPLE_INSTRUMENT;EFP_FIN;EUR;33;121.46000000;791;EXCHANGE_LAST;;1;1;XEUR;11820392;691;
06.05.2025;12:45:37.294;FGBX SI 20250606 PS;SIMPLE_INSTRUMENT;EFS;EUR;36;121.42000000;85;EXCHANGE_LAST;;1;1;XEUR;11820392;691;
06.05.2025;13:25:09.515;FGBX SI 20250606 PS;SIMPLE_INSTRUMENT;EFS;EUR;37;121.34000000;218;EXCHANGE_LAST;;1;1;XEUR;11820392;691;
06.05.2025;13:46:59.717;FGBX SI 20250606 PS;SIMPLE_INSTRUMENT;EFS;EUR;44;121.06000000;73;EXCHANGE_LAST;;1;1;XEUR;11820392;691;
06.05.2025;13:57:46.593;FGBX SI 20250606 PS;SIMPLE_INSTRUMENT;EFP_FIN;EUR;50;121.06000000;333;EXCHANGE_LAST;;1;1;XEUR;11820392;691;
06.05.2025;15:28:02.888;FGBX SI 20250606 PS;SIMPLE_INSTRUMENT;EFP_FIN;EUR;56;121.38000000;123;EXCHANGE_LAST;;1;1;XEUR;11820392;691;
06.05.2025;15:28:39.512;FGBX SI 20250606 PS;SIMPLE_INSTRUMENT;EFP_FIN;EUR;57;121.38000000;246;EXCHANGE_LAST;;1;1;XEUR;11820392;691;
06.05.2025;15:44:25.224;FGBX SI 20250606 PS;SIMPLE_INSTRUMENT;EFP_FIN;EUR;58;121.36000000;372;EXCHANGE_LAST;;1;1;XEUR;11820392;691;
06.05.2025;15:50:23.047;FGBX SI 20250606 PS;SIMPLE_INSTRUMENT;EFS;EUR;59;121.38000000;161;EXCHANGE_LAST;;1;1;XEUR;11820392;691;
06.05.2025;15:48:06.483;FGBX SI 20250606 PS;SIMPLE_INSTRUMENT;EFP_FIN;EUR;60;121.30000000;175;EXCHANGE_LAST;;1;1;XEUR;11820392;691;
06.05.2025;11:31:44.982;FIA5 SI 20250619 PS AM C 8.60 0;SIMPLE_INSTRUMENT;BLOCK;EUR;17;0.35500000;4000;EXCHANGE_LAST;;3;2;XEUR;12989928;48227;
06.05.2025;12:59:36.165;FIAK SI 20250619 CS;SIMPLE_INSTRUMENT;BLOCK;EUR;65;8.21100000;5400;EXCHANGE_LAST;;1;1;XEUR;11164348;144766;
06.05.2025;09:48:54.799;FLCP SI 20250620 CS;SIMPLE_INSTRUMENT;BLOCK;EUR;23;553.60000000;100;EXCHANGE_LAST;;1;1;XEUR;11880822;669;
06.05.2025;09:48:54.799;FLCP SI 20250620 CS;SIMPLE_INSTRUMENT;BLOCK;EUR;24;554.00000000;116;EXCHANGE_LAST;;1;1;XEUR;11880822;669;
06.05.2025;01:09:00.129;FMAU SI 20250620 CS;SIMPLE_INSTRUMENT;BLOCK;USD;1;5857.52700000;73;EXCHANGE_LAST;;1;1;XEUR;7939462;45287;
06.05.2025;08:34:13.309;FMCH SI 20250620 CS;SIMPLE_INSTRUMENT;BLOCK;USD;23;574.38000000;1252;EXCHANGE_LAST;;1;1;XEUR;7940815;402909;
06.05.2025;10:18:36.844;FMCH SI 20250620 CS;SIMPLE_INSTRUMENT;BLOCK;USD;25;576.38000000;419;EXCHANGE_LAST;;1;1;XEUR;7940815;402909;
06.05.2025;07:29:36.104;FMCL SI 20250620 CS;SIMPLE_INSTRUMENT;EFP_IDX;USD;1;345.03000000;4;EXCHANGE_LAST;;1;1;XEUR;7938829;12398;
06.05.2025;15:58:16.394;FMCP SI 20250620 CS;SIMPLE_INSTRUMENT;EFP_IDX;EUR;82;565.90000000;95;EXCHANGE_LAST;;1;1;XEUR;11880750;662;
06.05.2025;15:58:18.410;FMCP SI 20250620 CS;SIMPLE_INSTRUMENT;EFP_IDX;EUR;83;566.10000000;143;EXCHANGE_LAST;;1;1;XEUR;11880750;662;
06.05.2025;15:18:58.179;FMED SI 20250620 CS;SIMPLE_INSTRUMENT;BLOCK;USD;35;10728.85500000;3000;EXCHANGE_LAST;;1;1;XEUR;7939645;48144;
06.05.2025;16:05:29.156;FMEF SI 20251219 CS;SIMPLE_INSTRUMENT;BLOCK;USD;53;1160.00000000;1063;EXCHANGE_LAST;;1;1;XEUR;7408963;30657;
06.05.2025;08:32:30.473;FMEG SI 20250620 CS;SIMPLE_INSTRUMENT;BLOCK;EUR;24;336.17000000;100;EXCHANGE_LAST;;1;1;XEUR;7939092;18604;
06.05.2025;07:08:58.941;FMEM SI 20250620 CS;SIMPLE_INSTRUMENT;BLOCK;USD;20;616.36000000;163;EXCHANGE_LAST;;1;1;XEUR;7938803;12394;
06.05.2025;06:24:09.691;FMEN SI 20250620 CS;SIMPLE_INSTRUMENT;BLOCK;EUR;8;510.66600000;96;EXCHANGE_LAST;;1;1;XEUR;7939172;30652;
06.05.2025;06:57:05.719;FMES SI 20250620 CS;SIMPLE_INSTRUMENT;BLOCK;EUR;15;589.45900000;16;EXCHANGE_LAST;;1;1;XEUR;7940344;221291;
06.05.2025;06:58:42.674;FMES SI 20250620 CS;SIMPLE_INSTRUMENT;BLOCK;EUR;18;589.45900000;13;EXCHANGE_LAST;;1;1;XEUR;7940344;221291;
06.05.2025;05:47:32.625;FMEU SI 20250620 CS;SIMPLE_INSTRUMENT;EFP_IDX;EUR;7;361.01000000;55;EXCHANGE_LAST;;1;1;XEUR;7938710;7058;
06.05.2025;06:49:05.309;FMGC SI 20250620 CS;SIMPLE_INSTRUMENT;BLOCK;USD;13;13454.28000000;56;EXCHANGE_LAST;;1;1;XEUR;7939680;48916;
06.05.2025;06:41:59.003;FMGM SI 20250620 CS;SIMPLE_INSTRUMENT;EFP_IDX;USD;10;4913.47000000;137;EXCHANGE_LAST;;1;1;XEUR;8609361;583626;
06.05.2025;14:05:45.664;FMGO SI 20250620 CS;SIMPLE_INSTRUMENT;BLOCK;USD;33;5580.00000000;33;EXCHANGE_LAST;;1;1;XEUR;8609371;583623;
06.05.2025;06:43:18.093;FMGQ SI 20250620 CS;SIMPLE_INSTRUMENT;EFP_IDX;USD;11;4946.86000000;286;EXCHANGE_LAST;;1;1;XEUR;8609386;583625;
06.05.2025;01:41:51.481;FMHK SI 20250620 CS;SIMPLE_INSTRUMENT;BLOCK;USD;2;61450.00000000;37;EXCHANGE_LAST;;1;1;XEUR;7939458;45282;
06.05.2025;07:31:16.706;FMIN SI 20250620 CS;SIMPLE_INSTRUMENT;BLOCK;USD;21;1287.15000000;258;EXCHANGE_LAST;;1;1;XEUR;7938852;12404;
06.05.2025;10:20:18.264;FMIN SI 20250620 CS;SIMPLE_INSTRUMENT;BLOCK;USD;26;1270.15000000;85;EXCHANGE_LAST;;1;1;XEUR;7938852;12404;
06.05.2025;04:11:15.861;FMMY SI 20250620 CS;SIMPLE_INSTRUMENT;BLOCK;USD;3;400.03800000;40;EXCHANGE_LAST;;1;1;XEUR;7938853;12405;
06.05.2025;11:35:37.329;FMNB SI 20251218 PS AM P 48.00 0;SIMPLE_INSTRUMENT;BLOCK;EUR;20;6.62000000;250;EXCHANGE_LAST;;1;1;XEUR;12783032;658;
06.05.2025;11:35:45.077;FMNB SI 20251218 PS AM C 56.00 0;SIMPLE_INSTRUMENT;BLOCK;EUR;21;4.00000000;250;EXCHANGE_LAST;;1;1;XEUR;12884198;658;
06.05.2025;12:17:11.883;FMSA SI 20250620 CS;SIMPLE_INSTRUMENT;BLOCK;USD;29;1744.96400000;254;EXCHANGE_LAST;;1;1;XEUR;7940199;134861;
06.05.2025;06:15:09.588;FMTM SI 20250620 CS;SIMPLE_INSTRUMENT;BLOCK;USD;1;2052.15700000;12;EXCHANGE_LAST;;1;1;XEUR;12669071;1016682;
06.05.2025;11:13:51.519;FMUA SI 20250620 CS;SIMPLE_INSTRUMENT;BLOCK;USD;2;984.74800000;18;EXCHANGE_LAST;;1;1;XEUR;7939459;45284;
06.05.2025;05:45:20.844;FMUQ SI 20250620 CS;SIMPLE_INSTRUMENT;BLOCK;USD;5;5859.55000000;252;EXCHANGE_LAST;;1;1;XEUR;7939649;48146;
06.05.2025;06:57:46.312;FMUV SI 20250620 CS;SIMPLE_INSTRUMENT;EFP_IDX;USD;17;5155.38000000;1165;EXCHANGE_LAST;;1;1;XEUR;7939648;48147;
06.05.2025;07:00:34.809;FMWN SI 20250620 CS;SIMPLE_INSTRUMENT;EFP_IDX;EUR;16;534.29400000;300;EXCHANGE_LAST;;1;1;XEUR;7939177;30654;
06.05.2025;07:44:00.825;FMWN SI 20250620 CS;SIMPLE_INSTRUMENT;BLOCK;EUR;22;534.06000000;270;EXCHANGE_LAST;;1;1;XEUR;7939177;30654;
06.05.2025;05:44:38.100;FMWO SI 20250620 CS;SIMPLE_INSTRUMENT;EFP_IDX;USD;4;11858.39000000;65;EXCHANGE_LAST;;1;1;XEUR;7938711;7059;
06.05.2025;05:45:47.301;FMWO SI 20250620 CS;SIMPLE_INSTRUMENT;EFP_IDX;USD;6;11858.59000000;82;EXCHANGE_LAST;;1;1;XEUR;7938711;7059;
06.05.2025;06:36:08.005;FMWO SI 20250620 CS;SIMPLE_INSTRUMENT;EFP_IDX;USD;9;11861.64000000;76;EXCHANGE_LAST;;1;1;XEUR;7938711;7059;
06.05.2025;06:46:24.405;FMWO SI 20250620 CS;SIMPLE_INSTRUMENT;EFP_IDX;USD;12;11864.38000000;308;EXCHANGE_LAST;;1;1;XEUR;7938711;7059;
06.05.2025;06:53:26.544;FMWO SI 20250620 CS;SIMPLE_INSTRUMENT;EFP_IDX;USD;14;11860.29000000;89;EXCHANGE_LAST;;1;1;XEUR;7938711;7059;
06.05.2025;07:04:15.785;FMWO SI 20250620 CS;SIMPLE_INSTRUMENT;EFP_IDX;USD;19;11863.39000000;36;EXCHANGE_LAST;;1;1;XEUR;7938711;7059;
06.05.2025;08:18:31.559;FOAT SI 20250606 PS;SIMPLE_INSTRUMENT;EFP_FIN;EUR;1;124.75000000;285;EXCHANGE_LAST;;1;1;XEUR;11820393;749;
06.05.2025;08:35:43.233;FOAT SI 20250606 PS;SIMPLE_INSTRUMENT;EFP_FIN;EUR;2;124.73000000;412;EXCHANGE_LAST;;1;1;XEUR;11820393;749;
06.05.2025;08:46:21.581;FOAT SI 20250606 PS;SIMPLE_INSTRUMENT;EFP_FIN;EUR;3;124.88000000;221;EXCHANGE_LAST;;1;1;XEUR;11820393;749;
