#Date;TrdTime;Contract;ContractType;TrdTyp;Currency;TesId;Prc;Qty;TrdInd;Aggressor;Buy;Sell;Exch;InstrumentId;RelatedProdId;PrcDecomp
22.04.2025;08:13:45.826;1COV SI 20250620 PS AM P 60.00 0;SIMPLE_INSTRUMENT;BLOCK;EUR;1;1.41000000;1250;EXCHANGE_LAST;;1;1;XEUR;8722092;48055;
22.04.2025;12:00:24.284;A2LV SI 20271217 CS;SIMPLE_INSTRUMENT;BLOCK;EUR;23;15.70000000;50;EXCHANGE_LAST;;1;1;XEUR;5914253;12;
22.04.2025;12:03:12.690;A2LV SI 20271217 CS;SIMPLE_INSTRUMENT;BLOCK;EUR;24;15.70000000;50;EXCHANGE_LAST;;2;1;XEUR;5914253;12;
22.04.2025;11:41:31.827;A2SM SI 20261218 CS;SIMPLE_INSTRUMENT;BLOCK;EUR;17;8.10000000;200;EXCHANGE_LAST;;1;3;XEUR;6796961;15;
22.04.2025;11:35:51.040;ABBE SI 20251219 PS EU C 52.00 0;SIMPLE_INSTRUMENT;BLOCK;CHF;29;0.64000000;1169;EXCHANGE_LAST;;1;1;XEUR;9515989;574516;
22.04.2025;09:29:02.854;ABBN SI 20250516 PS AM P 39.50 0;SIMPLE_INSTRUMENT;BLOCK;CHF;15;0.85000000;1600;EXCHANGE_LAST;;1;1;XEUR;12923870;574517;
22.04.2025;09:42:27.614;ABBN SI 20250718 PS AM P 41.00 0;SIMPLE_INSTRUMENT;BLOCK;CHF;16;2.52000000;4000;EXCHANGE_LAST;;1;1;XEUR;13277926;574517;
22.04.2025;14:52:39.922;ABBN SI 20250516 PS AM C 45.00 0;SIMPLE_INSTRUMENT;BLOCK;CHF;59;0.18000000;4000;EXCHANGE_LAST;;1;1;XEUR;12854217;574517;
22.04.2025;15:14:21.807;ABBN SI 20250919 PS AM P 40.00 0;SIMPLE_INSTRUMENT;BLOCK;CHF;62;2.53000000;3000;EXCHANGE_LAST;;1;2;XEUR;11927934;574517;
22.04.2025;09:17:16.746;ADS.O.250422.BUL.000001;STANDARD_OPTION_STRATEGY;BLOCK;EUR;3;1.40000000;400;EXCHANGE_LAST;;1;1;XEUR;72057808786332798;50;
22.04.2025;09:17:16.746;ADS SI 20250516 PS AM C 220.00 0;SIMPLE_INSTRUMENT;BLOCK;EUR;3;2.50000000;400;PRC_DECOMP_EXCHANGE;;;;XEUR;12812016;50;EXCHANGE
22.04.2025;09:17:16.746;ADS SI 20250516 PS AM C 230.00 0;SIMPLE_INSTRUMENT;BLOCK;EUR;3;1.10000000;400;PRC_DECOMP_EXCHANGE;;;;XEUR;12812032;50;EXCHANGE
22.04.2025;08:33:32.864;ALV SI 20250919 PS AM P 340.00 0;SIMPLE_INSTRUMENT;BLOCK;EUR;3;18.52000000;1000;EXCHANGE_LAST;;1;1;XEUR;11871543;74;
22.04.2025;09:02:45.888;ALV.O.250422.STG.000015;STANDARD_OPTION_STRATEGY;BLOCK;EUR;5;13.40000000;300;EXCHANGE_LAST;;1;1;XEUR;72057911865570227;74;
22.04.2025;09:02:45.888;ALV SI 20250620 PS AM P 300.00 0;SIMPLE_INSTRUMENT;BLOCK;EUR;5;2.84000000;300;PRC_DECOMP_EXCHANGE;;;;XEUR;11349304;74;EXCHANGE
22.04.2025;09:02:45.888;ALV SI 20250620 PS AM C 350.00 0;SIMPLE_INSTRUMENT;BLOCK;EUR;5;10.56000000;300;PRC_DECOMP_EXCHANGE;;;;XEUR;12365304;74;EXCHANGE
22.04.2025;09:06:39.342;ALV SI 20250516 PS AM P 340.00 0;SIMPLE_INSTRUMENT;BLOCK;EUR;6;8.00000000;300;EXCHANGE_LAST;;1;1;XEUR;12812747;74;
22.04.2025;10:19:31.705;ALV SI 20251219 PS AM P 200.00 0;SIMPLE_INSTRUMENT;BLOCK;EUR;8;2.18000000;2500;EXCHANGE_LAST;;1;1;XEUR;5920780;74;
22.04.2025;09:10:43.261;ANN.O.250422.BER.000008;STANDARD_OPTION_STRATEGY;BLOCK;EUR;11;0.41000000;3500;EXCHANGE_LAST;;2;1;XEUR;72251735149670306;45202;
22.04.2025;09:10:43.261;ANN SI 20250516 PS AM P 26.00 0;SIMPLE_INSTRUMENT;BLOCK;EUR;11;0.26000000;3500;PRC_DECOMP_EXCHANGE;;;;XEUR;12838435;45202;EXCHANGE
22.04.2025;09:10:43.261;ANN SI 20250516 PS AM P 28.00 0;SIMPLE_INSTRUMENT;BLOCK;EUR;11;0.67000000;3500;PRC_DECOMP_EXCHANGE;;;;XEUR;12838443;45202;EXCHANGE
22.04.2025;12:04:16.039;ASG5 FI 20250718 CS EU P 28.0000 0;FLEXIBLE_INSTRUMENT;BLOCK;EUR;7;1.12000000;50000;EXCHANGE_LAST;;1;1;XEUR;1152921972758286318;109;
22.04.2025;12:04:22.524;ASG5 FI 20250718 CS EU P 28.0000 0;FLEXIBLE_INSTRUMENT;BLOCK;EUR;9;1.12000000;30000;EXCHANGE_LAST;;1;1;XEUR;1152921972758286318;109;
22.04.2025;12:24:38.498;ASM.O.250422.COMBO.000004;STANDARD_OPTION_STRATEGY;BLOCK;EUR;11;12.00000000;150;EXCHANGE_LAST;;1;1;XEUR;72058053599446786;107;
22.04.2025;12:24:38.498;ASM SI 20250718 PS AM C 660.00 0;SIMPLE_INSTRUMENT;BLOCK;EUR;11;10.79000000;150;PRC_DECOMP_EXCHANGE;;;;XEUR;13235320;107;EXCHANGE
22.04.2025;12:24:38.498;ASM SI 20250718 PS AM P 500.00 0;SIMPLE_INSTRUMENT;BLOCK;EUR;11;22.79000000;150;PRC_DECOMP_EXCHANGE;;;;XEUR;13235413;107;EXCHANGE
22.04.2025;11:04:18.603;ASMH SI 20250718 CS;SIMPLE_INSTRUMENT;BLOCK;EUR;13;556.47860000;50;EXCHANGE_LAST;;1;1;XEUR;11383290;3979;
22.04.2025;08:34:27.875;AXA SI 20250919 PS AM P 38.00 0;SIMPLE_INSTRUMENT;BLOCK;EUR;7;2.20000000;6000;EXCHANGE_LAST;;1;1;XEUR;11872534;127;
22.04.2025;12:06:09.459;B2AS SI 20250620 CS;SIMPLE_INSTRUMENT;BLOCK;EUR;28;2.25000000;365;EXCHANGE_LAST;;1;1;XEUR;10830335;140;
22.04.2025;15:12:19.301;B2NP SI 20250620 CS;SIMPLE_INSTRUMENT;BLOCK;EUR;76;4.79000000;132;EXCHANGE_LAST;;1;1;XEUR;10830225;131;
22.04.2025;12:12:37.605;B2YG SI 20250620 CS;SIMPLE_INSTRUMENT;BLOCK;EUR;30;2.00000000;352;EXCHANGE_LAST;;1;1;XEUR;10865361;45713;
22.04.2025;09:58:18.298;BAEI SI 20250620 CS;SIMPLE_INSTRUMENT;BLOCK;CHF;8;49.02500000;500;EXCHANGE_LAST;;1;1;XEUR;11169253;158;
22.04.2025;14:52:24.104;BAS SI 20270618 PS AM P 40.00 0;SIMPLE_INSTRUMENT;BLOCK;EUR;5;6.77000000;1000;EXCHANGE_LAST;;1;1;XEUR;11350906;150;
22.04.2025;12:12:44.451;BASG SI 20250620 CS;SIMPLE_INSTRUMENT;BLOCK;EUR;27;40.80000000;4500;EXCHANGE_LAST;;1;1;XEUR;11169531;171;
22.04.2025;10:24:05.384;BAY SI 20250620 PS AM C 23.00 0;SIMPLE_INSTRUMENT;BLOCK;EUR;2;0.95000000;5000;EXCHANGE_LAST;;1;3;XEUR;11234139;168;
22.04.2025;12:53:19.784;BAY.O.250422.RBUL.000010;STANDARD_OPTION_STRATEGY;BLOCK;EUR;3;-0.29000000;5000;EXCHANGE_LAST;;1;3;XEUR;72058315592509922;168;
22.04.2025;12:53:19.784;BAY SI 20250620 PS AM C 26.00 0;SIMPLE_INSTRUMENT;BLOCK;EUR;3;0.29000000;10000;PRC_DECOMP_EXCHANGE;;;;XEUR;10324700;168;EXCHANGE
22.04.2025;12:53:19.784;BAY SI 20250620 PS AM C 23.00 0;SIMPLE_INSTRUMENT;BLOCK;EUR;3;0.87000000;5000;PRC_DECOMP_EXCHANGE;;;;XEUR;11234139;168;EXCHANGE
22.04.2025;15:39:19.026;BAY.O.250422.BLT.000015;STANDARD_OPTION_STRATEGY;BLOCK;EUR;7;1.70000000;2000;EXCHANGE_LAST;;2;1;XEUR;72058315592509927;168;
22.04.2025;15:39:19.026;BAY SI 20250620 PS AM C 25.00 0;SIMPLE_INSTRUMENT;BLOCK;EUR;7;0.49000000;2000;PRC_DECOMP_EXCHANGE;;;;XEUR;11992382;168;EXCHANGE
22.04.2025;15:39:19.026;BAY SI 20260619 PS AM C 25.00 0;SIMPLE_INSTRUMENT;BLOCK;EUR;7;2.19000000;2000;PRC_DECOMP_EXCHANGE;;;;XEUR;12334041;168;EXCHANGE
22.04.2025;12:50:42.826;BEI SI 20250919 PS AM P 120.00 0;SIMPLE_INSTRUMENT;BLOCK;EUR;16;7.67000000;500;EXCHANGE_LAST;;1;1;XEUR;11873596;176;
22.04.2025;12:50:42.770;BEI SI 20250919 PS AM C 124.00 0;SIMPLE_INSTRUMENT;BLOCK;EUR;17;4.83000000;500;EXCHANGE_LAST;;1;1;XEUR;13089105;176;
22.04.2025;09:53:39.471;BMW SI 20250516 PS AM P 60.00 0;SIMPLE_INSTRUMENT;BLOCK;EUR;11;0.77000000;450;EXCHANGE_LAST;;1;1;XEUR;13102110;210;
22.04.2025;13:21:02.715;BNP SI 20261218 PS AM P 46.00 0;SIMPLE_INSTRUMENT;BLOCK;EUR;36;3.07000000;1250;EXCHANGE_LAST;;1;1;XEUR;10801578;237;
22.04.2025;14:21:55.812;BNP SI 20251219 PS AM P 72.00 0;SIMPLE_INSTRUMENT;BLOCK;EUR;37;9.98000000;750;EXCHANGE_LAST;;1;1;XEUR;6371616;237;
22.04.2025;14:21:56.435;BNP SI 20251219 PS AM P 60.00 0;SIMPLE_INSTRUMENT;BLOCK;EUR;38;4.14000000;750;EXCHANGE_LAST;;1;1;XEUR;5995681;237;
22.04.2025;15:12:04.181;BNPH SI 20250620 CS;SIMPLE_INSTRUMENT;BLOCK;EUR;75;67.26000000;1500;EXCHANGE_LAST;;1;1;XEUR;11170600;236;
22.04.2025;12:11:47.022;BYGG SI 20250620 CS;SIMPLE_INSTRUMENT;BLOCK;EUR;29;35.71190000;4000;EXCHANGE_LAST;;1;1;XEUR;11171272;281;
22.04.2025;13:39:36.774;CR5J SI 20250619 CS;SIMPLE_INSTRUMENT;BLOCK;EUR;33;48.13750000;6500;EXCHANGE_LAST;;1;2;XEUR;11164005;50861;
22.04.2025;13:51:17.389;CR5J SI 20250619 CS;SIMPLE_INSTRUMENT;BLOCK;EUR;60;48.13750000;6000;EXCHANGE_LAST;;1;1;XEUR;11164005;50861;
22.04.2025;08:09:37.866;CRI5.O.250422.STD.000001;STANDARD_OPTION_STRATEGY;BLOCK;EUR;1;11.94000000;2000;EXCHANGE_LAST;;1;1;XEUR;72058968427474860;320;
22.04.2025;08:09:37.866;CRI5 SI 20251218 PS AM C 52.00 0;SIMPLE_INSTRUMENT;BLOCK;EUR;1;4.11300000;2000;PRC_DECOMP_EXCHANGE;;;;XEUR;10556004;320;EXCHANGE
22.04.2025;08:09:37.866;CRI5 SI 20251218 PS AM P 52.00 0;SIMPLE_INSTRUMENT;BLOCK;EUR;1;7.82700000;2000;PRC_DECOMP_EXCHANGE;;;;XEUR;10556001;320;EXCHANGE
22.04.2025;09:43:00.827;D3AI SI 20250620 CS;SIMPLE_INSTRUMENT;BLOCK;EUR;6;4.30000000;50;EXCHANGE_LAST;;1;1;XEUR;10884356;443197;
22.04.2025;07:54:22.211;DAI.O.250422.STD.000008;STANDARD_OPTION_STRATEGY;BLOCK;EUR;1;6.27000000;3000;EXCHANGE_LAST;;1;1;XEUR;73961106363665190;443196;
22.04.2025;07:54:22.211;DAI SI 20250620 PS AM P 50.00 0;SIMPLE_INSTRUMENT;BLOCK;EUR;1;4.44000000;3000;PRC_DECOMP_EXCHANGE;;;;XEUR;11407736;443196;EXCHANGE
22.04.2025;07:54:22.211;DAI SI 20250620 PS AM C 50.00 0;SIMPLE_INSTRUMENT;BLOCK;EUR;1;1.83000000;3000;PRC_DECOMP_EXCHANGE;;;;XEUR;11407739;443196;EXCHANGE
22.04.2025;09:12:42.918;DAI.O.250422.STD.000016;STANDARD_OPTION_STRATEGY;BLOCK;EUR;7;9.65000000;2750;EXCHANGE_LAST;;3;1;XEUR;73961106363665198;443196;
22.04.2025;09:12:42.918;DAI SI 20251219 PS AM P 50.00 0;SIMPLE_INSTRUMENT;BLOCK;EUR;7;5.86000000;2750;PRC_DECOMP_EXCHANGE;;;;XEUR;12490173;443196;EXCHANGE
22.04.2025;09:12:42.918;DAI SI 20251219 PS AM C 50.00 0;SIMPLE_INSTRUMENT;BLOCK;EUR;7;3.79000000;2750;PRC_DECOMP_EXCHANGE;;;;XEUR;12490179;443196;EXCHANGE
22.04.2025;10:29:39.252;DAI.O.250422.COMBO.000017;STANDARD_OPTION_STRATEGY;BLOCK;EUR;12;1.06000000;2500;EXCHANGE_LAST;;2;2;XEUR;73961106363665199;443196;
22.04.2025;10:29:39.252;DAI SI 20251219 PS AM P 40.00 0;SIMPLE_INSTRUMENT;BLOCK;EUR;12;2.11000000;2500;PRC_DECOMP_EXCHANGE;;;;XEUR;7737740;443196;EXCHANGE
22.04.2025;10:29:39.252;DAI SI 20251219 PS AM C 60.00 0;SIMPLE_INSTRUMENT;BLOCK;EUR;12;1.05000000;2500;PRC_DECOMP_EXCHANGE;;;;XEUR;7144524;443196;EXCHANGE
22.04.2025;12:51:21.025;DAI.O.250422.BRT.000021;STANDARD_OPTION_STRATEGY;BLOCK;EUR;18;3.50000000;2500;EXCHANGE_LAST;;2;1;XEUR;73961106363665203;443196;
22.04.2025;12:51:21.025;DAI SI 20250919 PS AM P 50.00 0;SIMPLE_INSTRUMENT;BLOCK;EUR;18;5.11000000;2500;PRC_DECOMP_EXCHANGE;;;;XEUR;11925616;443196;EXCHANGE
22.04.2025;12:51:21.025;DAI SI 20261218 PS AM P 50.00 0;SIMPLE_INSTRUMENT;BLOCK;EUR;18;8.61000000;2500;PRC_DECOMP_EXCHANGE;;;;XEUR;7722758;443196;EXCHANGE
22.04.2025;13:33:33.600;DAI.O.250422.STD.000022;STANDARD_OPTION_STRATEGY;BLOCK;EUR;21;12.68000000;2000;EXCHANGE_LAST;;1;1;XEUR;73961106363665204;443196;
22.04.2025;13:33:33.600;DAI SI 20260619 PS AM C 48.00 0;SIMPLE_INSTRUMENT;BLOCK;EUR;21;5.86000000;2000;PRC_DECOMP_EXCHANGE;;;;XEUR;9598289;443196;EXCHANGE
22.04.2025;13:33:33.600;DAI SI 20260619 PS AM P 48.00 0;SIMPLE_INSTRUMENT;BLOCK;EUR;21;6.82000000;2000;PRC_DECOMP_EXCHANGE;;;;XEUR;9598287;443196;EXCHANGE
22.04.2025;09:44:56.683;DAIG SI 20250620 CS;SIMPLE_INSTRUMENT;BLOCK;EUR;7;47.30000000;595;EXCHANGE_LAST;;1;1;XEUR;11207841;443203;
22.04.2025;08:36:05.391;DBK.O.250422.STD.000003;STANDARD_OPTION_STRATEGY;BLOCK;EUR;2;5.06000000;3000;EXCHANGE_LAST;;1;1;XEUR;72059148816161606;362;
22.04.2025;08:36:05.391;DBK SI 20251219 PS AM C 21.00 0;SIMPLE_INSTRUMENT;BLOCK;EUR;2;2.41000000;3000;PRC_DECOMP_EXCHANGE;;;;XEUR;11094188;362;EXCHANGE
22.04.2025;08:36:05.391;DBK SI 20251219 PS AM P 21.00 0;SIMPLE_INSTRUMENT;BLOCK;EUR;2;2.65000000;3000;PRC_DECOMP_EXCHANGE;;;;XEUR;11094189;362;EXCHANGE
22.04.2025;12:16:57.922;DBK SI 20250620 PS AM C 19.00 0;SIMPLE_INSTRUMENT;BLOCK;EUR;13;2.51000000;5000;EXCHANGE_LAST;;1;1;XEUR;11094149;362;
22.04.2025;13:16:33.702;DBK SI 20251219 PS AM C 23.50 0;SIMPLE_INSTRUMENT;BLOCK;EUR;18;1.42000000;2500;EXCHANGE_LAST;;1;1;XEUR;11094181;362;
22.04.2025;13:51:40.873;DSM SI 20250718 PS AM C 100.00 0;SIMPLE_INSTRUMENT;BLOCK;EUR;14;1.15000000;780;EXCHANGE_LAST;;1;1;XEUR;13240073;436;
22.04.2025;13:51:53.874;DSM SI 20250718 PS AM C 100.00 0;SIMPLE_INSTRUMENT;BLOCK;EUR;15;1.16000000;811;EXCHANGE_LAST;;1;1;XEUR;13240073;436;
22.04.2025;08:52:32.939;DTE SI 20250919 PS AM P 24.00 0;SIMPLE_INSTRUMENT;BLOCK;EUR;9;0.20000000;7500;EXCHANGE_LAST;;1;1;XEUR;11878522;424;
22.04.2025;08:52:39.714;DTE SI 20250919 PS AM P 24.00 0;SIMPLE_INSTRUMENT;BLOCK;EUR;10;0.21000000;2500;EXCHANGE_LAST;;1;1;XEUR;11878522;424;
22.04.2025;09:50:22.495;DTE SI 20251219 PS AM P 30.00 0;SIMPLE_INSTRUMENT;BLOCK;EUR;13;1.54000000;6500;EXCHANGE_LAST;;1;2;XEUR;12052911;424;
22.04.2025;09:50:14.031;DTE SI 20251219 PS AM P 30.00 0;SIMPLE_INSTRUMENT;BLOCK;EUR;14;1.55000000;6500;EXCHANGE_LAST;;1;2;XEUR;12052911;424;
22.04.2025;10:41:02.034;DTE SI 20250620 PS AM P 30.50 0;SIMPLE_INSTRUMENT;BLOCK;EUR;16;0.75000000;1600;EXCHANGE_LAST;;1;1;XEUR;12352697;424;
22.04.2025;13:05:51.297;DTE SI 20251219 PS AM P 24.00 0;SIMPLE_INSTRUMENT;BLOCK;EUR;19;0.36000000;6500;EXCHANGE_LAST;;2;1;XEUR;5927134;424;
22.04.2025;13:26:17.862;DTE SI 20250620 PS AM P 28.00 0;SIMPLE_INSTRUMENT;BLOCK;EUR;20;0.26000000;2000;EXCHANGE_LAST;;1;1;XEUR;7902018;424;
22.04.2025;11:12:51.376;DTG SI 20250516 PS AM P 28.00 0;SIMPLE_INSTRUMENT;BLOCK;EUR;15;0.33000000;800;EXCHANGE_LAST;;1;1;XEUR;12852620;455942;
22.04.2025;16:11:29.498;E2NL SI 20250919 CS;SIMPLE_INSTRUMENT;BLOCK;EUR;89;0.47000000;11125;EXCHANGE_LAST;;1;1;XEUR;11357671;471;
22.04.2025;08:18:38.681;EAD SI 20251219 PS AM C 170.00 0;SIMPLE_INSTRUMENT;BLOCK;EUR;5;3.30000000;800;EXCHANGE_LAST;;2;2;XEUR;13242492;465;
22.04.2025;09:14:14.397;EAD SI 20250620 PS AM C 160.00 0;SIMPLE_INSTRUMENT;BLOCK;EUR;9;0.85000000;2000;EXCHANGE_LAST;;1;1;XEUR;13242220;465;
22.04.2025;09:14:16.779;EAD SI 20250620 PS AM C 150.00 0;SIMPLE_INSTRUMENT;BLOCK;EUR;10;2.60000000;2000;EXCHANGE_LAST;;1;1;XEUR;13242224;465;
22.04.2025;09:38:44.943;EAD.O.250422.BUL.000004;STANDARD_OPTION_STRATEGY;BLOCK;EUR;14;1.50000000;2000;EXCHANGE_LAST;;1;4;XEUR;72059591197747956;465;
22.04.2025;09:38:44.943;EAD SI 20250620 PS AM C 160.00 0;SIMPLE_INSTRUMENT;BLOCK;EUR;14;0.88000000;2000;PRC_DECOMP_EXCHANGE;;;;XEUR;13242220;465;EXCHANGE
22.04.2025;09:38:44.943;EAD SI 20250620 PS AM C 150.00 0;SIMPLE_INSTRUMENT;BLOCK;EUR;14;2.38000000;2000;PRC_DECOMP_EXCHANGE;;;;XEUR;13242224;465;EXCHANGE
22.04.2025;12:59:40.367;ENL5 SI 20250430 PS AM C 7.40 0;SIMPLE_INSTRUMENT;BLOCK;EUR;13;0.14500000;990;EXCHANGE_LAST;;1;1;XEUR;13004229;500;
22.04.2025;16:11:03.997;ENLH SI 20250918 CS;SIMPLE_INSTRUMENT;BLOCK;EUR;88;7.30700000;25000;EXCHANGE_LAST;;1;1;XEUR;11694243;524976;
22.04.2025;07:26:03.410;ENR SI 20250516 PS AM C 68.00 0;SIMPLE_INSTRUMENT;BLOCK;EUR;4;2.00000000;800;EXCHANGE_LAST;;1;1;XEUR;12848120;298530;
22.04.2025;07:39:47.392;ENR SI 20250516 PS AM P 50.00 0;SIMPLE_INSTRUMENT;BLOCK;EUR;5;0.55000000;521;EXCHANGE_LAST;;1;1;XEUR;12847977;298530;
22.04.2025;07:40:13.010;ENR SI 20250516 PS AM C 72.00 0;SIMPLE_INSTRUMENT;BLOCK;EUR;6;1.00000000;362;EXCHANGE_LAST;;1;1;XEUR;12848139;298530;
22.04.2025;09:17:27.868;ENR SI 20250516 PS AM C 72.00 0;SIMPLE_INSTRUMENT;BLOCK;EUR;12;1.18000000;1000;EXCHANGE_LAST;;1;1;XEUR;12848139;298530;
22.04.2025;09:49:26.419;ENR SI 20250620 PS AM C 68.00 0;SIMPLE_INSTRUMENT;BLOCK;EUR;15;3.66000000;1000;EXCHANGE_LAST;;1;1;XEUR;12229466;298530;
22.04.2025;11:45:25.343;ENR SI 20250620 PS AM C 72.00 0;SIMPLE_INSTRUMENT;BLOCK;EUR;18;2.60000000;2500;EXCHANGE_LAST;;3;1;XEUR;12229468;298530;
22.04.2025;12:14:04.411;EOA SI 20250516 PS AM C 15.80 0;SIMPLE_INSTRUMENT;BLOCK;EUR;16;0.23000000;2612;EXCHANGE_LAST;;1;1;XEUR;13107477;49065;
22.04.2025;08:11:44.393;FBTP SI 20250606 PS;SIMPLE_INSTRUMENT;BLOCK;EUR;1;119.67000000;2323;EXCHANGE_LAST;;1;1;XEUR;11820365;636;
22.04.2025;08:58:47.562;FBTP SI 20250606 PS;SIMPLE_INSTRUMENT;EFP_FIN;EUR;2;119.67000000;844;EXCHANGE_LAST;;1;1;XEUR;11820365;636;
22.04.2025;10:06:06.338;FBTP SI 20250606 PS;SIMPLE_INSTRUMENT;BLOCK;EUR;3;119.73000000;546;EXCHANGE_LAST;;1;1;XEUR;11820365;636;
22.04.2025;10:07:31.743;FBTP SI 20250606 PS;SIMPLE_INSTRUMENT;BLOCK;EUR;4;119.74000000;273;EXCHANGE_LAST;;1;1;XEUR;11820365;636;
22.04.2025;10:08:36.179;FBTP SI 20250606 PS;SIMPLE_INSTRUMENT;BLOCK;EUR;5;119.72000000;273;EXCHANGE_LAST;;1;1;XEUR;11820365;636;
22.04.2025;10:53:43.069;FBTP SI 20250606 PS;SIMPLE_INSTRUMENT;EFP_FIN;EUR;6;119.65000000;442;EXCHANGE_LAST;;1;1;XEUR;11820365;636;
22.04.2025;11:11:20.955;FBTP SI 20250606 PS;SIMPLE_INSTRUMENT;EFP_FIN;EUR;7;119.64000000;748;EXCHANGE_LAST;;1;1;XEUR;11820365;636;
22.04.2025;11:29:31.851;FBTP SI 20250606 PS;SIMPLE_INSTRUMENT;EFS;EUR;8;119.64000000;665;EXCHANGE_LAST;;1;1;XEUR;11820365;636;
22.04.2025;11:34:23.666;FBTP SI 20250606 PS;SIMPLE_INSTRUMENT;EFP_FIN;EUR;9;119.69000000;113;EXCHANGE_LAST;;1;1;XEUR;11820365;636;
22.04.2025;11:58:16.126;FBTP SI 20250606 PS;SIMPLE_INSTRUMENT;EFP_FIN;EUR;10;119.66000000;843;EXCHANGE_LAST;;1;1;XEUR;11820365;636;
22.04.2025;11:59:24.172;FBTP SI 20250606 PS;SIMPLE_INSTRUMENT;EFP_FIN;EUR;11;119.67000000;164;EXCHANGE_LAST;;1;1;XEUR;11820365;636;
22.04.2025;12:23:19.075;FBTP SI 20250606 PS;SIMPLE_INSTRUMENT;EFP_FIN;EUR;12;119.67000000;109;EXCHANGE_LAST;;1;1;XEUR;11820365;636;
22.04.2025;12:47:27.480;FBTP SI 20250606 PS;SIMPLE_INSTRUMENT;EFP_FIN;EUR;13;119.66000000;486;EXCHANGE_LAST;;1;1;XEUR;11820365;636;
22.04.2025;14:00:24.508;FBTP SI 20250606 PS;SIMPLE_INSTRUMENT;EFP_FIN;EUR;14;119.79000000;599;EXCHANGE_LAST;;1;1;XEUR;11820365;636;
22.04.2025;14:45:23.644;FBTP SI 20250606 PS;SIMPLE_INSTRUMENT;EFS;EUR;15;119.67000000;1139;EXCHANGE_LAST;;1;1;XEUR;11820365;636;
22.04.2025;14:51:30.377;FBTP SI 20250606 PS;SIMPLE_INSTRUMENT;EFP_FIN;EUR;17;119.83000000;898;EXCHANGE_LAST;;1;1;XEUR;11820365;636;
22.04.2025;08:30:47.114;FBTP SI 20250606 PS;SIMPLE_INSTRUMENT;VOLA;EUR;268435484;119.63000000;14;EXCHANGE_LAST;;1;1;XEUR;11820365;636;
22.04.2025;10:25:21.263;FBTS SI 20250606 PS;SIMPLE_INSTRUMENT;EFP_FIN;EUR;4;108.16000000;857;EXCHANGE_LAST;;1;1;XEUR;11820367;639;
22.04.2025;10:37:44.996;FBTS SI 20250606 PS;SIMPLE_INSTRUMENT;EFP_FIN;EUR;5;108.18000000;173;EXCHANGE_LAST;;1;1;XEUR;11820367;639;
22.04.2025;11:14:52.499;FBTS SI 20250606 PS;SIMPLE_INSTRUMENT;EFP_FIN;EUR;6;108.18000000;476;EXCHANGE_LAST;;1;1;XEUR;11820367;639;
22.04.2025;11:20:14.791;FBTS SI 20250606 PS;SIMPLE_INSTRUMENT;EFP_FIN;EUR;7;108.18000000;238;EXCHANGE_LAST;;1;1;XEUR;11820367;639;
22.04.2025;12:24:12.893;FBTS SI 20250606 PS;SIMPLE_INSTRUMENT;EFP_FIN;EUR;10;108.17000000;476;EXCHANGE_LAST;;1;1;XEUR;11820367;639;
22.04.2025;12:41:12.263;FBTS SI 20250606 PS;SIMPLE_INSTRUMENT;EFP_FIN;EUR;11;108.17000000;238;EXCHANGE_LAST;;1;1;XEUR;11820367;639;
22.04.2025;07:05:07.492;FCEU SI 20250616 PS;SIMPLE_INSTRUMENT;BLOCK;USD;1;1.15380000;488;EXCHANGE_LAST;;1;1;XEUR;7879022;369376;
22.04.2025;08:57:49.479;FCZU SI 20250616 CS;SIMPLE_INSTRUMENT;BLOCK;USD;2;0.05328000;150;EXCHANGE_LAST;;1;1;XEUR;11855446;570872;
22.04.2025;14:04:00.824;FD3D SI 20261218 CS;SIMPLE_INSTRUMENT;BLOCK;EUR;17;107.70000000;75;EXCHANGE_LAST;;1;1;XEUR;7158183;588;
22.04.2025;14:04:12.850;FD3D SI 20261218 CS;SIMPLE_INSTRUMENT;BLOCK;EUR;18;107.80000000;75;EXCHANGE_LAST;;1;1;XEUR;7158183;588;
22.04.2025;15:49:39.610;FDAX SI 20250620 CS;SIMPLE_INSTRUMENT;EFP_IDX;EUR;1;21451.00000000;40;EXCHANGE_LAST;;1;1;XEUR;7903800;589;
22.04.2025;15:49:47.623;FDAX SI 20250620 CS;SIMPLE_INSTRUMENT;EFP_IDX;EUR;2;21452.00000000;46;EXCHANGE_LAST;;1;1;XEUR;7903800;589;
22.04.2025;10:11:10.624;FDAX SI 20250620 CS;SIMPLE_INSTRUMENT;VOLA;EUR;671088647;21327.00000000;70;EXCHANGE_LAST;;1;1;XEUR;7903800;589;
22.04.2025;10:49:45.965;FDAX SI 20250620 CS;SIMPLE_INSTRUMENT;VOLA;EUR;671088649;21265.00000000;7;EXCHANGE_LAST;;1;1;XEUR;7903800;589;
22.04.2025;14:49:47.193;FDAX SI 20250620 CS;SIMPLE_INSTRUMENT;VOLA;EUR;671088660;21310.00000000;25;EXCHANGE_LAST;;1;1;XEUR;7903800;589;
22.04.2025;09:48:25.533;FEBD.S.DEC26.DEC27.SPD;FUTURES_SPREAD;BLOCK;EUR;3;0.79000000;100;EXCHANGE_LAST;;1;1;XEUR;72060158133407026;597;
22.04.2025;09:48:25.533;FEBD SI 20271217 CS;SIMPLE_INSTRUMENT;BLOCK;EUR;3;9.29000000;100;PRC_DECOMP_MEMBER;;;;XEUR;7776307;597;MEMBER
22.04.2025;09:48:25.533;FEBD SI 20261218 CS;SIMPLE_INSTRUMENT;BLOCK;EUR;3;10.08000000;100;PRC_DECOMP_MEMBER;;;;XEUR;7158212;597;MEMBER
22.04.2025;10:19:00.748;FEBD SI 20261218 CS;SIMPLE_INSTRUMENT;BLOCK;EUR;4;10.07000000;500;EXCHANGE_LAST;;2;1;XEUR;7158212;597;
22.04.2025;10:19:17.879;FEBD SI 20271217 CS;SIMPLE_INSTRUMENT;BLOCK;EUR;5;9.27000000;750;EXCHANGE_LAST;;1;1;XEUR;7776307;597;
22.04.2025;10:19:26.880;FEBD SI 20271217 CS;SIMPLE_INSTRUMENT;BLOCK;EUR;6;9.28000000;750;EXCHANGE_LAST;;1;1;XEUR;7776307;597;
22.04.2025;10:25:56.274;FEBD SI 20271217 CS;SIMPLE_INSTRUMENT;BLOCK;EUR;7;9.28000000;500;EXCHANGE_LAST;;1;1;XEUR;7776307;597;
22.04.2025;10:57:39.189;FEBD SI 20251219 CS;SIMPLE_INSTRUMENT;BLOCK;EUR;8;11.12000000;2000;EXCHANGE_LAST;;3;1;XEUR;5914075;597;
22.04.2025;11:05:44.076;FEBD SI 20251219 CS;SIMPLE_INSTRUMENT;BLOCK;EUR;9;11.12000000;500;EXCHANGE_LAST;;1;1;XEUR;5914075;597;
22.04.2025;11:20:14.851;FEBD SI 20251219 CS;SIMPLE_INSTRUMENT;BLOCK;EUR;10;11.12000000;1000;EXCHANGE_LAST;;1;1;XEUR;5914075;597;
22.04.2025;12:24:47.089;FEBD SI 20251219 CS;SIMPLE_INSTRUMENT;BLOCK;EUR;13;11.12000000;250;EXCHANGE_LAST;;1;1;XEUR;5914075;597;
22.04.2025;12:46:20.856;FEBD SI 20271217 CS;SIMPLE_INSTRUMENT;BLOCK;EUR;14;9.26000000;500;EXCHANGE_LAST;;2;1;XEUR;7776307;597;
22.04.2025;14:52:54.676;FEBD.S.DEC26.DEC27.SPD;FUTURES_SPREAD;BLOCK;EUR;24;0.77000000;500;EXCHANGE_LAST;;1;1;XEUR;72060158133407026;597;
22.04.2025;14:52:54.676;FEBD SI 20271217 CS;SIMPLE_INSTRUMENT;BLOCK;EUR;24;9.28000000;500;PRC_DECOMP_MEMBER;;;;XEUR;7776307;597;MEMBER
22.04.2025;14:52:54.676;FEBD SI 20261218 CS;SIMPLE_INSTRUMENT;BLOCK;EUR;24;10.05000000;500;PRC_DECOMP_MEMBER;;;;XEUR;7158212;597;MEMBER
22.04.2025;15:22:48.614;FEBD SI 20261218 CS;SIMPLE_INSTRUMENT;BLOCK;EUR;26;10.06000000;500;EXCHANGE_LAST;;1;1;XEUR;7158212;597;
22.04.2025;15:36:40.113;FEBD SI 20271217 CS;SIMPLE_INSTRUMENT;BLOCK;EUR;28;9.28000000;125;EXCHANGE_LAST;;1;1;XEUR;7776307;597;
22.04.2025;15:37:08.569;FEBD SI 20271217 CS;SIMPLE_INSTRUMENT;BLOCK;EUR;29;9.29000000;125;EXCHANGE_LAST;;1;1;XEUR;7776307;597;
22.04.2025;15:39:54.904;FEBD SI 20271217 CS;SIMPLE_INSTRUMENT;BLOCK;EUR;32;9.27000000;250;EXCHANGE_LAST;;1;1;XEUR;7776307;597;
22.04.2025;15:40:13.040;FEBD SI 20271217 CS;SIMPLE_INSTRUMENT;BLOCK;EUR;33;9.28000000;250;EXCHANGE_LAST;;1;1;XEUR;7776307;597;
22.04.2025;15:40:35.810;FEBD SI 20261218 CS;SIMPLE_INSTRUMENT;BLOCK;EUR;34;10.06000000;500;EXCHANGE_LAST;;1;1;XEUR;7158212;597;
22.04.2025;12:21:46.711;FECX SI 20250620 CS;SIMPLE_INSTRUMENT;BLOCK;EUR;12;167.01000000;75;EXCHANGE_LAST;;1;1;XEUR;11949125;410158;
22.04.2025;14:39:12.563;FECX SI 20250620 CS;SIMPLE_INSTRUMENT;BLOCK;EUR;21;167.06000000;130;EXCHANGE_LAST;;1;1;XEUR;11949125;410158;
22.04.2025;14:57:16.810;FEDV SI 20250620 CS;SIMPLE_INSTRUMENT;BLOCK;EUR;25;1798.00000000;4000;EXCHANGE_LAST;;2;2;XEUR;11880642;596;
22.04.2025;15:46:22.695;FESB SI 20250620 CS;SIMPLE_INSTRUMENT;EFP_IDX;EUR;35;173.75000000;504;EXCHANGE_LAST;;1;1;XEUR;11880665;605;
22.04.2025;15:46:30.695;FESB SI 20250620 CS;SIMPLE_INSTRUMENT;EFP_IDX;EUR;36;173.80000000;336;EXCHANGE_LAST;;1;1;XEUR;11880665;605;
22.04.2025;08:49:01.580;FESB SI 20250620 CS;SIMPLE_INSTRUMENT;VOLA;EUR;603979784;173.15000000;600;EXCHANGE_LAST;;1;1;XEUR;11880665;605;
22.04.2025;15:59:04.256;FESU SI 20250620 CS;SIMPLE_INSTRUMENT;EFP_IDX;EUR;10;436.20000000;201;EXCHANGE_LAST;;1;1;XEUR;11880931;673;
22.04.2025;15:59:50.426;FESU SI 20250620 CS;SIMPLE_INSTRUMENT;EFP_IDX;EUR;11;436.30000000;200;EXCHANGE_LAST;;1;1;XEUR;11880931;673;
22.04.2025;11:20:49.979;FESX SI 20250620 CS;SIMPLE_INSTRUMENT;EFP_IDX;EUR;1;4850.00000000;3000;EXCHANGE_LAST;;1;1;XEUR;7904020;675;
22.04.2025;13:39:21.694;FESX SI 20250620 CS;SIMPLE_INSTRUMENT;EFP_IDX;EUR;2;4870.00000000;1000;EXCHANGE_LAST;;1;1;XEUR;7904020;675;
22.04.2025;13:41:01.300;FESX SI 20250620 CS;SIMPLE_INSTRUMENT;EFP_IDX;EUR;3;4870.00000000;1000;EXCHANGE_LAST;;1;1;XEUR;7904020;675;
22.04.2025;14:19:04.627;FESX SI 20250620 CS;SIMPLE_INSTRUMENT;BLOCK;EUR;4;4875.00000000;5000;EXCHANGE_LAST;;1;1;XEUR;7904020;675;
22.04.2025;15:39:42.775;FESX SI 20250620 CS;SIMPLE_INSTRUMENT;EFP_IDX;EUR;5;4907.00000000;129;EXCHANGE_LAST;;1;1;XEUR;7904020;675;
22.04.2025;15:39:51.376;FESX SI 20250620 CS;SIMPLE_INSTRUMENT;EFP_IDX;EUR;6;4908.00000000;301;EXCHANGE_LAST;;1;1;XEUR;7904020;675;
22.04.2025;15:42:38.690;FESX SI 20250620 CS;SIMPLE_INSTRUMENT;EFP_IDX;EUR;7;4907.00000000;53;EXCHANGE_LAST;;1;1;XEUR;7904020;675;
22.04.2025;15:42:51.299;FESX SI 20250620 CS;SIMPLE_INSTRUMENT;EFP_IDX;EUR;8;4906.00000000;53;EXCHANGE_LAST;;1;1;XEUR;7904020;675;
22.04.2025;15:56:22.910;FESX SI 20250620 CS;SIMPLE_INSTRUMENT;EFP_IDX;EUR;9;4907.00000000;616;EXCHANGE_LAST;;1;1;XEUR;7904020;675;
22.04.2025;15:56:36.762;FESX SI 20250620 CS;SIMPLE_INSTRUMENT;EFP_IDX;EUR;10;4908.00000000;154;EXCHANGE_LAST;;1;1;XEUR;7904020;675;
22.04.2025;15:56:36.162;FESX SI 20250620 CS;SIMPLE_INSTRUMENT;EFP_IDX;EUR;11;4908.00000000;64;EXCHANGE_LAST;;1;1;XEUR;7904020;675;
22.04.2025;15:56:48.928;FESX SI 20250620 CS;SIMPLE_INSTRUMENT;EFP_IDX;EUR;12;4907.00000000;256;EXCHANGE_LAST;;1;1;XEUR;7904020;675;
22.04.2025;15:57:32.958;FESX SI 20250620 CS;SIMPLE_INSTRUMENT;EFP_IDX;EUR;13;4907.00000000;180;EXCHANGE_LAST;;1;1;XEUR;7904020;675;
22.04.2025;15:57:52.226;FESX SI 20250620 CS;SIMPLE_INSTRUMENT;EFP_IDX;EUR;14;4908.00000000;420;EXCHANGE_LAST;;1;1;XEUR;7904020;675;
22.04.2025;16:00:32.041;FESX SI 20250620 CS;SIMPLE_INSTRUMENT;EFP_IDX;EUR;15;4907.00000000;330;EXCHANGE_LAST;;1;1;XEUR;7904020;675;
22.04.2025;16:00:55.419;FESX SI 20250620 CS;SIMPLE_INSTRUMENT;EFP_IDX;EUR;16;4908.00000000;270;EXCHANGE_LAST;;1;1;XEUR;7904020;675;
22.04.2025;16:00:28.917;FESX SI 20250620 CS;SIMPLE_INSTRUMENT;EFP_IDX;EUR;17;4907.00000000;621;EXCHANGE_LAST;;1;1;XEUR;7904020;675;
22.04.2025;16:01:14.139;FESX SI 20250620 CS;SIMPLE_INSTRUMENT;EFP_IDX;EUR;18;4908.00000000;509;EXCHANGE_LAST;;1;1;XEUR;7904020;675;
22.04.2025;08:52:57.408;FESX SI 20250620 CS;SIMPLE_INSTRUMENT;VOLA;EUR;637534232;4850.00000000;187;EXCHANGE_LAST;;1;1;XEUR;7904020;675;
22.04.2025;08:54:46.870;FESX SI 20250620 CS;SIMPLE_INSTRUMENT;VOLA;EUR;637534233;4850.00000000;593;EXCHANGE_LAST;;1;1;XEUR;7904020;675;
22.04.2025;09:20:26.419;FESX SI 20250620 CS;SIMPLE_INSTRUMENT;VOLA;EUR;637534243;4870.00000000;120;EXCHANGE_LAST;;1;1;XEUR;7904020;675;
22.04.2025;09:21:31.518;FESX SI 20250620 CS;SIMPLE_INSTRUMENT;VOLA;EUR;637534244;4869.00000000;30;EXCHANGE_LAST;;1;1;XEUR;7904020;675;
22.04.2025;10:34:10.521;FESX SI 20250620 CS;SIMPLE_INSTRUMENT;VOLA;EUR;637534256;4862.00000000;1332;EXCHANGE_LAST;;1;1;XEUR;7904020;675;
22.04.2025;10:43:58.724;FESX SI 20250620 CS;SIMPLE_INSTRUMENT;VOLA;EUR;637534261;4850.00000000;320;EXCHANGE_LAST;;1;1;XEUR;7904020;675;
22.04.2025;10:44:49.491;FESX SI 20250620 CS;SIMPLE_INSTRUMENT;VOLA;EUR;637534262;4850.00000000;190;EXCHANGE_LAST;;1;1;XEUR;7904020;675;
22.04.2025;11:30:27.580;FESX SI 20250620 CS;SIMPLE_INSTRUMENT;VOLA;EUR;637534268;4855.00000000;129;EXCHANGE_LAST;;1;1;XEUR;7904020;675;
22.04.2025;11:42:01.902;FESX SI 20250620 CS;SIMPLE_INSTRUMENT;VOLA;EUR;637534270;4845.00000000;15;EXCHANGE_LAST;;1;1;XEUR;7904020;675;
22.04.2025;11:56:16.945;FESX SI 20250620 CS;SIMPLE_INSTRUMENT;VOLA;EUR;637534275;4858.00000000;216;EXCHANGE_LAST;;1;1;XEUR;7904020;675;
22.04.2025;12:12:58.653;FESX SI 20250620 CS;SIMPLE_INSTRUMENT;VOLA;EUR;637534279;4855.00000000;450;EXCHANGE_LAST;;1;1;XEUR;7904020;675;
22.04.2025;12:42:06.935;FESX SI 20250620 CS;SIMPLE_INSTRUMENT;VOLA;EUR;637534291;4850.00000000;50;EXCHANGE_LAST;;1;1;XEUR;7904020;675;
22.04.2025;12:45:38.920;FESX SI 20250620 CS;SIMPLE_INSTRUMENT;VOLA;EUR;637534292;4865.00000000;165;EXCHANGE_LAST;;1;1;XEUR;7904020;675;
22.04.2025;13:04:26.708;FESX SI 20250620 CS;SIMPLE_INSTRUMENT;VOLA;EUR;637534300;4866.00000000;213;EXCHANGE_LAST;;1;1;XEUR;7904020;675;
22.04.2025;13:16:00.962;FESX SI 20250620 CS;SIMPLE_INSTRUMENT;VOLA;EUR;637534307;4865.00000000;240;EXCHANGE_LAST;;1;1;XEUR;7904020;675;
22.04.2025;13:59:11.894;FESX SI 20250620 CS;SIMPLE_INSTRUMENT;VOLA;EUR;637534321;4877.00000000;199;EXCHANGE_LAST;;1;1;XEUR;7904020;675;
22.04.2025;14:09:10.078;FESX SI 20250620 CS;SIMPLE_INSTRUMENT;VOLA;EUR;637534326;4870.00000000;193;EXCHANGE_LAST;;1;1;XEUR;7904020;675;
22.04.2025;14:52:12.768;FESX SI 20250620 CS;SIMPLE_INSTRUMENT;VOLA;EUR;637534345;4870.00000000;33;EXCHANGE_LAST;;1;1;XEUR;7904020;675;
22.04.2025;14:53:12.424;FESX SI 20250620 CS;SIMPLE_INSTRUMENT;VOLA;EUR;637534350;4875.00000000;625;EXCHANGE_LAST;;1;1;XEUR;7904020;675;
22.04.2025;14:53:14.487;FESX SI 20250620 CS;SIMPLE_INSTRUMENT;VOLA;EUR;637534351;4875.00000000;625;EXCHANGE_LAST;;1;1;XEUR;7904020;675;
22.04.2025;15:33:44.793;FESX SI 20250620 CS;SIMPLE_INSTRUMENT;VOLA;EUR;637534360;4900.00000000;150;EXCHANGE_LAST;;1;1;XEUR;7904020;675;
22.04.2025;15:57:26.800;FESX SI 20250620 CS;SIMPLE_INSTRUMENT;VOLA;EUR;637534367;4845.00000000;15;EXCHANGE_LAST;;1;1;XEUR;7904020;675;
22.04.2025;15:41:04.316;FESZ SI 20250620 CS;SIMPLE_INSTRUMENT;EFP_IDX;EUR;3;1190.50000000;82;EXCHANGE_LAST;;1;1;XEUR;11881312;700;
22.04.2025;15:41:31.505;FESZ SI 20250620 CS;SIMPLE_INSTRUMENT;EFP_IDX;EUR;6;1190.90000000;49;EXCHANGE_LAST;;1;1;XEUR;11881312;700;
22.04.2025;15:50:38.517;FESZ SI 20250620 CS;SIMPLE_INSTRUMENT;EFP_IDX;EUR;9;1190.50000000;44;EXCHANGE_LAST;;1;1;XEUR;11881312;700;
22.04.2025;15:23:23.969;FEXD SI 20261218 CS;SIMPLE_INSTRUMENT;BLOCK;EUR;27;148.90000000;500;EXCHANGE_LAST;;1;1;XEUR;2163053;693;
22.04.2025;15:16:46.842;FFOX SI 20250619 CS;SIMPLE_INSTRUMENT;BLOCK;EUR;2;4301.20000000;200;EXCHANGE_LAST;;1;1;XEUR;11881292;695;
22.04.2025;06:42:41.700;FGBL SI 20250606 PS;SIMPLE_INSTRUMENT;EFS;EUR;1;131.63000000;243;EXCHANGE_LAST;;1;1;XEUR;11820389;688;
22.04.2025;07:00:38.115;FGBL SI 20250606 PS;SIMPLE_INSTRUMENT;EFS;EUR;2;131.59000000;42;EXCHANGE_LAST;;1;1;XEUR;11820389;688;
22.04.2025;07:11:13.707;FGBL SI 20250606 PS;SIMPLE_INSTRUMENT;EFS;EUR;3;131.73000000;428;EXCHANGE_LAST;;1;1;XEUR;11820389;688;
22.04.2025;07:13:18.798;FGBL SI 20250606 PS;SIMPLE_INSTRUMENT;EFS;EUR;4;131.73000000;96;EXCHANGE_LAST;;1;1;XEUR;11820389;688;
22.04.2025;07:15:05.307;FGBL SI 20250606 PS;SIMPLE_INSTRUMENT;EFS;EUR;5;131.61000000;243;EXCHANGE_LAST;;1;1;XEUR;11820389;688;
22.04.2025;07:17:50.007;FGBL SI 20250606 PS;SIMPLE_INSTRUMENT;EFS;EUR;6;131.76000000;428;EXCHANGE_LAST;;1;1;XEUR;11820389;688;
22.04.2025;07:18:45.048;FGBL SI 20250606 PS;SIMPLE_INSTRUMENT;EFS;EUR;7;131.77000000;214;EXCHANGE_LAST;;1;1;XEUR;11820389;688;
22.04.2025;07:23:29.769;FGBL SI 20250606 PS;SIMPLE_INSTRUMENT;EFS;EUR;8;131.73000000;428;EXCHANGE_LAST;;1;1;XEUR;11820389;688;
22.04.2025;07:24:34.653;FGBL SI 20250606 PS;SIMPLE_INSTRUMENT;EFS;EUR;9;131.73000000;428;EXCHANGE_LAST;;1;1;XEUR;11820389;688;
22.04.2025;07:22:56.579;FGBL SI 20250606 PS;SIMPLE_INSTRUMENT;EFS;EUR;10;131.76000000;214;EXCHANGE_LAST;;1;1;XEUR;11820389;688;
22.04.2025;07:34:19.869;FGBL SI 20250606 PS;SIMPLE_INSTRUMENT;EFS;EUR;11;131.78000000;214;EXCHANGE_LAST;;1;1;XEUR;11820389;688;
22.04.2025;07:34:20.121;FGBL SI 20250606 PS;SIMPLE_INSTRUMENT;EFS;EUR;12;131.69000000;296;EXCHANGE_LAST;;1;1;XEUR;11820389;688;
22.04.2025;07:34:46.483;FGBL SI 20250606 PS;SIMPLE_INSTRUMENT;EFS;EUR;13;131.66000000;214;EXCHANGE_LAST;;1;1;XEUR;11820389;688;
22.04.2025;07:48:47.889;FGBL SI 20250606 PS;SIMPLE_INSTRUMENT;EFP_FIN;EUR;15;131.75000000;180;EXCHANGE_LAST;;1;1;XEUR;11820389;688;
22.04.2025;08:00:07.330;FGBL SI 20250606 PS;SIMPLE_INSTRUMENT;EFS;EUR;16;131.64000000;422;EXCHANGE_LAST;;1;1;XEUR;11820389;688;
22.04.2025;08:03:21.332;FGBL SI 20250606 PS;SIMPLE_INSTRUMENT;EFS;EUR;17;131.77000000;361;EXCHANGE_LAST;;1;1;XEUR;11820389;688;
22.04.2025;08:07:41.376;FGBL SI 20250606 PS;SIMPLE_INSTRUMENT;EFS;EUR;18;131.82000000;962;EXCHANGE_LAST;;1;1;XEUR;11820389;688;
22.04.2025;08:11:39.193;FGBL SI 20250606 PS;SIMPLE_INSTRUMENT;EFS;EUR;19;131.73000000;584;EXCHANGE_LAST;;1;1;XEUR;11820389;688;
22.04.2025;08:22:49.709;FGBL SI 20250606 PS;SIMPLE_INSTRUMENT;EFP_FIN;EUR;20;131.76000000;576;EXCHANGE_LAST;;1;1;XEUR;11820389;688;
22.04.2025;08:25:36.222;FGBL SI 20250606 PS;SIMPLE_INSTRUMENT;EFS;EUR;21;131.63000000;243;EXCHANGE_LAST;;1;1;XEUR;11820389;688;
22.04.2025;08:30:38.116;FGBL SI 20250606 PS;SIMPLE_INSTRUMENT;EFS;EUR;22;131.79000000;214;EXCHANGE_LAST;;1;1;XEUR;11820389;688;
22.04.2025;08:31:03.141;FGBL SI 20250606 PS;SIMPLE_INSTRUMENT;EFS;EUR;23;131.78000000;214;EXCHANGE_LAST;;1;1;XEUR;11820389;688;
22.04.2025;08:31:08.147;FGBL SI 20250606 PS;SIMPLE_INSTRUMENT;EFS;EUR;24;131.79000000;428;EXCHANGE_LAST;;1;1;XEUR;11820389;688;
22.04.2025;08:36:28.489;FGBL SI 20250606 PS;SIMPLE_INSTRUMENT;EFS;EUR;25;131.75000000;428;EXCHANGE_LAST;;1;1;XEUR;11820389;688;
22.04.2025;08:44:41.191;FGBL SI 20250606 PS;SIMPLE_INSTRUMENT;EFS;EUR;26;131.76000000;214;EXCHANGE_LAST;;1;1;XEUR;11820389;688;
22.04.2025;08:46:15.193;FGBL SI 20250606 PS;SIMPLE_INSTRUMENT;EFS;EUR;27;131.70000000;363;EXCHANGE_LAST;;1;1;XEUR;11820389;688;
22.04.2025;08:55:36.966;FGBL SI 20250606 PS;SIMPLE_INSTRUMENT;EFS;EUR;28;131.77000000;243;EXCHANGE_LAST;;1;1;XEUR;11820389;688;
22.04.2025;08:56:58.862;FGBL SI 20250606 PS;SIMPLE_INSTRUMENT;EFS;EUR;29;131.76000000;211;EXCHANGE_LAST;;1;1;XEUR;11820389;688;
22.04.2025;09:03:49.209;FGBL SI 20250606 PS;SIMPLE_INSTRUMENT;EFP_FIN;EUR;30;131.76000000;1123;EXCHANGE_LAST;;1;1;XEUR;11820389;688;
22.04.2025;09:03:50.700;FGBL SI 20250606 PS;SIMPLE_INSTRUMENT;EFP_FIN;EUR;31;131.76000000;3741;EXCHANGE_LAST;;1;1;XEUR;11820389;688;
22.04.2025;09:08:31.267;FGBL SI 20250606 PS;SIMPLE_INSTRUMENT;EFS;EUR;32;131.79000000;269;EXCHANGE_LAST;;1;1;XEUR;11820389;688;
22.04.2025;09:13:43.131;FGBL SI 20250606 PS;SIMPLE_INSTRUMENT;EFS;EUR;33;131.79000000;583;EXCHANGE_LAST;;1;1;XEUR;11820389;688;
22.04.2025;09:17:08.429;FGBL SI 20250606 PS;SIMPLE_INSTRUMENT;EFS;EUR;34;131.79000000;214;EXCHANGE_LAST;;1;1;XEUR;11820389;688;
22.04.2025;09:19:23.569;FGBL SI 20250606 PS;SIMPLE_INSTRUMENT;EFS;EUR;35;131.81000000;214;EXCHANGE_LAST;;1;1;XEUR;11820389;688;
22.04.2025;09:27:50.103;FGBL SI 20250606 PS;SIMPLE_INSTRUMENT;EFS;EUR;36;131.81000000;428;EXCHANGE_LAST;;1;1;XEUR;11820389;688;
22.04.2025;09:28:08.211;FGBL SI 20250606 PS;SIMPLE_INSTRUMENT;EFS;EUR;37;131.81000000;428;EXCHANGE_LAST;;1;1;XEUR;11820389;688;
22.04.2025;09:31:40.020;FGBL SI 20250606 PS;SIMPLE_INSTRUMENT;EFS;EUR;38;131.79000000;233;EXCHANGE_LAST;;1;1;XEUR;11820389;688;
22.04.2025;09:32:03.381;FGBL SI 20250606 PS;SIMPLE_INSTRUMENT;EFS;EUR;39;131.78000000;428;EXCHANGE_LAST;;1;1;XEUR;11820389;688;
22.04.2025;09:36:13.640;FGBL SI 20250606 PS;SIMPLE_INSTRUMENT;EFS;EUR;40;131.76000000;427;EXCHANGE_LAST;;1;1;XEUR;11820389;688;
22.04.2025;09:38:10.408;FGBL SI 20250606 PS;SIMPLE_INSTRUMENT;EFS;EUR;41;131.76000000;570;EXCHANGE_LAST;;1;1;XEUR;11820389;688;
22.04.2025;09:39:04.566;FGBL SI 20250606 PS;SIMPLE_INSTRUMENT;EFS;EUR;42;131.75000000;214;EXCHANGE_LAST;;1;1;XEUR;11820389;688;
22.04.2025;09:41:46.563;FGBL SI 20250606 PS;SIMPLE_INSTRUMENT;EFP_FIN;EUR;43;131.79000000;208;EXCHANGE_LAST;;1;1;XEUR;11820389;688;
22.04.2025;09:45:45.354;FGBL SI 20250606 PS;SIMPLE_INSTRUMENT;EFS;EUR;44;131.75000000;243;EXCHANGE_LAST;;1;1;XEUR;11820389;688;
22.04.2025;09:49:25.442;FGBL SI 20250606 PS;SIMPLE_INSTRUMENT;EFS;EUR;45;131.74000000;428;EXCHANGE_LAST;;1;1;XEUR;11820389;688;
22.04.2025;09:53:00.608;FGBL SI 20250606 PS;SIMPLE_INSTRUMENT;EFS;EUR;46;131.76000000;428;EXCHANGE_LAST;;1;1;XEUR;11820389;688;
22.04.2025;10:02:22.162;FGBL SI 20250606 PS;SIMPLE_INSTRUMENT;EFS;EUR;47;131.74000000;427;EXCHANGE_LAST;;1;1;XEUR;11820389;688;
22.04.2025;10:04:16.081;FGBL SI 20250606 PS;SIMPLE_INSTRUMENT;EFS;EUR;48;131.77000000;428;EXCHANGE_LAST;;1;1;XEUR;11820389;688;
22.04.2025;10:06:37.186;FGBL SI 20250606 PS;SIMPLE_INSTRUMENT;EFS;EUR;49;131.77000000;214;EXCHANGE_LAST;;1;1;XEUR;11820389;688;
22.04.2025;10:07:58.160;FGBL SI 20250606 PS;SIMPLE_INSTRUMENT;EFS;EUR;50;131.78000000;214;EXCHANGE_LAST;;1;1;XEUR;11820389;688;
22.04.2025;10:09:17.300;FGBL SI 20250606 PS;SIMPLE_INSTRUMENT;EFS;EUR;51;131.77000000;214;EXCHANGE_LAST;;1;1;XEUR;11820389;688;
22.04.2025;10:15:13.287;FGBL SI 20250606 PS;SIMPLE_INSTRUMENT;EFS;EUR;52;131.78000000;214;EXCHANGE_LAST;;1;1;XEUR;11820389;688;
22.04.2025;10:20:31.854;FGBL SI 20250606 PS;SIMPLE_INSTRUMENT;EFP_FIN;EUR;53;131.79000000;209;EXCHANGE_LAST;;1;1;XEUR;11820389;688;
22.04.2025;10:33:39.132;FGBL SI 20250606 PS;SIMPLE_INSTRUMENT;EFS;EUR;54;131.83000000;427;EXCHANGE_LAST;;1;1;XEUR;11820389;688;
22.04.2025;10:34:13.294;FGBL SI 20250606 PS;SIMPLE_INSTRUMENT;EFS;EUR;55;131.87000000;422;EXCHANGE_LAST;;1;1;XEUR;11820389;688;
22.04.2025;10:35:10.139;FGBL SI 20250606 PS;SIMPLE_INSTRUMENT;EFS;EUR;56;131.82000000;427;EXCHANGE_LAST;;1;1;XEUR;11820389;688;
22.04.2025;10:36:13.960;FGBL SI 20250606 PS;SIMPLE_INSTRUMENT;EFS;EUR;57;131.82000000;100;EXCHANGE_LAST;;1;1;XEUR;11820389;688;
22.04.2025;11:01:43.941;FGBL SI 20250606 PS;SIMPLE_INSTRUMENT;EFP_FIN;EUR;58;131.76000000;208;EXCHANGE_LAST;;1;1;XEUR;11820389;688;
22.04.2025;10:56:42.301;FGBL SI 20250606 PS;SIMPLE_INSTRUMENT;EFP_FIN;EUR;59;131.76000000;373;EXCHANGE_LAST;;1;1;XEUR;11820389;688;
22.04.2025;11:04:22.463;FGBL SI 20250606 PS;SIMPLE_INSTRUMENT;EFP_FIN;EUR;60;131.76000000;398;EXCHANGE_LAST;;1;1;XEUR;11820389;688;
22.04.2025;11:03:22.933;FGBL SI 20250606 PS;SIMPLE_INSTRUMENT;EFS;EUR;61;131.86000000;1942;EXCHANGE_LAST;;1;1;XEUR;11820389;688;
22.04.2025;11:17:53.462;FGBL SI 20250606 PS;SIMPLE_INSTRUMENT;EFP_FIN;EUR;62;131.76000000;495;EXCHANGE_LAST;;1;1;XEUR;11820389;688;
22.04.2025;11:21:22.427;FGBL SI 20250606 PS;SIMPLE_INSTRUMENT;EFP_FIN;EUR;63;131.80000000;239;EXCHANGE_LAST;;1;1;XEUR;11820389;688;
22.04.2025;11:22:13.919;FGBL SI 20250606 PS;SIMPLE_INSTRUMENT;EFS;EUR;64;131.77000000;214;EXCHANGE_LAST;;1;1;XEUR;11820389;688;
22.04.2025;11:25:07.636;FGBL SI 20250606 PS;SIMPLE_INSTRUMENT;EFP_FIN;EUR;65;131.77000000;234;EXCHANGE_LAST;;1;1;XEUR;11820389;688;
22.04.2025;11:29:10.355;FGBL SI 20250606 PS;SIMPLE_INSTRUMENT;EFS;EUR;66;131.82000000;214;EXCHANGE_LAST;;1;1;XEUR;11820389;688;
22.04.2025;11:30:55.421;FGBL SI 20250606 PS;SIMPLE_INSTRUMENT;EFS;EUR;67;131.82000000;855;EXCHANGE_LAST;;1;1;XEUR;11820389;688;
22.04.2025;11:35:15.673;FGBL SI 20250606 PS;SIMPLE_INSTRUMENT;EFP_FIN;EUR;68;131.81000000;1123;EXCHANGE_LAST;;1;1;XEUR;11820389;688;
22.04.2025;11:36:35.648;FGBL SI 20250606 PS;SIMPLE_INSTRUMENT;EFS;EUR;69;131.82000000;428;EXCHANGE_LAST;;1;1;XEUR;11820389;688;
22.04.2025;11:36:45.658;FGBL SI 20250606 PS;SIMPLE_INSTRUMENT;EFS;EUR;70;131.82000000;428;EXCHANGE_LAST;;1;1;XEUR;11820389;688;
22.04.2025;11:37:15.687;FGBL SI 20250606 PS;SIMPLE_INSTRUMENT;EFS;EUR;71;131.82000000;342;EXCHANGE_LAST;;1;1;XEUR;11820389;688;
22.04.2025;11:42:38.936;FGBL SI 20250606 PS;SIMPLE_INSTRUMENT;EFS;EUR;72;131.79000000;214;EXCHANGE_LAST;;1;1;XEUR;11820389;688;
22.04.2025;11:49:00.432;FGBL SI 20250606 PS;SIMPLE_INSTRUMENT;EFP_FIN;EUR;73;131.80000000;479;EXCHANGE_LAST;;1;1;XEUR;11820389;688;
22.04.2025;11:56:51.170;FGBL SI 20250606 PS;SIMPLE_INSTRUMENT;EFS;EUR;74;131.81000000;427;EXCHANGE_LAST;;1;1;XEUR;11820389;688;
22.04.2025;11:57:28.518;FGBL SI 20250606 PS;SIMPLE_INSTRUMENT;EFS;EUR;75;131.81000000;453;EXCHANGE_LAST;;1;1;XEUR;11820389;688;
22.04.2025;11:58:02.800;FGBL SI 20250606 PS;SIMPLE_INSTRUMENT;EFS;EUR;76;131.81000000;214;EXCHANGE_LAST;;1;1;XEUR;11820389;688;
22.04.2025;11:59:22.484;FGBL SI 20250606 PS;SIMPLE_INSTRUMENT;EFP_FIN;EUR;77;131.76000000;374;EXCHANGE_LAST;;1;1;XEUR;11820389;688;
22.04.2025;12:00:34.804;FGBL SI 20250606 PS;SIMPLE_INSTRUMENT;EFS;EUR;78;131.83000000;226;EXCHANGE_LAST;;1;1;XEUR;11820389;688;
22.04.2025;12:03:30.663;FGBL SI 20250606 PS;SIMPLE_INSTRUMENT;EFS;EUR;79;131.82000000;226;EXCHANGE_LAST;;1;1;XEUR;11820389;688;
22.04.2025;12:04:13.895;FGBL SI 20250606 PS;SIMPLE_INSTRUMENT;EFS;EUR;80;131.82000000;201;EXCHANGE_LAST;;1;1;XEUR;11820389;688;
22.04.2025;12:07:39.581;FGBL SI 20250606 PS;SIMPLE_INSTRUMENT;EFS;EUR;81;131.84000000;428;EXCHANGE_LAST;;1;1;XEUR;11820389;688;
22.04.2025;12:16:25.545;FGBL SI 20250606 PS;SIMPLE_INSTRUMENT;EFS;EUR;82;131.83000000;465;EXCHANGE_LAST;;1;1;XEUR;11820389;688;
22.04.2025;12:16:36.765;FGBL SI 20250606 PS;SIMPLE_INSTRUMENT;EFS;EUR;83;131.84000000;634;EXCHANGE_LAST;;1;1;XEUR;11820389;688;
22.04.2025;12:16:39.382;FGBL SI 20250606 PS;SIMPLE_INSTRUMENT;EFS;EUR;84;131.81000000;428;EXCHANGE_LAST;;1;1;XEUR;11820389;688;
22.04.2025;12:16:40.384;FGBL SI 20250606 PS;SIMPLE_INSTRUMENT;EFS;EUR;85;131.81000000;214;EXCHANGE_LAST;;1;1;XEUR;11820389;688;
22.04.2025;12:20:57.780;FGBL SI 20250606 PS;SIMPLE_INSTRUMENT;EFS;EUR;86;131.81000000;317;EXCHANGE_LAST;;1;1;XEUR;11820389;688;
22.04.2025;12:21:04.343;FGBL SI 20250606 PS;SIMPLE_INSTRUMENT;EFP_FIN;EUR;87;131.85000000;386;EXCHANGE_LAST;;1;1;XEUR;11820389;688;
22.04.2025;12:21:11.782;FGBL SI 20250606 PS;SIMPLE_INSTRUMENT;EFS;EUR;88;131.81000000;317;EXCHANGE_LAST;;1;1;XEUR;11820389;688;
22.04.2025;12:21:55.775;FGBL SI 20250606 PS;SIMPLE_INSTRUMENT;EFS;EUR;89;131.81000000;427;EXCHANGE_LAST;;1;1;XEUR;11820389;688;
22.04.2025;12:23:05.584;FGBL SI 20250606 PS;SIMPLE_INSTRUMENT;EFS;EUR;90;131.82000000;100;EXCHANGE_LAST;;1;1;XEUR;11820389;688;
22.04.2025;12:24:15.924;FGBL SI 20250606 PS;SIMPLE_INSTRUMENT;EFS;EUR;91;131.81000000;427;EXCHANGE_LAST;;1;1;XEUR;11820389;688;
22.04.2025;12:36:01.852;FGBL SI 20250606 PS;SIMPLE_INSTRUMENT;EFP_FIN;EUR;92;131.82000000;377;EXCHANGE_LAST;;1;1;XEUR;11820389;688;
22.04.2025;12:25:45.777;FGBL SI 20250606 PS;SIMPLE_INSTRUMENT;EFS;EUR;93;131.80000000;86;EXCHANGE_LAST;;1;1;XEUR;11820389;688;
22.04.2025;12:26:15.802;FGBL SI 20250606 PS;SIMPLE_INSTRUMENT;EFS;EUR;94;131.80000000;342;EXCHANGE_LAST;;1;1;XEUR;11820389;688;
22.04.2025;12:27:20.861;FGBL SI 20250606 PS;SIMPLE_INSTRUMENT;EFS;EUR;95;131.82000000;428;EXCHANGE_LAST;;1;1;XEUR;11820389;688;
22.04.2025;12:27:20.906;FGBL SI 20250606 PS;SIMPLE_INSTRUMENT;EFS;EUR;96;131.82000000;100;EXCHANGE_LAST;;1;1;XEUR;11820389;688;
22.04.2025;12:28:50.940;FGBL SI 20250606 PS;SIMPLE_INSTRUMENT;EFS;EUR;97;131.85000000;299;EXCHANGE_LAST;;1;1;XEUR;11820389;688;
22.04.2025;12:29:10.960;FGBL SI 20250606 PS;SIMPLE_INSTRUMENT;EFS;EUR;98;131.85000000;427;EXCHANGE_LAST;;1;1;XEUR;11820389;688;
22.04.2025;12:32:17.612;FGBL SI 20250606 PS;SIMPLE_INSTRUMENT;EFS;EUR;99;131.79000000;208;EXCHANGE_LAST;;1;1;XEUR;11820389;688;
22.04.2025;12:33:43.558;FGBL SI 20250606 PS;SIMPLE_INSTRUMENT;EFS;EUR;100;131.80000000;212;EXCHANGE_LAST;;1;1;XEUR;11820389;688;
22.04.2025;12:34:24.959;FGBL SI 20250606 PS;SIMPLE_INSTRUMENT;EFP_FIN;EUR;101;131.80000000;275;EXCHANGE_LAST;;1;1;XEUR;11820389;688;
22.04.2025;12:34:15.175;FGBL SI 20250606 PS;SIMPLE_INSTRUMENT;EFS;EUR;102;131.80000000;427;EXCHANGE_LAST;;1;1;XEUR;11820389;688;
22.04.2025;12:34:37.884;FGBL SI 20250606 PS;SIMPLE_INSTRUMENT;EFS;EUR;103;131.81000000;427;EXCHANGE_LAST;;1;1;XEUR;11820389;688;
22.04.2025;12:37:36.046;FGBL SI 20250606 PS;SIMPLE_INSTRUMENT;EFS;EUR;104;131.81000000;449;EXCHANGE_LAST;;1;1;XEUR;11820389;688;
22.04.2025;12:39:24.820;FGBL SI 20250606 PS;SIMPLE_INSTRUMENT;EFS;EUR;105;131.82000000;96;EXCHANGE_LAST;;1;1;XEUR;11820389;688;
22.04.2025;12:40:55.732;FGBL SI 20250606 PS;SIMPLE_INSTRUMENT;EFS;EUR;106;131.88000000;427;EXCHANGE_LAST;;1;1;XEUR;11820389;688;
22.04.2025;12:41:36.573;FGBL SI 20250606 PS;SIMPLE_INSTRUMENT;EFS;EUR;107;131.88000000;427;EXCHANGE_LAST;;1;1;XEUR;11820389;688;
22.04.2025;12:41:45.879;FGBL SI 20250606 PS;SIMPLE_INSTRUMENT;EFS;EUR;108;131.85000000;433;EXCHANGE_LAST;;1;1;XEUR;11820389;688;
22.04.2025;12:52:51.914;FGBL SI 20250606 PS;SIMPLE_INSTRUMENT;EFS;EUR;109;131.85000000;428;EXCHANGE_LAST;;1;1;XEUR;11820389;688;
22.04.2025;13:02:27.897;FGBL SI 20250606 PS;SIMPLE_INSTRUMENT;EFP_FIN;EUR;110;131.85000000;374;EXCHANGE_LAST;;1;1;XEUR;11820389;688;
22.04.2025;13:07:18.271;FGBL SI 20250606 PS;SIMPLE_INSTRUMENT;EFS;EUR;111;131.84000000;1214;EXCHANGE_LAST;;1;1;XEUR;11820389;688;
22.04.2025;13:13:09.129;FGBL SI 20250606 PS;SIMPLE_INSTRUMENT;EFP_FIN;EUR;112;131.77000000;187;EXCHANGE_LAST;;1;1;XEUR;11820389;688;
22.04.2025;13:13:24.041;FGBL SI 20250606 PS;SIMPLE_INSTRUMENT;EFS;EUR;113;131.78000000;428;EXCHANGE_LAST;;1;1;XEUR;11820389;688;
22.04.2025;13:15:18.996;FGBL SI 20250606 PS;SIMPLE_INSTRUMENT;EFS;EUR;114;131.82000000;214;EXCHANGE_LAST;;1;1;XEUR;11820389;688;
22.04.2025;13:17:29.957;FGBL SI 20250606 PS;SIMPLE_INSTRUMENT;EFS;EUR;115;131.80000000;427;EXCHANGE_LAST;;1;1;XEUR;11820389;688;
22.04.2025;13:17:44.279;FGBL SI 20250606 PS;SIMPLE_INSTRUMENT;EFS;EUR;116;131.80000000;214;EXCHANGE_LAST;;1;1;XEUR;11820389;688;
22.04.2025;13:17:59.292;FGBL SI 20250606 PS;SIMPLE_INSTRUMENT;EFS;EUR;117;131.80000000;214;EXCHANGE_LAST;;1;1;XEUR;11820389;688;
22.04.2025;13:25:34.604;FGBL SI 20250606 PS;SIMPLE_INSTRUMENT;EFS;EUR;118;131.78000000;299;EXCHANGE_LAST;;1;1;XEUR;11820389;688;
22.04.2025;13:26:30.174;FGBL SI 20250606 PS;SIMPLE_INSTRUMENT;EFS;EUR;119;131.79000000;244;EXCHANGE_LAST;;1;1;XEUR;11820389;688;
22.04.2025;13:28:07.479;FGBL SI 20250606 PS;SIMPLE_INSTRUMENT;EFS;EUR;120;131.82000000;423;EXCHANGE_LAST;;1;1;XEUR;11820389;688;
22.04.2025;13:28:30.649;FGBL SI 20250606 PS;SIMPLE_INSTRUMENT;EFS;EUR;121;131.78000000;214;EXCHANGE_LAST;;1;1;XEUR;11820389;688;
22.04.2025;13:32:30.370;FGBL SI 20250606 PS;SIMPLE_INSTRUMENT;EFS;EUR;122;131.77000000;427;EXCHANGE_LAST;;1;1;XEUR;11820389;688;
22.04.2025;13:33:02.040;FGBL SI 20250606 PS;SIMPLE_INSTRUMENT;EFS;EUR;123;131.78000000;729;EXCHANGE_LAST;;1;1;XEUR;11820389;688;
22.04.2025;13:34:46.994;FGBL SI 20250606 PS;SIMPLE_INSTRUMENT;EFS;EUR;124;131.89000000;428;EXCHANGE_LAST;;1;1;XEUR;11820389;688;
22.04.2025;13:36:37.060;FGBL SI 20250606 PS;SIMPLE_INSTRUMENT;EFP_FIN;EUR;125;131.81000000;242;EXCHANGE_LAST;;1;1;XEUR;11820389;688;
22.04.2025;13:39:53.337;FGBL SI 20250606 PS;SIMPLE_INSTRUMENT;EFS;EUR;126;131.83000000;214;EXCHANGE_LAST;;1;1;XEUR;11820389;688;
22.04.2025;13:43:12.475;FGBL SI 20250606 PS;SIMPLE_INSTRUMENT;EFS;EUR;127;131.83000000;388;EXCHANGE_LAST;;1;1;XEUR;11820389;688;
22.04.2025;13:43:22.525;FGBL SI 20250606 PS;SIMPLE_INSTRUMENT;EFS;EUR;128;131.78000000;486;EXCHANGE_LAST;;1;1;XEUR;11820389;688;
22.04.2025;13:44:46.880;FGBL SI 20250606 PS;SIMPLE_INSTRUMENT;EFS;EUR;129;131.85000000;728;EXCHANGE_LAST;;1;1;XEUR;11820389;688;
22.04.2025;13:44:47.951;FGBL SI 20250606 PS;SIMPLE_INSTRUMENT;EFS;EUR;130;131.87000000;728;EXCHANGE_LAST;;1;1;XEUR;11820389;688;
22.04.2025;13:47:23.616;FGBL SI 20250606 PS;SIMPLE_INSTRUMENT;EFS;EUR;131;131.84000000;1348;EXCHANGE_LAST;;1;1;XEUR;11820389;688;
22.04.2025;13:47:50.306;FGBL SI 20250606 PS;SIMPLE_INSTRUMENT;EFP_FIN;EUR;132;131.80000000;74;EXCHANGE_LAST;;1;1;XEUR;11820389;688;
22.04.2025;13:48:19.484;FGBL SI 20250606 PS;SIMPLE_INSTRUMENT;EFS;EUR;133;131.77000000;214;EXCHANGE_LAST;;1;1;XEUR;11820389;688;
22.04.2025;13:48:27.790;FGBL SI 20250606 PS;SIMPLE_INSTRUMENT;EFP_FIN;EUR;134;131.79000000;406;EXCHANGE_LAST;;1;1;XEUR;11820389;688;
22.04.2025;13:50:16.768;FGBL SI 20250606 PS;SIMPLE_INSTRUMENT;EFS;EUR;135;131.76000000;427;EXCHANGE_LAST;;1;1;XEUR;11820389;688;
22.04.2025;14:09:42.799;FGBL SI 20250606 PS;SIMPLE_INSTRUMENT;EFS;EUR;136;131.84000000;299;EXCHANGE_LAST;;1;1;XEUR;11820389;688;
22.04.2025;14:09:00.653;FGBL SI 20250606 PS;SIMPLE_INSTRUMENT;EFS;EUR;137;131.83000000;728;EXCHANGE_LAST;;1;1;XEUR;11820389;688;
22.04.2025;14:09:49.406;FGBL SI 20250606 PS;SIMPLE_INSTRUMENT;EFS;EUR;138;131.85000000;339;EXCHANGE_LAST;;1;1;XEUR;11820389;688;
22.04.2025;14:10:20.450;FGBL SI 20250606 PS;SIMPLE_INSTRUMENT;EFS;EUR;139;131.81000000;428;EXCHANGE_LAST;;1;1;XEUR;11820389;688;
22.04.2025;14:10:46.258;FGBL SI 20250606 PS;SIMPLE_INSTRUMENT;EFS;EUR;140;131.87000000;214;EXCHANGE_LAST;;1;1;XEUR;11820389;688;
22.04.2025;14:11:46.487;FGBL SI 20250606 PS;SIMPLE_INSTRUMENT;EFS;EUR;141;131.83000000;299;EXCHANGE_LAST;;1;1;XEUR;11820389;688;
22.04.2025;14:12:30.560;FGBL SI 20250606 PS;SIMPLE_INSTRUMENT;EFS;EUR;142;131.80000000;214;EXCHANGE_LAST;;1;1;XEUR;11820389;688;
22.04.2025;14:12:48.632;FGBL SI 20250606 PS;SIMPLE_INSTRUMENT;EFS;EUR;143;131.84000000;299;EXCHANGE_LAST;;1;1;XEUR;11820389;688;
22.04.2025;14:13:37.620;FGBL SI 20250606 PS;SIMPLE_INSTRUMENT;EFS;EUR;144;131.82000000;428;EXCHANGE_LAST;;1;1;XEUR;11820389;688;
22.04.2025;14:15:30.745;FGBL SI 20250606 PS;SIMPLE_INSTRUMENT;EFS;EUR;145;131.82000000;428;EXCHANGE_LAST;;1;1;XEUR;11820389;688;
22.04.2025;14:23:46.800;FGBL SI 20250606 PS;SIMPLE_INSTRUMENT;EFS;EUR;146;131.78000000;208;EXCHANGE_LAST;;1;1;XEUR;11820389;688;
22.04.2025;14:24:36.268;FGBL SI 20250606 PS;SIMPLE_INSTRUMENT;EFS;EUR;147;131.85000000;212;EXCHANGE_LAST;;1;1;XEUR;11820389;688;
22.04.2025;14:32:08.315;FGBL SI 20250606 PS;SIMPLE_INSTRUMENT;EFS;EUR;148;131.83000000;728;EXCHANGE_LAST;;1;1;XEUR;11820389;688;
22.04.2025;14:33:15.012;FGBL SI 20250606 PS;SIMPLE_INSTRUMENT;EFS;EUR;149;131.84000000;340;EXCHANGE_LAST;;1;1;XEUR;11820389;688;
22.04.2025;14:49:44.938;FGBL SI 20250606 PS;SIMPLE_INSTRUMENT;EFS;EUR;151;131.89000000;214;EXCHANGE_LAST;;1;1;XEUR;11820389;688;
22.04.2025;14:50:33.840;FGBL SI 20250606 PS;SIMPLE_INSTRUMENT;EFS;EUR;152;131.86000000;428;EXCHANGE_LAST;;1;1;XEUR;11820389;688;
22.04.2025;14:51:13.879;FGBL SI 20250606 PS;SIMPLE_INSTRUMENT;EFS;EUR;153;131.86000000;150;EXCHANGE_LAST;;1;1;XEUR;11820389;688;
22.04.2025;14:51:14.881;FGBL SI 20250606 PS;SIMPLE_INSTRUMENT;EFS;EUR;154;131.86000000;214;EXCHANGE_LAST;;1;1;XEUR;11820389;688;
22.04.2025;14:51:38.588;FGBL SI 20250606 PS;SIMPLE_INSTRUMENT;EFS;EUR;155;131.88000000;214;EXCHANGE_LAST;;1;1;XEUR;11820389;688;
22.04.2025;14:51:43.634;FGBL SI 20250606 PS;SIMPLE_INSTRUMENT;EFS;EUR;156;131.88000000;453;EXCHANGE_LAST;;1;1;XEUR;11820389;688;
22.04.2025;14:54:07.637;FGBL SI 20250606 PS;SIMPLE_INSTRUMENT;EFS;EUR;157;131.87000000;855;EXCHANGE_LAST;;1;1;XEUR;11820389;688;
22.04.2025;14:54:15.053;FGBL SI 20250606 PS;SIMPLE_INSTRUMENT;EFS;EUR;158;131.87000000;428;EXCHANGE_LAST;;1;1;XEUR;11820389;688;
22.04.2025;14:57:25.251;FGBL SI 20250606 PS;SIMPLE_INSTRUMENT;EFS;EUR;159;131.81000000;214;EXCHANGE_LAST;;1;1;XEUR;11820389;688;
22.04.2025;14:58:00.283;FGBL SI 20250606 PS;SIMPLE_INSTRUMENT;EFS;EUR;160;131.81000000;214;EXCHANGE_LAST;;1;1;XEUR;11820389;688;
22.04.2025;14:58:38.750;FGBL SI 20250606 PS;SIMPLE_INSTRUMENT;EFS;EUR;161;131.87000000;110;EXCHANGE_LAST;;1;1;XEUR;11820389;688;
22.04.2025;15:01:02.768;FGBL SI 20250606 PS;SIMPLE_INSTRUMENT;EFS;EUR;162;131.87000000;214;EXCHANGE_LAST;;1;1;XEUR;11820389;688;
22.04.2025;15:03:57.417;FGBL SI 20250606 PS;SIMPLE_INSTRUMENT;EFS;EUR;163;131.81000000;427;EXCHANGE_LAST;;1;1;XEUR;11820389;688;
22.04.2025;15:11:06.083;FGBL SI 20250606 PS;SIMPLE_INSTRUMENT;EFS;EUR;164;131.88000000;641;EXCHANGE_LAST;;1;1;XEUR;11820389;688;
22.04.2025;15:13:18.796;FGBL SI 20250606 PS;SIMPLE_INSTRUMENT;EFP_FIN;EUR;165;131.87000000;1674;EXCHANGE_LAST;;1;1;XEUR;11820389;688;
22.04.2025;15:19:59.908;FGBL SI 20250606 PS;SIMPLE_INSTRUMENT;EFS;EUR;166;131.87000000;100;EXCHANGE_LAST;;1;1;XEUR;11820389;688;
22.04.2025;15:20:28.775;FGBL SI 20250606 PS;SIMPLE_INSTRUMENT;EFS;EUR;167;131.78000000;750;EXCHANGE_LAST;;1;1;XEUR;11820389;688;
22.04.2025;15:28:24.807;FGBL SI 20250606 PS;SIMPLE_INSTRUMENT;EFP_FIN;EUR;168;131.93000000;374;EXCHANGE_LAST;;1;1;XEUR;11820389;688;
22.04.2025;15:39:43.487;FGBL SI 20250606 PS;SIMPLE_INSTRUMENT;EFS;EUR;169;131.96000000;427;EXCHANGE_LAST;;1;1;XEUR;11820389;688;
22.04.2025;15:42:53.619;FGBL SI 20250606 PS;SIMPLE_INSTRUMENT;EFP_FIN;EUR;170;131.92000000;114;EXCHANGE_LAST;;1;1;XEUR;11820389;688;
22.04.2025;15:52:42.695;FGBL SI 20250606 PS;SIMPLE_INSTRUMENT;EFS;EUR;171;131.98000000;256;EXCHANGE_LAST;;1;1;XEUR;11820389;688;
22.04.2025;07:12:41.787;FGBL SI 20250606 PS;SIMPLE_INSTRUMENT;VOLA;EUR;268435464;131.61000000;56;EXCHANGE_LAST;;1;1;XEUR;11820389;688;
22.04.2025;07:29:59.688;FGBL SI 20250606 PS;SIMPLE_INSTRUMENT;VOLA;EUR;268435471;131.56000000;100;EXCHANGE_LAST;;1;1;XEUR;11820389;688;
22.04.2025;07:30:39.691;FGBL SI 20250606 PS;SIMPLE_INSTRUMENT;VOLA;EUR;268435473;131.56000000;100;EXCHANGE_LAST;;1;1;XEUR;11820389;688;
22.04.2025;08:31:34.285;FGBL SI 20250606 PS;SIMPLE_INSTRUMENT;VOLA;EUR;268435485;131.72000000;26;EXCHANGE_LAST;;1;1;XEUR;11820389;688;
22.04.2025;08:32:02.289;FGBL SI 20250606 PS;SIMPLE_INSTRUMENT;VOLA;EUR;268435486;131.72000000;25;EXCHANGE_LAST;;1;1;XEUR;11820389;688;
22.04.2025;09:07:15.714;FGBL SI 20250606 PS;SIMPLE_INSTRUMENT;VOLA;EUR;268435500;131.77000000;300;EXCHANGE_LAST;;1;1;XEUR;11820389;688;
22.04.2025;09:08:08.718;FGBL SI 20250606 PS;SIMPLE_INSTRUMENT;VOLA;EUR;268435501;131.77000000;200;EXCHANGE_LAST;;1;1;XEUR;11820389;688;
22.04.2025;10:21:21.363;FGBL SI 20250606 PS;SIMPLE_INSTRUMENT;VOLA;EUR;268435529;131.78000000;540;EXCHANGE_LAST;;1;1;XEUR;11820389;688;
22.04.2025;10:39:55.579;FGBL SI 20250606 PS;SIMPLE_INSTRUMENT;VOLA;EUR;268435541;131.75000000;53;EXCHANGE_LAST;;1;1;XEUR;11820389;688;
22.04.2025;10:42:03.220;FGBL SI 20250606 PS;SIMPLE_INSTRUMENT;VOLA;EUR;268435542;131.75000000;35;EXCHANGE_LAST;;1;1;XEUR;11820389;688;
22.04.2025;11:58:01.017;FGBL SI 20250606 PS;SIMPLE_INSTRUMENT;VOLA;EUR;268435550;131.80000000;338;EXCHANGE_LAST;;1;1;XEUR;11820389;688;
22.04.2025;14:42:43.388;FGBL SI 20250606 PS;SIMPLE_INSTRUMENT;VOLA;EUR;268435592;131.80000000;112;EXCHANGE_LAST;;1;1;XEUR;11820389;688;
22.04.2025;14:42:57.716;FGBL SI 20250606 PS;SIMPLE_INSTRUMENT;VOLA;EUR;268435593;131.80000000;113;EXCHANGE_LAST;;1;1;XEUR;11820389;688;
22.04.2025;14:43:08.516;FGBL SI 20250606 PS;SIMPLE_INSTRUMENT;VOLA;EUR;268435594;131.80000000;337;EXCHANGE_LAST;;1;1;XEUR;11820389;688;
22.04.2025;14:44:56.036;FGBL SI 20250606 PS;SIMPLE_INSTRUMENT;VOLA;EUR;268435595;131.80000000;113;EXCHANGE_LAST;;1;1;XEUR;11820389;688;
22.04.2025;15:22:47.565;FGBL SI 20250606 PS;SIMPLE_INSTRUMENT;VOLA;EUR;268435606;131.87000000;110;EXCHANGE_LAST;;1;1;XEUR;11820389;688;
22.04.2025;07:28:58.988;FGBM SI 20250606 PS;SIMPLE_INSTRUMENT;EFP_FIN;EUR;1;119.75000000;233;EXCHANGE_LAST;;1;1;XEUR;11820390;689;
22.04.2025;07:57:46.637;FGBM SI 20250606 PS;SIMPLE_INSTRUMENT;EFP_FIN;EUR;2;119.72000000;81;EXCHANGE_LAST;;1;1;XEUR;11820390;689;
22.04.2025;08:00:07.309;FGBM SI 20250606 PS;SIMPLE_INSTRUMENT;EFS;EUR;3;119.68000000;1592;EXCHANGE_LAST;;1;1;XEUR;11820390;689;
22.04.2025;08:22:41.621;FGBM SI 20250606 PS;SIMPLE_INSTRUMENT;EFP_FIN;EUR;4;119.73000000;843;EXCHANGE_LAST;;1;1;XEUR;11820390;689;
22.04.2025;08:27:24.680;FGBM SI 20250606 PS;SIMPLE_INSTRUMENT;EFS;EUR;5;119.73000000;423;EXCHANGE_LAST;;1;1;XEUR;11820390;689;
22.04.2025;08:28:04.531;FGBM SI 20250606 PS;SIMPLE_INSTRUMENT;EFS;EUR;6;119.73000000;423;EXCHANGE_LAST;;1;1;XEUR;11820390;689;
22.04.2025;08:32:52.089;FGBM SI 20250606 PS;SIMPLE_INSTRUMENT;EFP_FIN;EUR;7;119.74000000;193;EXCHANGE_LAST;;1;1;XEUR;11820390;689;
22.04.2025;08:32:57.308;FGBM SI 20250606 PS;SIMPLE_INSTRUMENT;EFP_FIN;EUR;8;119.74000000;193;EXCHANGE_LAST;;1;1;XEUR;11820390;689;
22.04.2025;08:53:00.604;FGBM SI 20250606 PS;SIMPLE_INSTRUMENT;EFS;EUR;9;119.69000000;423;EXCHANGE_LAST;;1;1;XEUR;11820390;689;
22.04.2025;08:57:20.705;FGBM SI 20250606 PS;SIMPLE_INSTRUMENT;EFS;EUR;10;119.70000000;847;EXCHANGE_LAST;;1;1;XEUR;11820390;689;
22.04.2025;08:57:56.415;FGBM SI 20250606 PS;SIMPLE_INSTRUMENT;EFS;EUR;11;119.69000000;1692;EXCHANGE_LAST;;1;1;XEUR;11820390;689;
22.04.2025;08:59:09.717;FGBM SI 20250606 PS;SIMPLE_INSTRUMENT;EFS;EUR;12;119.71000000;1000;EXCHANGE_LAST;;1;1;XEUR;11820390;689;
22.04.2025;09:00:30.903;FGBM SI 20250606 PS;SIMPLE_INSTRUMENT;EFS;EUR;13;119.72000000;847;EXCHANGE_LAST;;1;1;XEUR;11820390;689;
22.04.2025;09:11:25.664;FGBM SI 20250606 PS;SIMPLE_INSTRUMENT;EFS;EUR;14;119.72000000;513;EXCHANGE_LAST;;1;1;XEUR;11820390;689;
22.04.2025;09:19:41.254;FGBM SI 20250606 PS;SIMPLE_INSTRUMENT;EFP_FIN;EUR;15;119.71000000;204;EXCHANGE_LAST;;1;1;XEUR;11820390;689;
22.04.2025;09:23:02.266;FGBM SI 20250606 PS;SIMPLE_INSTRUMENT;EFP_FIN;EUR;16;119.68000000;155;EXCHANGE_LAST;;1;1;XEUR;11820390;689;
22.04.2025;09:30:13.016;FGBM SI 20250606 PS;SIMPLE_INSTRUMENT;EFS;EUR;17;119.66000000;436;EXCHANGE_LAST;;1;1;XEUR;11820390;689;
22.04.2025;09:36:43.809;FGBM SI 20250606 PS;SIMPLE_INSTRUMENT;EFP_FIN;EUR;18;119.67000000;581;EXCHANGE_LAST;;1;1;XEUR;11820390;689;
22.04.2025;09:54:30.679;FGBM SI 20250606 PS;SIMPLE_INSTRUMENT;EFS;EUR;19;119.63000000;847;EXCHANGE_LAST;;1;1;XEUR;11820390;689;
22.04.2025;10:04:37.151;FGBM SI 20250606 PS;SIMPLE_INSTRUMENT;EFP_FIN;EUR;20;119.64000000;179;EXCHANGE_LAST;;1;1;XEUR;11820390;689;
22.04.2025;10:04:44.339;FGBM SI 20250606 PS;SIMPLE_INSTRUMENT;EFP_FIN;EUR;21;119.66000000;401;EXCHANGE_LAST;;1;1;XEUR;11820390;689;
22.04.2025;10:05:01.686;FGBM SI 20250606 PS;SIMPLE_INSTRUMENT;EFP_FIN;EUR;22;119.70000000;407;EXCHANGE_LAST;;1;1;XEUR;11820390;689;
22.04.2025;10:06:03.855;FGBM SI 20250606 PS;SIMPLE_INSTRUMENT;EFP_FIN;EUR;23;119.63000000;76;EXCHANGE_LAST;;1;1;XEUR;11820390;689;
22.04.2025;10:06:37.230;FGBM SI 20250606 PS;SIMPLE_INSTRUMENT;EFS;EUR;24;119.63000000;424;EXCHANGE_LAST;;1;1;XEUR;11820390;689;
22.04.2025;10:09:22.305;FGBM SI 20250606 PS;SIMPLE_INSTRUMENT;EFS;EUR;25;119.63000000;424;EXCHANGE_LAST;;1;1;XEUR;11820390;689;
22.04.2025;10:17:38.612;FGBM SI 20250606 PS;SIMPLE_INSTRUMENT;EFS;EUR;26;119.64000000;2008;EXCHANGE_LAST;;1;1;XEUR;11820390;689;
22.04.2025;10:17:57.617;FGBM SI 20250606 PS;SIMPLE_INSTRUMENT;EFP_FIN;EUR;27;119.65000000;201;EXCHANGE_LAST;;1;1;XEUR;11820390;689;
22.04.2025;10:19:08.971;FGBM SI 20250606 PS;SIMPLE_INSTRUMENT;EFP_FIN;EUR;28;119.64000000;390;EXCHANGE_LAST;;1;1;XEUR;11820390;689;
22.04.2025;10:19:27.215;FGBM SI 20250606 PS;SIMPLE_INSTRUMENT;EFS;EUR;29;119.64000000;2008;EXCHANGE_LAST;;1;1;XEUR;11820390;689;
22.04.2025;10:29:00.544;FGBM SI 20250606 PS;SIMPLE_INSTRUMENT;EFS;EUR;30;119.63000000;921;EXCHANGE_LAST;;1;1;XEUR;11820390;689;
22.04.2025;10:31:14.127;FGBM SI 20250606 PS;SIMPLE_INSTRUMENT;EFS;EUR;31;119.64000000;1115;EXCHANGE_LAST;;1;1;XEUR;11820390;689;
22.04.2025;11:01:51.928;FGBM SI 20250606 PS;SIMPLE_INSTRUMENT;EFS;EUR;32;119.67000000;3666;EXCHANGE_LAST;;1;1;XEUR;11820390;689;
22.04.2025;11:31:50.457;FGBM SI 20250606 PS;SIMPLE_INSTRUMENT;EFS;EUR;33;119.66000000;1694;EXCHANGE_LAST;;1;1;XEUR;11820390;689;
22.04.2025;11:37:10.680;FGBM SI 20250606 PS;SIMPLE_INSTRUMENT;EFS;EUR;34;119.65000000;635;EXCHANGE_LAST;;1;1;XEUR;11820390;689;
22.04.2025;11:44:16.017;FGBM SI 20250606 PS;SIMPLE_INSTRUMENT;EFP_FIN;EUR;36;119.65000000;426;EXCHANGE_LAST;;1;1;XEUR;11820390;689;
22.04.2025;11:45:10.011;FGBM SI 20250606 PS;SIMPLE_INSTRUMENT;EFS;EUR;37;119.65000000;846;EXCHANGE_LAST;;1;1;XEUR;11820390;689;
22.04.2025;11:59:03.105;FGBM SI 20250606 PS;SIMPLE_INSTRUMENT;EFS;EUR;38;119.64000000;846;EXCHANGE_LAST;;1;1;XEUR;11820390;689;
22.04.2025;11:59:44.191;FGBM SI 20250606 PS;SIMPLE_INSTRUMENT;EFS;EUR;39;119.65000000;423;EXCHANGE_LAST;;1;1;XEUR;11820390;689;
22.04.2025;12:02:00.154;FGBM SI 20250606 PS;SIMPLE_INSTRUMENT;EFS;EUR;40;119.67000000;423;EXCHANGE_LAST;;1;1;XEUR;11820390;689;
22.04.2025;12:05:28.389;FGBM SI 20250606 PS;SIMPLE_INSTRUMENT;EFS;EUR;41;119.68000000;423;EXCHANGE_LAST;;1;1;XEUR;11820390;689;
22.04.2025;12:06:57.427;FGBM SI 20250606 PS;SIMPLE_INSTRUMENT;EFS;EUR;42;119.67000000;846;EXCHANGE_LAST;;1;1;XEUR;11820390;689;
22.04.2025;12:23:22.383;FGBM SI 20250606 PS;SIMPLE_INSTRUMENT;EFS;EUR;43;119.67000000;100;EXCHANGE_LAST;;1;1;XEUR;11820390;689;
22.04.2025;12:12:58.754;FGBM SI 20250606 PS;SIMPLE_INSTRUMENT;EFS;EUR;44;119.66000000;1197;EXCHANGE_LAST;;1;1;XEUR;11820390;689;
22.04.2025;12:17:18.402;FGBM SI 20250606 PS;SIMPLE_INSTRUMENT;EFP_FIN;EUR;45;119.65000000;187;EXCHANGE_LAST;;1;1;XEUR;11820390;689;
22.04.2025;12:20:00.776;FGBM SI 20250606 PS;SIMPLE_INSTRUMENT;EFS;EUR;46;119.65000000;599;EXCHANGE_LAST;;1;1;XEUR;11820390;689;
22.04.2025;12:20:12.777;FGBM SI 20250606 PS;SIMPLE_INSTRUMENT;EFS;EUR;47;119.65000000;599;EXCHANGE_LAST;;1;1;XEUR;11820390;689;
22.04.2025;12:25:52.609;FGBM SI 20250606 PS;SIMPLE_INSTRUMENT;EFS;EUR;48;119.64000000;423;EXCHANGE_LAST;;1;1;XEUR;11820390;689;
22.04.2025;12:26:20.085;FGBM SI 20250606 PS;SIMPLE_INSTRUMENT;EFS;EUR;49;119.63000000;423;EXCHANGE_LAST;;1;1;XEUR;11820390;689;
22.04.2025;12:33:21.095;FGBM SI 20250606 PS;SIMPLE_INSTRUMENT;EFS;EUR;50;119.63000000;388;EXCHANGE_LAST;;1;1;XEUR;11820390;689;
22.04.2025;12:36:16.774;FGBM SI 20250606 PS;SIMPLE_INSTRUMENT;EFS;EUR;51;119.65000000;423;EXCHANGE_LAST;;1;1;XEUR;11820390;689;
22.04.2025;12:37:07.950;FGBM SI 20250606 PS;SIMPLE_INSTRUMENT;EFS;EUR;52;119.63000000;846;EXCHANGE_LAST;;1;1;XEUR;11820390;689;
22.04.2025;12:38:20.003;FGBM SI 20250606 PS;SIMPLE_INSTRUMENT;EFS;EUR;53;119.64000000;179;EXCHANGE_LAST;;1;1;XEUR;11820390;689;
22.04.2025;12:38:39.026;FGBM SI 20250606 PS;SIMPLE_INSTRUMENT;EFS;EUR;54;119.64000000;860;EXCHANGE_LAST;;1;1;XEUR;11820390;689;
22.04.2025;12:55:49.514;FGBM SI 20250606 PS;SIMPLE_INSTRUMENT;EFS;EUR;55;119.65000000;423;EXCHANGE_LAST;;1;1;XEUR;11820390;689;
22.04.2025;12:56:13.944;FGBM SI 20250606 PS;SIMPLE_INSTRUMENT;EFS;EUR;56;119.65000000;846;EXCHANGE_LAST;;1;1;XEUR;11820390;689;
22.04.2025;12:58:53.152;FGBM SI 20250606 PS;SIMPLE_INSTRUMENT;EFS;EUR;57;119.66000000;799;EXCHANGE_LAST;;1;1;XEUR;11820390;689;
22.04.2025;13:07:26.272;FGBM SI 20250606 PS;SIMPLE_INSTRUMENT;EFS;EUR;58;119.66000000;2291;EXCHANGE_LAST;;1;1;XEUR;11820390;689;
22.04.2025;13:09:21.882;FGBM SI 20250606 PS;SIMPLE_INSTRUMENT;EFS;EUR;59;119.67000000;1375;EXCHANGE_LAST;;1;1;XEUR;11820390;689;
22.04.2025;13:10:19.473;FGBM SI 20250606 PS;SIMPLE_INSTRUMENT;EFS;EUR;60;119.66000000;1375;EXCHANGE_LAST;;1;1;XEUR;11820390;689;
22.04.2025;13:22:00.951;FGBM SI 20250606 PS;SIMPLE_INSTRUMENT;EFP_FIN;EUR;61;119.64000000;261;EXCHANGE_LAST;;1;1;XEUR;11820390;689;
22.04.2025;13:27:19.683;FGBM SI 20250606 PS;SIMPLE_INSTRUMENT;EFS;EUR;62;119.61000000;424;EXCHANGE_LAST;;1;1;XEUR;11820390;689;
22.04.2025;13:28:43.587;FGBM SI 20250606 PS;SIMPLE_INSTRUMENT;EFS;EUR;63;119.62000000;399;EXCHANGE_LAST;;1;1;XEUR;11820390;689;
22.04.2025;13:30:46.325;FGBM SI 20250606 PS;SIMPLE_INSTRUMENT;EFS;EUR;64;119.61000000;847;EXCHANGE_LAST;;1;1;XEUR;11820390;689;
22.04.2025;13:40:55.090;FGBM SI 20250606 PS;SIMPLE_INSTRUMENT;EFP_FIN;EUR;65;119.63000000;211;EXCHANGE_LAST;;1;1;XEUR;11820390;689;
22.04.2025;13:43:34.218;FGBM SI 20250606 PS;SIMPLE_INSTRUMENT;EFS;EUR;66;119.65000000;1383;EXCHANGE_LAST;;1;1;XEUR;11820390;689;
22.04.2025;13:43:45.289;FGBM SI 20250606 PS;SIMPLE_INSTRUMENT;EFS;EUR;67;119.66000000;1382;EXCHANGE_LAST;;1;1;XEUR;11820390;689;
22.04.2025;13:44:05.952;FGBM SI 20250606 PS;SIMPLE_INSTRUMENT;EFS;EUR;68;119.64000000;169;EXCHANGE_LAST;;1;1;XEUR;11820390;689;
22.04.2025;13:44:44.167;FGBM SI 20250606 PS;SIMPLE_INSTRUMENT;EFP_FIN;EUR;69;119.63000000;449;EXCHANGE_LAST;;1;1;XEUR;11820390;689;
22.04.2025;13:47:05.631;FGBM SI 20250606 PS;SIMPLE_INSTRUMENT;EFP_FIN;EUR;70;119.63000000;227;EXCHANGE_LAST;;1;1;XEUR;11820390;689;
22.04.2025;13:47:27.505;FGBM SI 20250606 PS;SIMPLE_INSTRUMENT;EFS;EUR;71;119.60000000;848;EXCHANGE_LAST;;1;1;XEUR;11820390;689;
22.04.2025;13:53:15.555;FGBM SI 20250606 PS;SIMPLE_INSTRUMENT;EFS;EUR;72;119.61000000;3667;EXCHANGE_LAST;;1;1;XEUR;11820390;689;
22.04.2025;13:58:09.942;FGBM SI 20250606 PS;SIMPLE_INSTRUMENT;EFS;EUR;73;119.59000000;848;EXCHANGE_LAST;;1;1;XEUR;11820390;689;
22.04.2025;14:00:03.191;FGBM SI 20250606 PS;SIMPLE_INSTRUMENT;EFS;EUR;74;119.62000000;383;EXCHANGE_LAST;;1;1;XEUR;11820390;689;
22.04.2025;14:05:54.867;FGBM SI 20250606 PS;SIMPLE_INSTRUMENT;EFS;EUR;75;119.63000000;500;EXCHANGE_LAST;;1;1;XEUR;11820390;689;
22.04.2025;14:06:03.662;FGBM SI 20250606 PS;SIMPLE_INSTRUMENT;EFS;EUR;76;119.62000000;480;EXCHANGE_LAST;;1;1;XEUR;11820390;689;
22.04.2025;14:11:50.782;FGBM SI 20250606 PS;SIMPLE_INSTRUMENT;EFS;EUR;77;119.62000000;400;EXCHANGE_LAST;;1;1;XEUR;11820390;689;
22.04.2025;14:17:33.931;FGBM SI 20250606 PS;SIMPLE_INSTRUMENT;EFS;EUR;78;119.60000000;847;EXCHANGE_LAST;;1;1;XEUR;11820390;689;
22.04.2025;14:19:46.075;FGBM SI 20250606 PS;SIMPLE_INSTRUMENT;EFS;EUR;79;119.62000000;388;EXCHANGE_LAST;;1;1;XEUR;11820390;689;
22.04.2025;14:37:18.245;FGBM SI 20250606 PS;SIMPLE_INSTRUMENT;EFP_FIN;EUR;80;119.60000000;160;EXCHANGE_LAST;;1;1;XEUR;11820390;689;
22.04.2025;14:37:26.213;FGBM SI 20250606 PS;SIMPLE_INSTRUMENT;EFS;EUR;81;119.65000000;400;EXCHANGE_LAST;;1;1;XEUR;11820390;689;
22.04.2025;14:42:00.440;FGBM SI 20250606 PS;SIMPLE_INSTRUMENT;EFS;EUR;82;119.70000000;846;EXCHANGE_LAST;;1;1;XEUR;11820390;689;
22.04.2025;14:42:39.292;FGBM SI 20250606 PS;SIMPLE_INSTRUMENT;EFS;EUR;83;119.70000000;423;EXCHANGE_LAST;;1;1;XEUR;11820390;689;
22.04.2025;14:43:32.636;FGBM SI 20250606 PS;SIMPLE_INSTRUMENT;EFS;EUR;84;119.70000000;846;EXCHANGE_LAST;;1;1;XEUR;11820390;689;
22.04.2025;14:44:23.456;FGBM SI 20250606 PS;SIMPLE_INSTRUMENT;EFS;EUR;85;119.69000000;846;EXCHANGE_LAST;;1;1;XEUR;11820390;689;
22.04.2025;14:45:27.277;FGBM SI 20250606 PS;SIMPLE_INSTRUMENT;EFS;EUR;86;119.70000000;846;EXCHANGE_LAST;;1;1;XEUR;11820390;689;
22.04.2025;14:47:54.847;FGBM SI 20250606 PS;SIMPLE_INSTRUMENT;EFS;EUR;87;119.66000000;846;EXCHANGE_LAST;;1;1;XEUR;11820390;689;
22.04.2025;14:50:27.610;FGBM SI 20250606 PS;SIMPLE_INSTRUMENT;EFS;EUR;88;119.66000000;423;EXCHANGE_LAST;;1;1;XEUR;11820390;689;
22.04.2025;14:51:02.965;FGBM SI 20250606 PS;SIMPLE_INSTRUMENT;EFS;EUR;89;119.66000000;423;EXCHANGE_LAST;;1;1;XEUR;11820390;689;
22.04.2025;14:51:52.118;FGBM SI 20250606 PS;SIMPLE_INSTRUMENT;EFS;EUR;90;119.67000000;423;EXCHANGE_LAST;;1;1;XEUR;11820390;689;
22.04.2025;14:53:26.819;FGBM SI 20250606 PS;SIMPLE_INSTRUMENT;EFS;EUR;91;119.67000000;212;EXCHANGE_LAST;;1;1;XEUR;11820390;689;
22.04.2025;14:53:28.207;FGBM SI 20250606 PS;SIMPLE_INSTRUMENT;EFS;EUR;92;119.66000000;1594;EXCHANGE_LAST;;1;1;XEUR;11820390;689;
22.04.2025;14:58:24.145;FGBM SI 20250606 PS;SIMPLE_INSTRUMENT;EFS;EUR;93;119.66000000;399;EXCHANGE_LAST;;1;1;XEUR;11820390;689;
22.04.2025;15:03:00.367;FGBM SI 20250606 PS;SIMPLE_INSTRUMENT;EFS;EUR;94;119.64000000;797;EXCHANGE_LAST;;1;1;XEUR;11820390;689;
22.04.2025;15:04:40.807;FGBM SI 20250606 PS;SIMPLE_INSTRUMENT;EFS;EUR;95;119.62000000;847;EXCHANGE_LAST;;1;1;XEUR;11820390;689;
22.04.2025;15:21:39.488;FGBM SI 20250606 PS;SIMPLE_INSTRUMENT;EFP_FIN;EUR;96;119.71000000;375;EXCHANGE_LAST;;1;1;XEUR;11820390;689;
22.04.2025;15:30:10.879;FGBM SI 20250606 PS;SIMPLE_INSTRUMENT;EFP_FIN;EUR;97;119.71000000;426;EXCHANGE_LAST;;1;1;XEUR;11820390;689;
22.04.2025;15:34:57.370;FGBM SI 20250606 PS;SIMPLE_INSTRUMENT;EFP_FIN;EUR;98;119.70000000;551;EXCHANGE_LAST;;1;1;XEUR;11820390;689;
22.04.2025;15:34:57.380;FGBM SI 20250606 PS;SIMPLE_INSTRUMENT;EFS;EUR;99;119.74000000;239;EXCHANGE_LAST;;1;1;XEUR;11820390;689;
22.04.2025;15:40:38.205;FGBM SI 20250606 PS;SIMPLE_INSTRUMENT;EFP_FIN;EUR;100;119.70000000;642;EXCHANGE_LAST;;1;1;XEUR;11820390;689;
22.04.2025;15:52:01.170;FGBM SI 20250606 PS;SIMPLE_INSTRUMENT;EFS;EUR;101;119.74000000;478;EXCHANGE_LAST;;1;1;XEUR;11820390;689;
22.04.2025;16:06:41.562;FGBM SI 20250606 PS;SIMPLE_INSTRUMENT;EFS;EUR;102;119.74000000;254;EXCHANGE_LAST;;1;1;XEUR;11820390;689;
22.04.2025;16:08:09.493;FGBM SI 20250606 PS;SIMPLE_INSTRUMENT;EFS;EUR;103;119.73000000;549;EXCHANGE_LAST;;1;1;XEUR;11820390;689;
22.04.2025;09:57:03.675;FGBM SI 20250606 PS;SIMPLE_INSTRUMENT;VOLA;EUR;268435515;119.65000000;126;EXCHANGE_LAST;;1;1;XEUR;11820390;689;
22.04.2025;08:00:07.309;FGBS SI 20250606 PS;SIMPLE_INSTRUMENT;EFS;EUR;1;107.69000000;2354;EXCHANGE_LAST;;1;1;XEUR;11820391;690;
22.04.2025;08:19:34.670;FGBS SI 20250606 PS;SIMPLE_INSTRUMENT;EFP_FIN;EUR;2;107.70000000;581;EXCHANGE_LAST;;1;1;XEUR;11820391;690;
22.04.2025;08:34:08.762;FGBS SI 20250606 PS;SIMPLE_INSTRUMENT;EFS;EUR;3;107.70000000;1120;EXCHANGE_LAST;;1;1;XEUR;11820391;690;
22.04.2025;08:37:19.295;FGBS SI 20250606 PS;SIMPLE_INSTRUMENT;EFP_FIN;EUR;4;107.70000000;1350;EXCHANGE_LAST;;1;1;XEUR;11820391;690;
22.04.2025;08:41:52.658;FGBS SI 20250606 PS;SIMPLE_INSTRUMENT;EFS;EUR;5;107.69000000;1000;EXCHANGE_LAST;;1;1;XEUR;11820391;690;
22.04.2025;08:42:38.962;FGBS SI 20250606 PS;SIMPLE_INSTRUMENT;EFS;EUR;6;107.69000000;1000;EXCHANGE_LAST;;1;1;XEUR;11820391;690;
22.04.2025;08:43:52.116;FGBS SI 20250606 PS;SIMPLE_INSTRUMENT;EFS;EUR;7;107.67000000;2356;EXCHANGE_LAST;;1;1;XEUR;11820391;690;
22.04.2025;08:47:57.800;FGBS SI 20250606 PS;SIMPLE_INSTRUMENT;EFP_FIN;EUR;8;107.66000000;234;EXCHANGE_LAST;;1;1;XEUR;11820391;690;
22.04.2025;08:49:52.221;FGBS SI 20250606 PS;SIMPLE_INSTRUMENT;EFP_FIN;EUR;9;107.67000000;1052;EXCHANGE_LAST;;1;1;XEUR;11820391;690;
22.04.2025;08:50:12.099;FGBS SI 20250606 PS;SIMPLE_INSTRUMENT;EFP_FIN;EUR;10;107.70000000;2735;EXCHANGE_LAST;;1;1;XEUR;11820391;690;
22.04.2025;08:57:51.218;FGBS SI 20250606 PS;SIMPLE_INSTRUMENT;EFS;EUR;11;107.68500000;1868;EXCHANGE_LAST;;1;1;XEUR;11820391;690;
22.04.2025;09:02:32.980;FGBS SI 20250606 PS;SIMPLE_INSTRUMENT;EFP_FIN;EUR;12;107.68000000;526;EXCHANGE_LAST;;1;1;XEUR;11820391;690;
22.04.2025;09:04:28.422;FGBS SI 20250606 PS;SIMPLE_INSTRUMENT;EFP_FIN;EUR;13;107.66000000;1173;EXCHANGE_LAST;;1;1;XEUR;11820391;690;
22.04.2025;09:13:26.541;FGBS SI 20250606 PS;SIMPLE_INSTRUMENT;EFP_FIN;EUR;14;107.68000000;469;EXCHANGE_LAST;;1;1;XEUR;11820391;690;
22.04.2025;09:17:12.796;FGBS SI 20250606 PS;SIMPLE_INSTRUMENT;EFP_FIN;EUR;15;107.67000000;938;EXCHANGE_LAST;;1;1;XEUR;11820391;690;
22.04.2025;09:18:13.840;FGBS SI 20250606 PS;SIMPLE_INSTRUMENT;EFP_FIN;EUR;16;107.67000000;338;EXCHANGE_LAST;;1;1;XEUR;11820391;690;
22.04.2025;09:22:44.915;FGBS SI 20250606 PS;SIMPLE_INSTRUMENT;EFP_FIN;EUR;17;107.68000000;526;EXCHANGE_LAST;;1;1;XEUR;11820391;690;
22.04.2025;09:32:45.407;FGBS SI 20250606 PS;SIMPLE_INSTRUMENT;EFP_FIN;EUR;18;107.65000000;938;EXCHANGE_LAST;;1;1;XEUR;11820391;690;
22.04.2025;09:39:46.862;FGBS SI 20250606 PS;SIMPLE_INSTRUMENT;EFP_FIN;EUR;19;107.68000000;310;EXCHANGE_LAST;;1;1;XEUR;11820391;690;
22.04.2025;09:40:06.223;FGBS SI 20250606 PS;SIMPLE_INSTRUMENT;EFP_FIN;EUR;20;107.68000000;365;EXCHANGE_LAST;;1;1;XEUR;11820391;690;
22.04.2025;09:40:25.594;FGBS SI 20250606 PS;SIMPLE_INSTRUMENT;EFP_FIN;EUR;21;107.68000000;337;EXCHANGE_LAST;;1;1;XEUR;11820391;690;
22.04.2025;09:40:43.792;FGBS SI 20250606 PS;SIMPLE_INSTRUMENT;EFP_FIN;EUR;22;107.68000000;1418;EXCHANGE_LAST;;1;1;XEUR;11820391;690;
22.04.2025;09:49:30.348;FGBS SI 20250606 PS;SIMPLE_INSTRUMENT;EFP_FIN;EUR;23;107.64000000;1052;EXCHANGE_LAST;;1;1;XEUR;11820391;690;
22.04.2025;09:49:40.488;FGBS SI 20250606 PS;SIMPLE_INSTRUMENT;EFP_FIN;EUR;24;107.64000000;263;EXCHANGE_LAST;;1;1;XEUR;11820391;690;
22.04.2025;10:10:24.775;FGBS SI 20250606 PS;SIMPLE_INSTRUMENT;EFS;EUR;25;107.63500000;1865;EXCHANGE_LAST;;1;1;XEUR;11820391;690;
22.04.2025;10:16:14.535;FGBS SI 20250606 PS;SIMPLE_INSTRUMENT;EFP_FIN;EUR;26;107.64000000;1052;EXCHANGE_LAST;;1;1;XEUR;11820391;690;
22.04.2025;10:27:34.614;FGBS SI 20250606 PS;SIMPLE_INSTRUMENT;EFP_FIN;EUR;27;107.63000000;4351;EXCHANGE_LAST;;1;1;XEUR;11820391;690;
22.04.2025;10:30:27.038;FGBS SI 20250606 PS;SIMPLE_INSTRUMENT;EFS;EUR;28;107.64000000;1268;EXCHANGE_LAST;;1;1;XEUR;11820391;690;
22.04.2025;10:37:13.963;FGBS SI 20250606 PS;SIMPLE_INSTRUMENT;EFP_FIN;EUR;29;107.64000000;2524;EXCHANGE_LAST;;1;1;XEUR;11820391;690;
22.04.2025;10:39:27.659;FGBS SI 20250606 PS;SIMPLE_INSTRUMENT;EFP_FIN;EUR;30;107.64000000;1052;EXCHANGE_LAST;;1;1;XEUR;11820391;690;
22.04.2025;10:50:19.434;FGBS SI 20250606 PS;SIMPLE_INSTRUMENT;EFP_FIN;EUR;31;107.64000000;4050;EXCHANGE_LAST;;1;1;XEUR;11820391;690;
22.04.2025;10:51:48.235;FGBS SI 20250606 PS;SIMPLE_INSTRUMENT;EFP_FIN;EUR;32;107.64000000;1012;EXCHANGE_LAST;;1;1;XEUR;11820391;690;
22.04.2025;11:14:27.101;FGBS SI 20250606 PS;SIMPLE_INSTRUMENT;EFS;EUR;33;107.63500000;2396;EXCHANGE_LAST;;1;1;XEUR;11820391;690;
22.04.2025;11:27:57.730;FGBS SI 20250606 PS;SIMPLE_INSTRUMENT;EFS;EUR;34;107.63000000;1865;EXCHANGE_LAST;;1;1;XEUR;11820391;690;
22.04.2025;12:16:17.159;FGBS SI 20250606 PS;SIMPLE_INSTRUMENT;EFP_FIN;EUR;35;107.65000000;1051;EXCHANGE_LAST;;1;1;XEUR;11820391;690;
22.04.2025;12:23:57.251;FGBS SI 20250606 PS;SIMPLE_INSTRUMENT;EFP_FIN;EUR;36;107.65000000;131;EXCHANGE_LAST;;1;1;XEUR;11820391;690;
22.04.2025;12:26:02.124;FGBS SI 20250606 PS;SIMPLE_INSTRUMENT;EFP_FIN;EUR;37;107.65000000;938;EXCHANGE_LAST;;1;1;XEUR;11820391;690;
22.04.2025;12:27:15.648;FGBS SI 20250606 PS;SIMPLE_INSTRUMENT;EFP_FIN;EUR;38;107.64000000;385;EXCHANGE_LAST;;1;1;XEUR;11820391;690;
22.04.2025;12:29:37.262;FGBS SI 20250606 PS;SIMPLE_INSTRUMENT;EFP_FIN;EUR;39;107.65000000;473;EXCHANGE_LAST;;1;1;XEUR;11820391;690;
22.04.2025;12:29:57.866;FGBS SI 20250606 PS;SIMPLE_INSTRUMENT;EFP_FIN;EUR;40;107.65000000;316;EXCHANGE_LAST;;1;1;XEUR;11820391;690;
22.04.2025;12:32:41.647;FGBS SI 20250606 PS;SIMPLE_INSTRUMENT;EFS;EUR;41;107.63500000;1182;EXCHANGE_LAST;;1;1;XEUR;11820391;690;
22.04.2025;12:40:40.609;FGBS SI 20250606 PS;SIMPLE_INSTRUMENT;EFS;EUR;42;107.66000000;2401;EXCHANGE_LAST;;1;1;XEUR;11820391;690;
22.04.2025;12:48:29.663;FGBS SI 20250606 PS;SIMPLE_INSTRUMENT;EFP_FIN;EUR;43;107.65000000;525;EXCHANGE_LAST;;1;1;XEUR;11820391;690;
22.04.2025;12:56:45.351;FGBS SI 20250606 PS;SIMPLE_INSTRUMENT;EFS;EUR;44;107.65000000;2363;EXCHANGE_LAST;;1;1;XEUR;11820391;690;
22.04.2025;13:04:35.708;FGBS SI 20250606 PS;SIMPLE_INSTRUMENT;EFS;EUR;45;107.65000000;1182;EXCHANGE_LAST;;1;1;XEUR;11820391;690;
22.04.2025;13:08:17.763;FGBS SI 20250606 PS;SIMPLE_INSTRUMENT;EFS;EUR;46;107.65000000;4067;EXCHANGE_LAST;;1;1;XEUR;11820391;690;
22.04.2025;13:08:48.137;FGBS SI 20250606 PS;SIMPLE_INSTRUMENT;EFS;EUR;47;107.64500000;4068;EXCHANGE_LAST;;1;1;XEUR;11820391;690;
22.04.2025;13:19:52.930;FGBS SI 20250606 PS;SIMPLE_INSTRUMENT;EFS;EUR;48;107.63000000;2367;EXCHANGE_LAST;;1;1;XEUR;11820391;690;
22.04.2025;13:32:07.286;FGBS SI 20250606 PS;SIMPLE_INSTRUMENT;EFP_FIN;EUR;49;107.63000000;263;EXCHANGE_LAST;;1;1;XEUR;11820391;690;
22.04.2025;13:53:37.251;FGBS SI 20250606 PS;SIMPLE_INSTRUMENT;EFS;EUR;50;107.64000000;1182;EXCHANGE_LAST;;1;1;XEUR;11820391;690;
22.04.2025;13:53:47.253;FGBS SI 20250606 PS;SIMPLE_INSTRUMENT;EFS;EUR;51;107.64000000;1182;EXCHANGE_LAST;;1;1;XEUR;11820391;690;
22.04.2025;14:01:23.425;FGBS SI 20250606 PS;SIMPLE_INSTRUMENT;EFS;EUR;52;107.62000000;709;EXCHANGE_LAST;;1;1;XEUR;11820391;690;
22.04.2025;14:10:08.826;FGBS SI 20250606 PS;SIMPLE_INSTRUMENT;EFP_FIN;EUR;53;107.62000000;2026;EXCHANGE_LAST;;1;1;XEUR;11820391;690;
22.04.2025;14:10:12.426;FGBS SI 20250606 PS;SIMPLE_INSTRUMENT;EFS;EUR;54;107.63000000;1182;EXCHANGE_LAST;;1;1;XEUR;11820391;690;
22.04.2025;14:10:13.041;FGBS SI 20250606 PS;SIMPLE_INSTRUMENT;EFP_FIN;EUR;55;107.65000000;949;EXCHANGE_LAST;;1;1;XEUR;11820391;690;
22.04.2025;14:20:12.176;FGBS SI 20250606 PS;SIMPLE_INSTRUMENT;EFS;EUR;56;107.62500000;2367;EXCHANGE_LAST;;1;1;XEUR;11820391;690;
22.04.2025;14:26:16.237;FGBS SI 20250606 PS;SIMPLE_INSTRUMENT;EFP_FIN;EUR;57;107.62000000;1578;EXCHANGE_LAST;;1;1;XEUR;11820391;690;
22.04.2025;15:08:52.782;FGBS SI 20250606 PS;SIMPLE_INSTRUMENT;EFS;EUR;58;107.63000000;2711;EXCHANGE_LAST;;1;1;XEUR;11820391;690;
22.04.2025;15:18:55.404;FGBS SI 20250606 PS;SIMPLE_INSTRUMENT;EFS;EUR;59;107.63000000;2500;EXCHANGE_LAST;;1;1;XEUR;11820391;690;
22.04.2025;15:21:20.763;FGBS SI 20250606 PS;SIMPLE_INSTRUMENT;EFP_FIN;EUR;60;107.62000000;338;EXCHANGE_LAST;;1;1;XEUR;11820391;690;
22.04.2025;15:32:44.150;FGBS SI 20250606 PS;SIMPLE_INSTRUMENT;EFP_FIN;EUR;61;107.65000000;817;EXCHANGE_LAST;;1;1;XEUR;11820391;690;
22.04.2025;15:32:59.002;FGBS SI 20250606 PS;SIMPLE_INSTRUMENT;EFS;EUR;62;107.67500000;709;EXCHANGE_LAST;;1;1;XEUR;11820391;690;
22.04.2025;15:34:56.681;FGBS SI 20250606 PS;SIMPLE_INSTRUMENT;EFP_FIN;EUR;64;107.66000000;376;EXCHANGE_LAST;;1;1;XEUR;11820391;690;
22.04.2025;15:35:34.728;FGBS SI 20250606 PS;SIMPLE_INSTRUMENT;EFP_FIN;EUR;65;107.66000000;300;EXCHANGE_LAST;;1;1;XEUR;11820391;690;
22.04.2025;15:40:46.683;FGBS SI 20250606 PS;SIMPLE_INSTRUMENT;EFS;EUR;66;107.65000000;500;EXCHANGE_LAST;;1;1;XEUR;11820391;690;
22.04.2025;15:54:25.534;FGBS SI 20250606 PS;SIMPLE_INSTRUMENT;EFS;EUR;67;107.67000000;3547;EXCHANGE_LAST;;1;1;XEUR;11820391;690;
22.04.2025;16:08:09.473;FGBS SI 20250606 PS;SIMPLE_INSTRUMENT;EFS;EUR;68;107.66500000;1626;EXCHANGE_LAST;;1;1;XEUR;11820391;690;
22.04.2025;06:21:14.724;FGBS SI 20250606 PS;SIMPLE_INSTRUMENT;VOLA;EUR;268435459;107.73000000;300;EXCHANGE_LAST;;1;1;XEUR;11820391;690;
22.04.2025;07:13:34.083;FGBX SI 20250606 PS;SIMPLE_INSTRUMENT;EFS;EUR;1;123.52000000;199;EXCHANGE_LAST;;1;1;XEUR;11820392;691;
22.04.2025;08:04:46.242;FGBX SI 20250606 PS;SIMPLE_INSTRUMENT;BLOCK;EUR;2;123.82000000;121;EXCHANGE_LAST;;1;1;XEUR;11820392;691;
22.04.2025;09:58:42.900;FGBX SI 20250606 PS;SIMPLE_INSTRUMENT;EFP_FIN;EUR;3;124.40000000;61;EXCHANGE_LAST;;1;1;XEUR;11820392;691;
22.04.2025;12:16:57.587;FGBX SI 20250606 PS;SIMPLE_INSTRUMENT;EFP_FIN;EUR;8;124.68000000;120;EXCHANGE_LAST;;1;1;XEUR;11820392;691;
22.04.2025;12:17:41.808;FGBX SI 20250606 PS;SIMPLE_INSTRUMENT;EFS;EUR;9;124.66000000;191;EXCHANGE_LAST;;1;1;XEUR;11820392;691;
22.04.2025;13:04:57.982;FGBX SI 20250606 PS;SIMPLE_INSTRUMENT;EFP_FIN;EUR;12;124.78000000;176;EXCHANGE_LAST;;1;1;XEUR;11820392;691;
22.04.2025;15:11:41.791;FGBX SI 20250606 PS;SIMPLE_INSTRUMENT;BLOCK;EUR;13;124.76000000;698;EXCHANGE_LAST;;1;1;XEUR;11820392;691;
22.04.2025;15:15:17.169;FGBX SI 20250606 PS;SIMPLE_INSTRUMENT;BLOCK;EUR;14;124.84000000;199;EXCHANGE_LAST;;1;1;XEUR;11820392;691;
22.04.2025;15:38:51.724;FIAK SI 20250619 CS;SIMPLE_INSTRUMENT;BLOCK;EUR;83;7.63200000;4000;EXCHANGE_LAST;;1;1;XEUR;11164348;144766;
22.04.2025;07:14:43.098;FMAE SI 20250620 CS;SIMPLE_INSTRUMENT;EFP_IDX;EUR;23;358.46000000;250;EXCHANGE_LAST;;1;1;XEUR;7939684;48921;
22.04.2025;02:38:53.888;FMAU SI 20250620 CS;SIMPLE_INSTRUMENT;BLOCK;USD;4;5516.66900000;133;EXCHANGE_LAST;;1;1;XEUR;7939462;45287;
22.04.2025;03:19:10.551;FMAU SI 20250620 CS;SIMPLE_INSTRUMENT;BLOCK;USD;5;5517.76500000;27;EXCHANGE_LAST;;1;1;XEUR;7939462;45287;
22.04.2025;08:00:48.714;FMAU SI 20250620 CS;SIMPLE_INSTRUMENT;BLOCK;USD;24;5517.21600000;133;EXCHANGE_LAST;;1;1;XEUR;7939462;45287;
22.04.2025;08:18:15.481;FMCH SI 20250620 CS;SIMPLE_INSTRUMENT;BLOCK;USD;26;542.14100000;130;EXCHANGE_LAST;;1;1;XEUR;7940815;402909;
22.04.2025;09:01:00.287;FMCH SI 20250620 CS;SIMPLE_INSTRUMENT;BLOCK;USD;30;546.57900000;146;EXCHANGE_LAST;;1;1;XEUR;7940815;402909;
22.04.2025;16:03:41.154;FMCP SI 20250620 CS;SIMPLE_INSTRUMENT;EFP_IDX;EUR;58;534.00000000;95;EXCHANGE_LAST;;1;1;XEUR;11880750;662;
22.04.2025;16:04:04.825;FMCP SI 20250620 CS;SIMPLE_INSTRUMENT;EFP_IDX;EUR;59;534.20000000;41;EXCHANGE_LAST;;1;1;XEUR;11880750;662;
22.04.2025;09:55:23.830;FME SI 20250516 PS AM P 35.00 0;SIMPLE_INSTRUMENT;BLOCK;EUR;7;0.33000000;650;EXCHANGE_LAST;;1;1;XEUR;12919901;663;
22.04.2025;06:27:35.834;FMEN SI 20250620 CS;SIMPLE_INSTRUMENT;BLOCK;EUR;9;475.39600000;21;EXCHANGE_LAST;;1;1;XEUR;7939172;30652;
22.04.2025;06:54:44.323;FMEN SI 20250620 CS;SIMPLE_INSTRUMENT;EFP_IDX;EUR;19;475.65000000;182;EXCHANGE_LAST;;1;1;XEUR;7939172;30652;
22.04.2025;06:27:05.611;FMES SI 20250620 CS;SIMPLE_INSTRUMENT;EFP_IDX;EUR;8;549.22400000;4;EXCHANGE_LAST;;1;1;XEUR;7940344;221291;
22.04.2025;07:03:39.737;FMGC SI 20250620 CS;SIMPLE_INSTRUMENT;BLOCK;USD;20;12934.67000000;37;EXCHANGE_LAST;;1;1;XEUR;7939680;48916;
22.04.2025;08:28:06.344;FMGO SI 20250620 CS;SIMPLE_INSTRUMENT;EFP_IDX;USD;28;5448.03000000;39;EXCHANGE_LAST;;1;1;XEUR;8609371;583623;
22.04.2025;13:47:19.754;FMGO SI 20250620 CS;SIMPLE_INSTRUMENT;BLOCK;USD;32;5422.00000000;334;EXCHANGE_LAST;;1;1;XEUR;8609371;583623;
22.04.2025;01:07:56.241;FMHK SI 20250620 CS;SIMPLE_INSTRUMENT;BLOCK;USD;2;56437.07300000;21;EXCHANGE_LAST;;2;1;XEUR;7939458;45282;
22.04.2025;03:17:34.280;FMID SI 20250620 CS;SIMPLE_INSTRUMENT;BLOCK;USD;4;1356.00000000;20;EXCHANGE_LAST;;1;1;XEUR;7939464;45289;
22.04.2025;07:24:22.367;FMIN SI 20250620 CS;SIMPLE_INSTRUMENT;BLOCK;USD;21;1240.36000000;81;EXCHANGE_LAST;;1;1;XEUR;7938852;12404;
22.04.2025;07:25:14.702;FMIN SI 20250620 CS;SIMPLE_INSTRUMENT;BLOCK;USD;22;1240.36000000;123;EXCHANGE_LAST;;1;1;XEUR;7938852;12404;
22.04.2025;08:29:26.704;FMIN SI 20250620 CS;SIMPLE_INSTRUMENT;BLOCK;USD;27;1240.36000000;85;EXCHANGE_LAST;;1;1;XEUR;7938852;12404;
22.04.2025;10:16:19.883;FMIN SI 20250620 CS;SIMPLE_INSTRUMENT;BLOCK;USD;31;1263.35800000;59;EXCHANGE_LAST;;1;1;XEUR;7938852;12404;
22.04.2025;01:06:14.849;FMJP SI 20250620 CS;SIMPLE_INSTRUMENT;BLOCK;USD;1;8702.43300000;56;EXCHANGE_LAST;;1;1;XEUR;7937445;661;
22.04.2025;01:10:37.074;FMJP SI 20250620 CS;SIMPLE_INSTRUMENT;BLOCK;USD;3;8749.29100000;1262;EXCHANGE_LAST;;2;1;XEUR;7937445;661;
22.04.2025;16:00:47.438;FMMX SI 20250620 CS;SIMPLE_INSTRUMENT;BLOCK;USD;38;687.67500000;150;EXCHANGE_LAST;;1;1;XEUR;7938855;12545;
22.04.2025;03:02:15.157;FMPH SI 20250620 CS;SIMPLE_INSTRUMENT;BLOCK;USD;3;418.00000000;10;EXCHANGE_LAST;;1;1;XEUR;7938856;12548;
22.04.2025;07:26:27.794;FMPH SI 20250620 CS;SIMPLE_INSTRUMENT;EFP_IDX;USD;5;424.61800000;156;EXCHANGE_LAST;;1;1;XEUR;7938856;12548;
22.04.2025;08:52:21.700;FMSA SI 20250620 CS;SIMPLE_INSTRUMENT;BLOCK;USD;29;1761.39000000;283;EXCHANGE_LAST;;1;1;XEUR;7940199;134861;
22.04.2025;00:19:03.268;FMTW SI 20250620 CS;SIMPLE_INSTRUMENT;BLOCK;USD;1;696.40400000;427;EXCHANGE_LAST;;1;1;XEUR;7939790;51884;
22.04.2025;00:22:49.634;FMTW SI 20250620 CS;SIMPLE_INSTRUMENT;BLOCK;USD;2;696.74800000;427;EXCHANGE_LAST;;1;1;XEUR;7939790;51884;
22.04.2025;06:51:48.948;FMWN SI 20250620 CS;SIMPLE_INSTRUMENT;BLOCK;EUR;16;499.50000000;111;EXCHANGE_LAST;;1;1;XEUR;7939177;30654;
22.04.2025;06:54:52.292;FMWN SI 20250620 CS;SIMPLE_INSTRUMENT;BLOCK;EUR;18;500.15000000;300;EXCHANGE_LAST;;1;1;XEUR;7939177;30654;
22.04.2025;06:06:53.430;FMWO SI 20250620 CS;SIMPLE_INSTRUMENT;BLOCK;USD;6;11029.00000000;144;EXCHANGE_LAST;;1;1;XEUR;7938711;7059;
22.04.2025;06:31:56.040;FMWO SI 20250620 CS;SIMPLE_INSTRUMENT;BLOCK;USD;11;11120.84000000;275;EXCHANGE_LAST;;1;1;XEUR;7938711;7059;
22.04.2025;06:37:35.465;FMWO SI 20250620 CS;SIMPLE_INSTRUMENT;EFP_IDX;USD;12;11123.04000000;38;EXCHANGE_LAST;;1;1;XEUR;7938711;7059;
22.04.2025;06:37:59.860;FMWO SI 20250620 CS;SIMPLE_INSTRUMENT;BLOCK;USD;13;11121.54000000;191;EXCHANGE_LAST;;1;1;XEUR;7938711;7059;
22.04.2025;06:38:33.333;FMWO SI 20250620 CS;SIMPLE_INSTRUMENT;BLOCK;USD;14;11117.54000000;180;EXCHANGE_LAST;;1;1;XEUR;7938711;7059;
22.04.2025;06:46:07.592;FMWO SI 20250620 CS;SIMPLE_INSTRUMENT;EFP_IDX;USD;15;11119.54000000;393;EXCHANGE_LAST;;1;1;XEUR;7938711;7059;
22.04.2025;06:55:30.820;FMWO SI 20250620 CS;SIMPLE_INSTRUMENT;EFP_IDX;USD;17;11122.54000000;14;EXCHANGE_LAST;;1;1;XEUR;7938711;7059;
22.04.2025;14:13:34.032;FMWP SI 20250620 CS;SIMPLE_INSTRUMENT;VOLA;USD;603979817;3461.00000000;84;EXCHANGE_LAST;;1;1;XEUR;7408971;30656;
22.04.2025;06:17:27.841;FMXG SI 20250620 CS;SIMPLE_INSTRUMENT;EFP_IDX;EUR;7;357.41100000;25;EXCHANGE_LAST;;1;1;XEUR;7940141;124306;
22.04.2025;08:09:40.355;FOAT SI 20250606 PS;SIMPLE_INSTRUMENT;EFS;EUR;1;125.00000000;308;EXCHANGE_LAST;;1;1;XEUR;11820393;749;
22.04.2025;08:30:47.640;FOAT SI 20250606 PS;SIMPLE_INSTRUMENT;EFS;EUR;2;125.08000000;422;EXCHANGE_LAST;;1;1;XEUR;11820393;749;
22.04.2025;09:19:04.765;FOAT SI 20250606 PS;SIMPLE_INSTRUMENT;EFP_FIN;EUR;3;125.15000000;137;EXCHANGE_LAST;;1;1;XEUR;11820393;749;
22.04.2025;09:25:08.405;FOAT SI 20250606 PS;SIMPLE_INSTRUMENT;EFP_FIN;EUR;4;125.09000000;1655;EXCHANGE_LAST;;1;1;XEUR;11820393;749;
22.04.2025;09:26:31.008;FOAT SI 20250606 PS;SIMPLE_INSTRUMENT;EFP_FIN;EUR;5;125.15000000;432;EXCHANGE_LAST;;1;1;XEUR;11820393;749;
22.04.2025;09:48:04.641;FOAT SI 20250606 PS;SIMPLE_INSTRUMENT;EFP_FIN;EUR;6;125.13000000;484;EXCHANGE_LAST;;1;1;XEUR;11820393;749;
22.04.2025;09:52:13.572;FOAT SI 20250606 PS;SIMPLE_INSTRUMENT;EFP_FIN;EUR;7;125.03000000;2128;EXCHANGE_LAST;;1;1;XEUR;11820393;749;
22.04.2025;09:52:14.406;FOAT SI 20250606 PS;SIMPLE_INSTRUMENT;EFP_FIN;EUR;8;125.13000000;144;EXCHANGE_LAST;;1;1;XEUR;11820393;749;
22.04.2025;09:59:12.727;FOAT SI 20250606 PS;SIMPLE_INSTRUMENT;EFP_FIN;EUR;9;125.03000000;1024;EXCHANGE_LAST;;1;1;XEUR;11820393;749;
22.04.2025;10:03:36.372;FOAT SI 20250606 PS;SIMPLE_INSTRUMENT;EFP_FIN;EUR;10;125.09000000;512;EXCHANGE_LAST;;1;1;XEUR;11820393;749;
22.04.2025;10:38:08.212;FOAT SI 20250606 PS;SIMPLE_INSTRUMENT;EFP_FIN;EUR;11;125.14000000;197;EXCHANGE_LAST;;1;1;XEUR;11820393;749;
22.04.2025;10:54:59.077;FOAT SI 20250606 PS;SIMPLE_INSTRUMENT;EFP_FIN;EUR;12;125.15000000;827;EXCHANGE_LAST;;1;1;XEUR;11820393;749;
22.04.2025;11:25:34.007;FOAT SI 20250606 PS;SIMPLE_INSTRUMENT;EFP_FIN;EUR;13;125.11000000;156;EXCHANGE_LAST;;1;1;XEUR;11820393;749;
22.04.2025;12:08:31.006;FOAT SI 20250606 PS;SIMPLE_INSTRUMENT;EFP_FIN;EUR;14;125.16000000;1253;EXCHANGE_LAST;;1;1;XEUR;11820393;749;
22.04.2025;13:21:30.725;FOAT SI 20250606 PS;SIMPLE_INSTRUMENT;EFP_FIN;EUR;15;125.17000000;499;EXCHANGE_LAST;;1;1;XEUR;11820393;749;
22.04.2025;13:24:16.851;FOAT SI 20250606 PS;SIMPLE_INSTRUMENT;EFP_FIN;EUR;16;125.17000000;286;EXCHANGE_LAST;;1;1;XEUR;11820393;749;
22.04.2025;13:47:48.991;FOAT SI 20250606 PS;SIMPLE_INSTRUMENT;EFP_FIN;EUR;17;125.22000000;655;EXCHANGE_LAST;;1;1;XEUR;11820393;749;
22.04.2025;13:42:51.274;FOAT SI 20250606 PS;SIMPLE_INSTRUMENT;EFP_FIN;EUR;18;125.22000000;87;EXCHANGE_LAST;;1;1;XEUR;11820393;749;
22.04.2025;13:55:20.098;FOAT SI 20250606 PS;SIMPLE_INSTRUMENT;EFS;EUR;19;125.21000000;236;EXCHANGE_LAST;;1;1;XEUR;11820393;749;
22.04.2025;14:28:22.661;FOAT SI 20250606 PS;SIMPLE_INSTRUMENT;EFP_FIN;EUR;20;125.01000000;286;EXCHANGE_LAST;;1;1;XEUR;11820393;749;
22.04.2025;15:01:45.027;FOAT SI 20250606 PS;SIMPLE_INSTRUMENT;EFP_FIN;EUR;21;125.14000000;234;EXCHANGE_LAST;;1;1;XEUR;11820393;749;
22.04.2025;15:16:49.783;FOAT SI 20250606 PS;SIMPLE_INSTRUMENT;EFP_FIN;EUR;22;125.04000000;109;EXCHANGE_LAST;;1;1;XEUR;11820393;749;
22.04.2025;15:17:09.213;FOAT SI 20250606 PS;SIMPLE_INSTRUMENT;EFP_FIN;EUR;23;125.04000000;348;EXCHANGE_LAST;;1;1;XEUR;11820393;749;
22.04.2025;15:34:18.318;FOAT SI 20250606 PS;SIMPLE_INSTRUMENT;EFP_FIN;EUR;24;125.18000000;591;EXCHANGE_LAST;;1;1;XEUR;11820393;749;
22.04.2025;15:40:06.325;FOAT SI 20250606 PS;SIMPLE_INSTRUMENT;EFP_FIN;EUR;25;125.20000000;788;EXCHANGE_LAST;;1;1;XEUR;11820393;749;
22.04.2025;15:49:39.706;FSCP SI 20250620 CS;SIMPLE_INSTRUMENT;EFP_IDX;EUR;46;323.00000000;500;EXCHANGE_LAST;;1;1;XEUR;11881879;764;
22.04.2025;15:49:47.706;FSCP SI 20250620 CS;SIMPLE_INSTRUMENT;EFP_IDX;EUR;48;323.10000000;500;EXCHANGE_LAST;;1;1;XEUR;11881879;764;
22.04.2025;15:47:49.878;FSEG SI 20250620 CS;SIMPLE_INSTRUMENT;EFP_IDX;EUR;41;185.90000000;600;EXCHANGE_LAST;;1;1;XEUR;11913120;109977;
22.04.2025;15:47:58.816;FSEG SI 20250620 CS;SIMPLE_INSTRUMENT;EFP_IDX;EUR;42;186.00000000;400;EXCHANGE_LAST;;1;1;XEUR;11913120;109977;
22.04.2025;15:48:00.268;FSEG SI 20250620 CS;SIMPLE_INSTRUMENT;EFP_IDX;EUR;43;185.90000000;300;EXCHANGE_LAST;;1;1;XEUR;11913120;109977;
22.04.2025;15:48:07.577;FSEG SI 20250620 CS;SIMPLE_INSTRUMENT;EFP_IDX;EUR;44;186.00000000;200;EXCHANGE_LAST;;1;1;XEUR;11913120;109977;
22.04.2025;15:48:59.734;FSEG SI 20250620 CS;SIMPLE_INSTRUMENT;EFP_IDX;EUR;45;185.90000000;300;EXCHANGE_LAST;;1;1;XEUR;11913120;109977;
22.04.2025;15:49:05.527;FSEG SI 20250620 CS;SIMPLE_INSTRUMENT;EFP_IDX;EUR;47;186.00000000;200;EXCHANGE_LAST;;1;1;XEUR;11913120;109977;
22.04.2025;15:51:54.238;FSEG SI 20250620 CS;SIMPLE_INSTRUMENT;EFP_IDX;EUR;49;186.00000000;140;EXCHANGE_LAST;;1;1;XEUR;11913120;109977;
22.04.2025;15:52:02.238;FSEG SI 20250620 CS;SIMPLE_INSTRUMENT;EFP_IDX;EUR;50;186.10000000;60;EXCHANGE_LAST;;1;1;XEUR;11913120;109977;
22.04.2025;15:53:02.861;FSEG SI 20250620 CS;SIMPLE_INSTRUMENT;BLOCK;EUR;52;186.10000000;510;EXCHANGE_LAST;;1;1;XEUR;11913120;109977;
22.04.2025;15:53:20.225;FSEG SI 20250620 CS;SIMPLE_INSTRUMENT;BLOCK;EUR;53;185.70000000;377;EXCHANGE_LAST;;1;1;XEUR;11913120;109977;
22.04.2025;15:54:03.139;FSEG SI 20250620 CS;SIMPLE_INSTRUMENT;EFP_IDX;EUR;55;185.70000000;31;EXCHANGE_LAST;;1;1;XEUR;11913120;109977;
22.04.2025;15:54:44.932;FSEG SI 20250620 CS;SIMPLE_INSTRUMENT;EFP_IDX;EUR;57;186.30000000;27;EXCHANGE_LAST;;1;1;XEUR;11913120;109977;
22.04.2025;15:41:08.914;FSTA SI 20250620 CS;SIMPLE_INSTRUMENT;EFP_IDX;EUR;4;485.80000000;400;EXCHANGE_LAST;;1;1;XEUR;11881326;715;
22.04.2025;15:41:29.047;FSTA SI 20250620 CS;SIMPLE_INSTRUMENT;EFP_IDX;EUR;5;485.90000000;100;EXCHANGE_LAST;;1;1;XEUR;11881326;715;
22.04.2025;15:42:04.260;FSTA SI 20250620 CS;SIMPLE_INSTRUMENT;EFP_IDX;EUR;7;485.70000000;197;EXCHANGE_LAST;;1;1;XEUR;11881326;715;
22.04.2025;15:42:21.334;FSTA SI 20250620 CS;SIMPLE_INSTRUMENT;EFP_IDX;EUR;8;486.00000000;60;EXCHANGE_LAST;;1;1;XEUR;11881326;715;
22.04.2025;15:41:01.482;FSTB SI 20250620 CS;SIMPLE_INSTRUMENT;EFP_IDX;EUR;35;240.65000000;68;EXCHANGE_LAST;;1;1;XEUR;11881325;714;
22.04.2025;15:41:18.110;FSTB SI 20250620 CS;SIMPLE_INSTRUMENT;EFP_IDX;EUR;36;240.60000000;272;EXCHANGE_LAST;;1;1;XEUR;11881325;714;
22.04.2025;15:53:36.210;FSTB SI 20250620 CS;SIMPLE_INSTRUMENT;BLOCK;EUR;54;240.65000000;400;EXCHANGE_LAST;;1;1;XEUR;11881325;714;
22.04.2025;15:54:04.572;FSTB SI 20250620 CS;SIMPLE_INSTRUMENT;BLOCK;EUR;56;240.55000000;1600;EXCHANGE_LAST;;1;1;XEUR;11881325;714;
22.04.2025;15:46:03.411;FSTI SI 20250620 CS;SIMPLE_INSTRUMENT;EFP_IDX;EUR;38;460.90000000;130;EXCHANGE_LAST;;1;1;XEUR;11881319;707;
22.04.2025;15:46:36.292;FSTI SI 20250620 CS;SIMPLE_INSTRUMENT;EFP_IDX;EUR;39;460.90000000;39;EXCHANGE_LAST;;1;1;XEUR;11881319;707;
22.04.2025;15:46:47.433;FSTI SI 20250620 CS;SIMPLE_INSTRUMENT;EFP_IDX;EUR;40;460.80000000;26;EXCHANGE_LAST;;1;1;XEUR;11881319;707;
22.04.2025;09:37:36.430;FSTL SI 20250620 CS;SIMPLE_INSTRUMENT;BLOCK;EUR;2;127.20000000;800;EXCHANGE_LAST;;1;1;XEUR;11881317;706;
22.04.2025;15:45:03.798;FSTL SI 20250620 CS;SIMPLE_INSTRUMENT;BLOCK;EUR;37;127.00000000;547;EXCHANGE_LAST;;1;1;XEUR;11881317;706;
22.04.2025;16:09:08.698;FSTL SI 20250620 CS;SIMPLE_INSTRUMENT;EFP_IDX;EUR;60;127.10000000;112;EXCHANGE_LAST;;1;1;XEUR;11881317;706;
22.04.2025;15:51:34.130;FSTN SI 20250620 CS;SIMPLE_INSTRUMENT;EFP_IDX;EUR;51;716.90000000;34;EXCHANGE_LAST;;1;1;XEUR;11881318;704;
22.04.2025;10:24:39.888;FSTR SI 20250620 CS;SIMPLE_INSTRUMENT;BLOCK;EUR;1;432.50000000;460;EXCHANGE_LAST;;1;1;XEUR;11881322;710;
22.04.2025;16:06:15.703;FSTS SI 20250620 CS;SIMPLE_INSTRUMENT;EFP_IDX;EUR;12;456.40000000;27;EXCHANGE_LAST;;1;1;XEUR;11881321;709;
22.04.2025;16:06:40.758;FSTS SI 20250620 CS;SIMPLE_INSTRUMENT;EFP_IDX;EUR;13;456.30000000;137;EXCHANGE_LAST;;1;1;XEUR;11881321;709;
22.04.2025;13:49:28.081;FSTS SI 20250620 CS;SIMPLE_INSTRUMENT;VOLA;EUR;603979811;454.00000000;312;EXCHANGE_LAST;;1;1;XEUR;11881321;709;
22.04.2025;15:37:37.588;FSTU SI 20250620 CS;SIMPLE_INSTRUMENT;BLOCK;EUR;30;427.20000000;289;EXCHANGE_LAST;;1;1;XEUR;11881333;730;
22.04.2025;15:38:00.591;FSTU SI 20250620 CS;SIMPLE_INSTRUMENT;BLOCK;EUR;31;427.00000000;536;EXCHANGE_LAST;;1;1;XEUR;11881333;730;
22.04.2025;14:48:38.481;FUEM SI 20250620 CS;SIMPLE_INSTRUMENT;BLOCK;USD;23;115.42000000;270;EXCHANGE_LAST;;1;1;XEUR;11949864;772680;
22.04.2025;14:34:13.095;FUHY SI 20250620 CS;SIMPLE_INSTRUMENT;BLOCK;USD;20;684.08000000;80;EXCHANGE_LAST;;1;1;XEUR;11950092;909660;
22.04.2025;14:40:22.371;FUIG SI 20250620 CS;SIMPLE_INSTRUMENT;BLOCK;USD;22;3334.20000000;145;EXCHANGE_LAST;;1;1;XEUR;11950091;909659;
22.04.2025;15:48:06.498;FXXP SI 20250620 CS;SIMPLE_INSTRUMENT;EFP_IDX;EUR;33;503.70000000;275;EXCHANGE_LAST;;1;1;XEUR;7904812;816;
22.04.2025;15:47:48.760;FXXP SI 20250620 CS;SIMPLE_INSTRUMENT;EFP_IDX;EUR;34;503.80000000;275;EXCHANGE_LAST;;1;1;XEUR;7904812;816;
22.04.2025;16:11:02.344;FXXP SI 20250620 CS;SIMPLE_INSTRUMENT;BLOCK;EUR;39;503.80000000;1165;EXCHANGE_LAST;;1;1;XEUR;7904812;816;
22.04.2025;14:09:56.878;FXXP SI 20250620 CS;SIMPLE_INSTRUMENT;VOLA;EUR;603979815;501.00000000;45;EXCHANGE_LAST;;1;1;XEUR;7904812;816;
22.04.2025;09:22:27.888;G3ZF SI 20250620 CS;SIMPLE_INSTRUMENT;BLOCK;EUR;4;1.48000000;427;EXCHANGE_LAST;;1;1;XEUR;10872526;144760;
22.04.2025;09:37:52.287;G3ZF SI 20271217 CS;SIMPLE_INSTRUMENT;BLOCK;EUR;5;1.18000000;500;EXCHANGE_LAST;;1;1;XEUR;8413561;144760;
22.04.2025;11:02:04.416;G3ZF SI 20250620 CS;SIMPLE_INSTRUMENT;BLOCK;EUR;12;1.48000000;1350;EXCHANGE_LAST;;2;1;XEUR;10872526;144760;
22.04.2025;11:12:44.700;G3ZF SI 20250620 CS;SIMPLE_INSTRUMENT;BLOCK;EUR;15;1.48000000;1720;EXCHANGE_LAST;;4;1;XEUR;10872526;144760;
22.04.2025;14:59:56.663;G3ZF SI 20251219 CS;SIMPLE_INSTRUMENT;BLOCK;EUR;69;1.49500000;500;EXCHANGE_LAST;;1;1;XEUR;5914677;144760;
22.04.2025;15:18:22.505;G3ZF SI 20251219 CS;SIMPLE_INSTRUMENT;BLOCK;EUR;79;1.49500000;500;EXCHANGE_LAST;;1;1;XEUR;5914677;144760;
22.04.2025;15:37:31.236;G3ZF SI 20261218 CS;SIMPLE_INSTRUMENT;BLOCK;EUR;84;1.33500000;500;EXCHANGE_LAST;;1;1;XEUR;6825108;144760;
22.04.2025;10:05:20.528;GZF SI 20250620 PS AM P 16.00 0;SIMPLE_INSTRUMENT;BLOCK;EUR;19;0.19000000;3000;EXCHANGE_LAST;;1;1;XEUR;7905362;855;
22.04.2025;10:08:02.317;GZF.O.250422.CNV.000002;STANDARD_OPTION_STRATEGY;BLOCK;EUR;21;-0.74000000;1500;EXCHANGE_LAST;;1;1;XEUR;72061266234982133;855;
22.04.2025;10:08:02.317;GZF SI 20251219 PS AM C 18.50 0;SIMPLE_INSTRUMENT;BLOCK;EUR;21;0.84000000;1500;PRC_DECOMP_EXCHANGE;;;;XEUR;11817174;855;EXCHANGE
22.04.2025;10:08:02.317;GZF SI 20251219 PS AM P 18.50 0;SIMPLE_INSTRUMENT;BLOCK;EUR;21;1.58000000;1500;PRC_DECOMP_EXCHANGE;;;;XEUR;11817171;855;EXCHANGE
22.04.2025;10:26:59.053;GZF SI 20250620 PS AM C 18.40 0;SIMPLE_INSTRUMENT;BLOCK;EUR;22;0.49000000;1500;EXCHANGE_LAST;;1;1;XEUR;13006878;855;
22.04.2025;10:26:59.053;GZF SI 20250620 PS AM C 18.40 0;SIMPLE_INSTRUMENT;BLOCK;EUR;23;0.50000000;1500;EXCHANGE_LAST;;1;1;XEUR;13006878;855;
22.04.2025;11:36:02.305;GZF SI 20250516 PS AM P 18.40 0;SIMPLE_INSTRUMENT;BLOCK;EUR;31;0.99000000;10000;EXCHANGE_LAST;;1;1;XEUR;12870600;855;
22.04.2025;14:49:20.534;GZF.O.250422.BUL.000004;STANDARD_OPTION_STRATEGY;BLOCK;EUR;42;1.00000000;7500;EXCHANGE_LAST;;1;1;XEUR;72061266234982135;855;
22.04.2025;14:49:20.534;GZF SI 20250620 PS AM C 15.00 0;SIMPLE_INSTRUMENT;BLOCK;EUR;42;3.79000000;7500;PRC_DECOMP_EXCHANGE;;;;XEUR;11361738;855;EXCHANGE
22.04.2025;14:49:20.534;GZF SI 20250620 PS AM C 14.00 0;SIMPLE_INSTRUMENT;BLOCK;EUR;42;4.79000000;7500;PRC_DECOMP_EXCHANGE;;;;XEUR;7905358;855;EXCHANGE
22.04.2025;15:50:29.928;GZF SI 20251219 PS AM C 19.00 0;SIMPLE_INSTRUMENT;BLOCK;EUR;44;0.64000000;5000;EXCHANGE_LAST;;2;1;XEUR;11794028;855;
22.04.2025;09:22:06.729;GZFH SI 20250620 CS;SIMPLE_INSTRUMENT;BLOCK;EUR;3;17.58290000;5000;EXCHANGE_LAST;;1;1;XEUR;11199260;144768;
22.04.2025;11:01:14.203;GZFH SI 20250620 CS;SIMPLE_INSTRUMENT;BLOCK;EUR;11;17.58000000;15000;EXCHANGE_LAST;;2;1;XEUR;11199260;144768;
22.04.2025;11:12:39.255;GZFH SI 20250620 CS;SIMPLE_INSTRUMENT;BLOCK;EUR;14;17.60500000;20000;EXCHANGE_LAST;;4;1;XEUR;11199260;144768;
22.04.2025;13:38:12.957;GZFH SI 20250516 CS;SIMPLE_INSTRUMENT;BLOCK;EUR;34;17.51600000;20000;EXCHANGE_LAST;;1;1;XEUR;11061075;144768;
22.04.2025;13:39:17.592;GZFH SI 20250516 CS;SIMPLE_INSTRUMENT;BLOCK;EUR;35;17.48460000;20000;EXCHANGE_LAST;;1;1;XEUR;11061075;144768;
22.04.2025;08:01:37.407;HEI SI 20250516 PS AM C 188.00 0;SIMPLE_INSTRUMENT;BLOCK;EUR;1;0.65000000;440;EXCHANGE_LAST;;1;1;XEUR;12934712;839;
22.04.2025;08:01:22.405;HEI SI 20250516 PS AM C 174.00 0;SIMPLE_INSTRUMENT;BLOCK;EUR;2;2.70000000;440;EXCHANGE_LAST;;1;1;XEUR;12927733;839;
22.04.2025;10:45:06.038;HMI SI 20250620 PS AM P 2140.00 0;SIMPLE_INSTRUMENT;BLOCK;EUR;24;65.00000000;50;EXCHANGE_LAST;;1;1;XEUR;13117056;950;
22.04.2025;10:42:08.066;HMI SI 20250718 PS AM P 2000.00 0;SIMPLE_INSTRUMENT;BLOCK;EUR;25;43.74000000;65;EXCHANGE_LAST;;1;1;XEUR;13245459;950;
22.04.2025;13:43:57.780;I7XD SI 20250620 CS;SIMPLE_INSTRUMENT;BLOCK;EUR;41;0.84000000;4400;EXCHANGE_LAST;;1;1;XEUR;12545002;996456;
22.04.2025;13:44:58.995;I7XD SI 20250620 CS;SIMPLE_INSTRUMENT;BLOCK;EUR;43;0.84000000;3960;EXCHANGE_LAST;;1;1;XEUR;12545002;996456;
22.04.2025;16:01:05.316;I7XD SI 20250620 CS;SIMPLE_INSTRUMENT;BLOCK;EUR;86;0.84000000;2178;EXCHANGE_LAST;;1;1;XEUR;12545002;996456;
22.04.2025;10:14:52.237;IES5 SI 20281214 PS AM P 3.60 0;SIMPLE_INSTRUMENT;BLOCK;EUR;2;0.64000000;1000;EXCHANGE_LAST;;1;1;XEUR;10381936;900;
22.04.2025;09:41:59.491;IFX SI 20260320 PS AM P 24.00 0;SIMPLE_INSTRUMENT;BLOCK;EUR;4;2.94000000;7500;EXCHANGE_LAST;;2;1;XEUR;13008003;902;
22.04.2025;13:54:27.099;IFX SI 20260320 PS AM P 24.00 0;SIMPLE_INSTRUMENT;BLOCK;EUR;19;2.94000000;2000;EXCHANGE_LAST;;2;1;XEUR;13008003;902;
22.04.2025;11:17:15.591;IGLN SI 20250620 PS AM C 65.00 0;SIMPLE_INSTRUMENT;BLOCK;USD;1;3.95000000;21407;EXCHANGE_LAST;;1;1;XEUR;12796992;75966;
22.04.2025;11:17:27.920;IGLN SI 20250620 PS AM P 56.00 0;SIMPLE_INSTRUMENT;BLOCK;USD;2;0.10000000;21407;EXCHANGE_LAST;;1;1;XEUR;5354007;75966;
22.04.2025;10:54:25.652;INN.O.250422.BUL.000003;STANDARD_OPTION_STRATEGY;BLOCK;EUR;4;0.99000000;4000;EXCHANGE_LAST;;1;1;XEUR;72061949134785402;1014;
22.04.2025;10:54:25.652;INN SI 20250620 PS AM C 12.86 1;SIMPLE_INSTRUMENT;BLOCK;EUR;4;3.79000000;4000;PRC_DECOMP_EXCHANGE;;;;XEUR;10793879;1014;EXCHANGE
22.04.2025;10:54:25.652;INN SI 20250620 PS AM C 13.85 1;SIMPLE_INSTRUMENT;BLOCK;EUR;4;2.80000000;4000;PRC_DECOMP_EXCHANGE;;;;XEUR;8900408;1014;EXCHANGE
22.04.2025;11:43:13.658;INN.O.250422.COMBO.000004;STANDARD_OPTION_STRATEGY;BLOCK;EUR;5;0.85000000;5000;EXCHANGE_LAST;;1;1;XEUR;72061949134785403;1014;
22.04.2025;11:43:13.658;INN SI 20251219 PS AM P 16.00 0;SIMPLE_INSTRUMENT;BLOCK;EUR;5;1.55000000;5000;PRC_DECOMP_MEMBER;;;;XEUR;12579193;1014;MEMBER
22.04.2025;11:43:13.658;INN SI 20251219 PS AM C 18.00 0;SIMPLE_INSTRUMENT;BLOCK;EUR;5;0.70000000;5000;PRC_DECOMP_MEMBER;;;;XEUR;12579199;1014;MEMBER
22.04.2025;11:44:13.219;INN.O.250422.COMBO.000004;STANDARD_OPTION_STRATEGY;BLOCK;EUR;6;0.84000000;5000;EXCHANGE_LAST;;1;1;XEUR;72061949134785403;1014;
22.04.2025;11:44:13.219;INN SI 20251219 PS AM C 18.00 0;SIMPLE_INSTRUMENT;BLOCK;EUR;6;0.70000000;5000;PRC_DECOMP_MEMBER;;;;XEUR;12579199;1014;MEMBER
22.04.2025;11:44:13.219;INN SI 20251219 PS AM P 16.00 0;SIMPLE_INSTRUMENT;BLOCK;EUR;6;1.54000000;5000;PRC_DECOMP_MEMBER;;;;XEUR;12579193;1014;MEMBER
22.04.2025;11:56:16.759;IXD.O.250422.STD.000001;STANDARD_OPTION_STRATEGY;BLOCK;EUR;8;6.44000000;500;EXCHANGE_LAST;;1;1;XEUR;72061841760589475;989;
22.04.2025;11:56:16.759;IXD SI 20250919 PS AM P 48.00 0;SIMPLE_INSTRUMENT;BLOCK;EUR;8;3.84000000;500;PRC_DECOMP_EXCHANGE;;;;XEUR;12160983;989;EXCHANGE
22.04.2025;11:56:16.759;IXD SI 20250919 PS AM C 48.00 0;SIMPLE_INSTRUMENT;BLOCK;EUR;8;2.60000000;500;PRC_DECOMP_EXCHANGE;;;;XEUR;12160982;989;EXCHANGE
22.04.2025;12:44:16.911;IXD.O.250422.STG.000002;STANDARD_OPTION_STRATEGY;BLOCK;EUR;12;4.23000000;1452;EXCHANGE_LAST;;1;1;XEUR;72061841760589476;989;
22.04.2025;12:44:16.911;IXD SI 20250919 PS AM P 43.00 0;SIMPLE_INSTRUMENT;BLOCK;EUR;12;1.63000000;1452;PRC_DECOMP_EXCHANGE;;;;XEUR;12160993;989;EXCHANGE
22.04.2025;12:44:16.911;IXD SI 20250919 PS AM C 48.00 0;SIMPLE_INSTRUMENT;BLOCK;EUR;12;2.60000000;1452;PRC_DECOMP_EXCHANGE;;;;XEUR;12160982;989;EXCHANGE
22.04.2025;13:43:49.211;IXDK SI 20250620 CS;SIMPLE_INSTRUMENT;BLOCK;EUR;40;46.46090000;50000;EXCHANGE_LAST;;1;1;XEUR;12545007;996455;
22.04.2025;13:44:44.850;IXDK SI 20250620 CS;SIMPLE_INSTRUMENT;BLOCK;EUR;42;46.46090000;45000;EXCHANGE_LAST;;1;1;XEUR;12545007;996455;
22.04.2025;16:00:48.171;IXDK SI 20250620 CS;SIMPLE_INSTRUMENT;BLOCK;EUR;85;46.46830000;25000;EXCHANGE_LAST;;1;1;XEUR;12545007;996455;
22.04.2025;13:33:15.979;KNIN SI 20250919 PS AM P 190.00 0;SIMPLE_INSTRUMENT;BLOCK;CHF;48;22.65000000;350;EXCHANGE_LAST;;1;1;XEUR;11886803;1091;
22.04.2025;13:33:23.963;KNIN SI 20250919 PS AM P 150.00 0;SIMPLE_INSTRUMENT;BLOCK;CHF;49;5.00000000;350;EXCHANGE_LAST;;1;1;XEUR;11886785;1091;
22.04.2025;09:10:30.648;LRCF SI 20251121 CS;SIMPLE_INSTRUMENT;BLOCK;EUR;1;90.76130000;300;EXCHANGE_LAST;;1;1;XEUR;12078185;1039;
22.04.2025;07:43:32.933;MOH SI 20250620 PS AM P 550.00 0;SIMPLE_INSTRUMENT;BLOCK;EUR;1;77.60000000;100;EXCHANGE_LAST;;1;1;XEUR;13010473;1074;
22.04.2025;09:04:51.550;MOH SI 20261218 PS AM P 360.00 0;SIMPLE_INSTRUMENT;BLOCK;EUR;8;26.78000000;100;EXCHANGE_LAST;;1;1;XEUR;7494763;1074;
22.04.2025;09:41:24.970;MOH SI 20250919 PS AM P 480.00 0;SIMPLE_INSTRUMENT;BLOCK;EUR;15;42.67000000;150;EXCHANGE_LAST;;1;1;XEUR;11886613;1074;
22.04.2025;07:58:44.759;NESN.O.250422.STG.000003;STANDARD_OPTION_STRATEGY;BLOCK;CHF;1;3.61000000;750;EXCHANGE_LAST;;1;1;XEUR;72063018581705897;1263;
22.04.2025;07:58:44.759;NESN SI 20250620 PS AM P 85.00 0;SIMPLE_INSTRUMENT;BLOCK;CHF;1;2.44000000;750;PRC_DECOMP_EXCHANGE;;;;XEUR;11813881;1263;EXCHANGE
22.04.2025;07:58:44.759;NESN SI 20250620 PS AM C 90.00 0;SIMPLE_INSTRUMENT;BLOCK;CHF;1;1.17000000;750;PRC_DECOMP_EXCHANGE;;;;XEUR;11598851;1263;EXCHANGE
22.04.2025;10:30:10.801;NESN SI 20250516 PS AM C 91.00 0;SIMPLE_INSTRUMENT;BLOCK;CHF;21;0.42000000;1000;EXCHANGE_LAST;;1;1;XEUR;12827160;1263;
22.04.2025;11:38:19.254;NESN SI 20250919 PS AM C 100.00 0;SIMPLE_INSTRUMENT;BLOCK;CHF;30;0.52000000;3650;EXCHANGE_LAST;;1;1;XEUR;11891555;1263;
22.04.2025;12:06:13.237;NESN SI 20251219 PS AM P 84.00 0;SIMPLE_INSTRUMENT;BLOCK;CHF;37;4.38000000;750;EXCHANGE_LAST;;1;1;XEUR;5937991;1263;
22.04.2025;12:48:08.070;NESN SI 20251219 PS AM P 84.00 0;SIMPLE_INSTRUMENT;BLOCK;CHF;38;4.38000000;750;EXCHANGE_LAST;;1;1;XEUR;5937991;1263;
22.04.2025;13:17:11.337;NESN SI 20250620 PS AM P 84.00 0;SIMPLE_INSTRUMENT;BLOCK;CHF;47;2.04000000;2000;EXCHANGE_LAST;;2;2;XEUR;7911185;1263;
22.04.2025;15:10:42.081;NESN SI 20250620 PS AM C 88.00 0;SIMPLE_INSTRUMENT;BLOCK;CHF;61;2.01000000;1000;EXCHANGE_LAST;;1;1;XEUR;11370070;1263;
