#Date;TrdTime;Contract;ContractType;TrdTyp;Currency;TesId;Prc;Qty;TrdInd;Aggressor;Buy;Sell;Exch;InstrumentId;RelatedProdId;PrcDecomp
31.01.2025;10:20:35.200;2FE SI 20250619 PS AM P 380.00 0;SIMPLE_INSTRUMENT;BLOCK;EUR;5;11.89000000;100;EXCHANGE_LAST;;1;1;XEUR;11340337;57129;
31.01.2025;11:06:26.685;ABBE.O.250131.COMBO.000001;STANDARD_OPTION_STRATEGY;BLOCK;CHF;22;-0.22000000;3000;EXCHANGE_LAST;;1;1;XEUR;74525121468962302;574516;
31.01.2025;11:06:26.685;ABBE SI 20251219 PS EU C 53.00 0;SIMPLE_INSTRUMENT;BLOCK;CHF;22;2.86000000;3000;PRC_DECOMP_EXCHANGE;;;;XEUR;12393037;574516;EXCHANGE
31.01.2025;11:06:26.685;ABBE SI 20251219 PS EU P 46.00 0;SIMPLE_INSTRUMENT;BLOCK;CHF;22;2.64000000;3000;PRC_DECOMP_EXCHANGE;;;;XEUR;12393014;574516;EXCHANGE
31.01.2025;13:54:57.890;ABBN FI 20250226 CS EU C 52.6000 0;FLEXIBLE_INSTRUMENT;BLOCK;CHF;46;0.35000000;1250;EXCHANGE_LAST;;1;1;XEUR;1155389036332854030;574517;
31.01.2025;09:02:30.232;ACC SI 20251219 PS AM P 38.00 0;SIMPLE_INSTRUMENT;BLOCK;CHF;3;1.70000000;1000;EXCHANGE_LAST;;1;1;XEUR;12494020;626616;
31.01.2025;11:15:44.470;ADEN SI 20250620 PS AM P 19.00 0;SIMPLE_INSTRUMENT;BLOCK;CHF;27;0.82000000;2500;EXCHANGE_LAST;;1;1;XEUR;11347912;44;
31.01.2025;12:53:14.109;ADS SI 20260619 PS AM C 320.00 0;SIMPLE_INSTRUMENT;BLOCK;EUR;25;14.65000000;500;EXCHANGE_LAST;;1;2;XEUR;9536507;50;
31.01.2025;11:19:42.495;ALV.O.250131.PDIA.000004;STANDARD_OPTION_STRATEGY;BLOCK;EUR;3;3.69000000;400;EXCHANGE_LAST;;1;1;XEUR;72057911865569196;74;
31.01.2025;11:19:42.495;ALV SI 20250221 PS AM P 305.00 0;SIMPLE_INSTRUMENT;BLOCK;EUR;3;1.53000000;400;PRC_DECOMP_EXCHANGE;;;;XEUR;12238096;74;EXCHANGE
31.01.2025;11:19:42.495;ALV SI 20250321 PS AM P 310.00 0;SIMPLE_INSTRUMENT;BLOCK;EUR;3;5.22000000;400;PRC_DECOMP_EXCHANGE;;;;XEUR;12037980;74;EXCHANGE
31.01.2025;13:51:50.647;ALV SI 20250919 PS AM P 300.00 0;SIMPLE_INSTRUMENT;BLOCK;EUR;5;13.80000000;300;EXCHANGE_LAST;;1;1;XEUR;11871530;74;
31.01.2025;16:45:05.998;ALV SI 20250321 PS AM C 330.00 0;SIMPLE_INSTRUMENT;BLOCK;EUR;7;2.25000000;300;EXCHANGE_LAST;;1;1;XEUR;12431772;74;
31.01.2025;11:28:54.516;ASM SI 20281215 PS AM P 550.00 0;SIMPLE_INSTRUMENT;BLOCK;EUR;10;87.00000000;300;EXCHANGE_LAST;;2;1;XEUR;11828648;107;
31.01.2025;09:29:02.889;B2AS SI 20271217 CS;SIMPLE_INSTRUMENT;BLOCK;EUR;1;2.18000000;440;EXCHANGE_LAST;;1;4;XEUR;5914347;140;
31.01.2025;11:29:13.510;B2AS SI 20251219 CS;SIMPLE_INSTRUMENT;BLOCK;EUR;11;2.24000000;200;EXCHANGE_LAST;;1;1;XEUR;3681119;140;
31.01.2025;09:57:16.636;B2NP SI 20250620 CS;SIMPLE_INSTRUMENT;BLOCK;EUR;3;4.75000000;500;EXCHANGE_LAST;;1;1;XEUR;10830225;131;
31.01.2025;10:26:41.805;B2NP SI 20261218 CS;SIMPLE_INSTRUMENT;BLOCK;EUR;7;4.89000000;300;EXCHANGE_LAST;;1;1;XEUR;6798320;131;
31.01.2025;11:11:33.292;B2NP SI 20250620 CS;SIMPLE_INSTRUMENT;BLOCK;EUR;8;4.75000000;100;EXCHANGE_LAST;;1;1;XEUR;10830225;131;
31.01.2025;11:27:06.235;B2NP SI 20261218 CS;SIMPLE_INSTRUMENT;BLOCK;EUR;10;4.91000000;200;EXCHANGE_LAST;;1;1;XEUR;6798320;131;
31.01.2025;11:38:57.789;B2NP SI 20251219 CS;SIMPLE_INSTRUMENT;BLOCK;EUR;13;5.44000000;50;EXCHANGE_LAST;;1;1;XEUR;5914355;131;
31.01.2025;12:04:56.235;B2NP SI 20261218 CS;SIMPLE_INSTRUMENT;BLOCK;EUR;16;4.91000000;100;EXCHANGE_LAST;;1;1;XEUR;6798320;131;
31.01.2025;12:24:59.554;B2NP SI 20251219 CS;SIMPLE_INSTRUMENT;BLOCK;EUR;18;5.44000000;50;EXCHANGE_LAST;;1;1;XEUR;5914355;131;
31.01.2025;13:48:01.895;B2NP SI 20261218 CS;SIMPLE_INSTRUMENT;BLOCK;EUR;24;4.85000000;200;EXCHANGE_LAST;;1;1;XEUR;6798320;131;
31.01.2025;13:52:54.242;B2NP SI 20261218 CS;SIMPLE_INSTRUMENT;BLOCK;EUR;25;4.85000000;350;EXCHANGE_LAST;;2;1;XEUR;6798320;131;
31.01.2025;14:25:49.724;B2NP SI 20271217 CS;SIMPLE_INSTRUMENT;BLOCK;EUR;31;4.29000000;500;EXCHANGE_LAST;;2;1;XEUR;7086925;131;
31.01.2025;15:21:59.637;B3AY SI 20250321 CS;SIMPLE_INSTRUMENT;BLOCK;EUR;41;0.00100000;640;EXCHANGE_LAST;;1;1;XEUR;10439499;76035;
31.01.2025;12:22:21.432;BAEN SI 20250321 PS AM C 66.00 0;SIMPLE_INSTRUMENT;BLOCK;CHF;32;1.99000000;500;EXCHANGE_LAST;;1;1;XEUR;12433229;159;
31.01.2025;12:05:50.835;BARN.O.250131.BER.000004;STANDARD_OPTION_STRATEGY;BLOCK;CHF;29;12.55000000;800;EXCHANGE_LAST;;1;1;XEUR;72058233988063267;149;
31.01.2025;12:05:50.835;BARN SI 20250417 PS AM P 920.00 0;SIMPLE_INSTRUMENT;BLOCK;CHF;29;16.29000000;800;PRC_DECOMP_EXCHANGE;;;;XEUR;12615077;149;EXCHANGE
31.01.2025;12:05:50.835;BARN SI 20250417 PS AM P 780.00 0;SIMPLE_INSTRUMENT;BLOCK;CHF;29;3.74000000;800;PRC_DECOMP_EXCHANGE;;;;XEUR;12683997;149;EXCHANGE
31.01.2025;08:35:10.226;BAS SI 20250214 PS AM C 50.00 0;SIMPLE_INSTRUMENT;BLOCK;EUR;1;0.18000000;4125;EXCHANGE_LAST;;1;1;XEUR;12673175;150;
31.01.2025;08:36:22.100;BAS SI 20250214 PS AM C 50.00 0;SIMPLE_INSTRUMENT;BLOCK;EUR;2;0.16000000;1375;EXCHANGE_LAST;;1;1;XEUR;12673175;150;
31.01.2025;09:42:22.642;BAS SI 20250221 PS AM C 49.00 0;SIMPLE_INSTRUMENT;BLOCK;EUR;3;0.44000000;1000;EXCHANGE_LAST;;1;1;XEUR;12339045;150;
31.01.2025;09:46:44.567;BAS SI 20260619 PS AM P 44.00 0;SIMPLE_INSTRUMENT;BLOCK;EUR;4;4.69000000;500;EXCHANGE_LAST;;1;1;XEUR;9539350;150;
31.01.2025;11:25:47.235;BAS SI 20250221 PS AM C 48.00 0;SIMPLE_INSTRUMENT;BLOCK;EUR;7;0.66000000;500;EXCHANGE_LAST;;1;1;XEUR;12238967;150;
31.01.2025;11:49:48.810;BAS SI 20251219 PS AM C 50.00 0;SIMPLE_INSTRUMENT;BLOCK;EUR;8;2.76000000;6000;EXCHANGE_LAST;;1;4;XEUR;7509829;150;
31.01.2025;11:49:06.145;BAS SI 20251219 PS AM C 50.00 0;SIMPLE_INSTRUMENT;BLOCK;EUR;9;2.76000000;1000;EXCHANGE_LAST;;1;1;XEUR;7509829;150;
31.01.2025;15:21:10.057;BAYG SI 20250321 CS;SIMPLE_INSTRUMENT;BLOCK;EUR;40;21.98800000;8000;EXCHANGE_LAST;;1;1;XEUR;10723979;76034;
31.01.2025;11:10:22.205;BC8 FI 20251219 PS AM P 18.1000 0;FLEXIBLE_INSTRUMENT;BLOCK;EUR;16;0.70000000;2000;EXCHANGE_LAST;;1;1;XEUR;1152922196096587632;161;
31.01.2025;16:48:32.658;BMW.O.250131.BUL.000009;STANDARD_OPTION_STRATEGY;BLOCK;EUR;17;1.30000000;1500;EXCHANGE_LAST;;1;1;XEUR;72058495981109251;210;
31.01.2025;16:48:32.658;BMW SI 20250221 PS AM C 80.00 0;SIMPLE_INSTRUMENT;BLOCK;EUR;17;1.68000000;1500;PRC_DECOMP_EXCHANGE;;;;XEUR;12339210;210;EXCHANGE
31.01.2025;16:48:32.658;BMW SI 20250221 PS AM C 84.00 0;SIMPLE_INSTRUMENT;BLOCK;EUR;17;0.38000000;1500;PRC_DECOMP_EXCHANGE;;;;XEUR;12339264;210;EXCHANGE
31.01.2025;10:29:45.684;BNP SI 20250417 PS AM C 71.00 0;SIMPLE_INSTRUMENT;BLOCK;EUR;7;1.12000000;2000;EXCHANGE_LAST;;1;1;XEUR;12616879;237;
31.01.2025;12:22:51.159;BNP SI 20250417 PS AM C 71.00 0;SIMPLE_INSTRUMENT;BLOCK;EUR;11;1.12000000;1000;EXCHANGE_LAST;;1;1;XEUR;12616879;237;
31.01.2025;11:32:39.817;BNPH SI 20250321 CS;SIMPLE_INSTRUMENT;BLOCK;EUR;12;65.82000000;4600;EXCHANGE_LAST;;1;1;XEUR;10695531;236;
31.01.2025;11:03:46.560;BNR SI 20250321 PS AM C 62.00 0;SIMPLE_INSTRUMENT;BLOCK;EUR;5;2.50000000;1844;EXCHANGE_LAST;;1;1;XEUR;12435314;235;
31.01.2025;11:03:47.587;BNR SI 20250321 PS AM C 68.00 0;SIMPLE_INSTRUMENT;BLOCK;EUR;6;0.62000000;1844;EXCHANGE_LAST;;1;1;XEUR;10832747;235;
31.01.2025;12:49:50.625;BOSS SI 20250919 PS AM C 56.00 0;SIMPLE_INSTRUMENT;BLOCK;EUR;24;1.89000000;18000;EXCHANGE_LAST;;1;1;XEUR;11874595;230;
31.01.2025;12:55:29.641;BOSS SI 20251219 PS AM C 60.00 0;SIMPLE_INSTRUMENT;BLOCK;EUR;26;1.82000000;12000;EXCHANGE_LAST;;1;1;XEUR;6374799;230;
31.01.2025;15:01:12.839;BOSS SI 20250620 PS AM C 52.00 0;SIMPLE_INSTRUMENT;BLOCK;EUR;31;1.98000000;20000;EXCHANGE_LAST;;1;1;XEUR;7899981;230;
31.01.2025;15:57:38.582;CAR SI 20291221 PS AM P 12.00 0;SIMPLE_INSTRUMENT;BLOCK;EUR;20;2.44000000;5000;EXCHANGE_LAST;;2;1;XEUR;12436040;265;
31.01.2025;16:23:20.663;CAR SI 20251219 PS AM P 12.00 0;SIMPLE_INSTRUMENT;BLOCK;EUR;23;0.61000000;5000;EXCHANGE_LAST;;1;1;XEUR;5924412;265;
31.01.2025;10:56:54.367;CBK.O.250131.STD.000004;STANDARD_OPTION_STRATEGY;BLOCK;EUR;14;3.46000000;11500;EXCHANGE_LAST;;2;2;XEUR;72058745089203463;268;
31.01.2025;10:56:54.367;CBK SI 20250919 PS AM C 19.00 0;SIMPLE_INSTRUMENT;BLOCK;EUR;14;1.31000000;11500;PRC_DECOMP_EXCHANGE;;;;XEUR;11875664;268;EXCHANGE
31.01.2025;10:56:54.367;CBK SI 20250919 PS AM P 19.00 0;SIMPLE_INSTRUMENT;BLOCK;EUR;14;2.15000000;11500;PRC_DECOMP_EXCHANGE;;;;XEUR;11875661;268;EXCHANGE
31.01.2025;13:06:55.518;CBK SI 20250321 PS AM P 18.00 0;SIMPLE_INSTRUMENT;BLOCK;EUR;28;0.55000000;7000;EXCHANGE_LAST;;1;1;XEUR;10833952;268;
31.01.2025;16:01:24.916;CBK SI 20251219 PS AM P 16.00 0;SIMPLE_INSTRUMENT;BLOCK;EUR;34;1.08000000;4000;EXCHANGE_LAST;;1;1;XEUR;7372797;268;
31.01.2025;11:05:42.954;CFR.O.250131.STG.000004;STANDARD_OPTION_STRATEGY;BLOCK;CHF;24;30.55000000;400;EXCHANGE_LAST;;1;1;XEUR;72058938362728493;313;
31.01.2025;11:05:42.954;CFR SI 20251219 PS AM P 180.00 0;SIMPLE_INSTRUMENT;BLOCK;CHF;24;20.24000000;400;PRC_DECOMP_EXCHANGE;;;;XEUR;9996449;313;EXCHANGE
31.01.2025;11:05:42.954;CFR SI 20251219 PS AM C 200.00 0;SIMPLE_INSTRUMENT;BLOCK;CHF;24;10.31000000;400;PRC_DECOMP_EXCHANGE;;;;XEUR;9996450;313;EXCHANGE
31.01.2025;13:10:51.534;CFR FI 20250226 CS EU C 184.0000 0;FLEXIBLE_INSTRUMENT;BLOCK;CHF;37;2.21000000;300;EXCHANGE_LAST;;1;1;XEUR;1152922848931627657;313;
31.01.2025;14:59:48.833;CFRL SI 20250321 CS;SIMPLE_INSTRUMENT;BLOCK;CHF;37;178.00000000;2500;EXCHANGE_LAST;;1;1;XEUR;10741903;729453;
31.01.2025;12:15:55.761;CR5J SI 20250320 CS;SIMPLE_INSTRUMENT;BLOCK;EUR;17;44.84000000;3500;EXCHANGE_LAST;;1;1;XEUR;10689747;50861;
31.01.2025;15:11:34.143;DAI SI 20250321 PS AM C 60.00 0;SIMPLE_INSTRUMENT;BLOCK;EUR;14;1.99000000;1000;EXCHANGE_LAST;;1;1;XEUR;10884520;443196;
31.01.2025;12:21:57.701;DB1 SI 20250221 PS AM P 230.00 0;SIMPLE_INSTRUMENT;BLOCK;EUR;11;1.57000000;500;EXCHANGE_LAST;;1;1;XEUR;12242104;361;
31.01.2025;09:30:43.278;DBK.O.250131.STD.000001;STANDARD_OPTION_STRATEGY;BLOCK;EUR;4;1.89000000;3000;EXCHANGE_LAST;;1;1;XEUR;72059148816160491;362;
31.01.2025;09:30:43.278;DBK SI 20250417 PS AM P 19.20 0;SIMPLE_INSTRUMENT;BLOCK;EUR;4;0.99000000;3000;PRC_DECOMP_EXCHANGE;;;;XEUR;12618724;362;EXCHANGE
31.01.2025;09:30:43.278;DBK SI 20250417 PS AM C 19.20 0;SIMPLE_INSTRUMENT;BLOCK;EUR;4;0.90000000;3000;PRC_DECOMP_EXCHANGE;;;;XEUR;12618722;362;EXCHANGE
31.01.2025;11:23:59.007;DBK SI 20250321 PS AM C 20.00 0;SIMPLE_INSTRUMENT;BLOCK;EUR;17;0.38000000;2500;EXCHANGE_LAST;;1;1;XEUR;10835588;362;
31.01.2025;12:02:31.388;DBK SI 20251219 PS AM P 17.40 0;SIMPLE_INSTRUMENT;BLOCK;EUR;19;1.40000000;2500;EXCHANGE_LAST;;1;1;XEUR;11094116;362;
31.01.2025;09:22:29.603;DHE SI 20250620 PS AM C 32.00 0;SIMPLE_INSTRUMENT;BLOCK;EUR;1;2.83000000;700;EXCHANGE_LAST;;1;1;XEUR;7924127;57135;
31.01.2025;10:14:30.344;DTE SI 20251219 PS AM P 26.00 0;SIMPLE_INSTRUMENT;BLOCK;EUR;3;0.51000000;3000;EXCHANGE_LAST;;1;1;XEUR;12057162;424;
31.01.2025;10:14:50.284;DTE SI 20251219 PS AM P 26.00 0;SIMPLE_INSTRUMENT;BLOCK;EUR;4;0.52000000;3000;EXCHANGE_LAST;;1;1;XEUR;12057162;424;
31.01.2025;11:07:28.912;DTE SI 20250919 PS AM P 34.00 0;SIMPLE_INSTRUMENT;BLOCK;EUR;6;3.24000000;5000;EXCHANGE_LAST;;1;2;XEUR;11878533;424;
31.01.2025;13:03:03.079;DTE.O.250131.COMBO.000006;STANDARD_OPTION_STRATEGY;BLOCK;EUR;12;0.48000000;5000;EXCHANGE_LAST;;2;1;XEUR;72059415104107466;424;
31.01.2025;13:03:03.079;DTE SI 20250919 PS AM C 36.00 0;SIMPLE_INSTRUMENT;BLOCK;EUR;12;0.60000000;5000;PRC_DECOMP_EXCHANGE;;;;XEUR;11878528;424;EXCHANGE
31.01.2025;13:03:03.079;DTE SI 20250919 PS AM P 30.00 0;SIMPLE_INSTRUMENT;BLOCK;EUR;12;1.08000000;5000;PRC_DECOMP_EXCHANGE;;;;XEUR;11878508;424;EXCHANGE
31.01.2025;16:21:43.321;DTE.O.250131.BUL.000011;STANDARD_OPTION_STRATEGY;BLOCK;EUR;21;0.46000000;2000;EXCHANGE_LAST;;1;1;XEUR;72059415104107471;424;
31.01.2025;16:21:43.321;DTE SI 20250321 PS AM C 35.00 0;SIMPLE_INSTRUMENT;BLOCK;EUR;21;0.19000000;2000;PRC_DECOMP_EXCHANGE;;;;XEUR;12597406;424;EXCHANGE
31.01.2025;16:21:43.321;DTE SI 20250321 PS AM C 33.00 0;SIMPLE_INSTRUMENT;BLOCK;EUR;21;0.65000000;2000;PRC_DECOMP_EXCHANGE;;;;XEUR;12439179;424;EXCHANGE
31.01.2025;16:37:56.825;DTE SI 20250620 PS AM P 24.00 0;SIMPLE_INSTRUMENT;BLOCK;EUR;22;0.10000000;5000;EXCHANGE_LAST;;1;1;XEUR;7902010;424;
31.01.2025;11:15:50.581;DTG.O.250131.PDIA.000005;STANDARD_OPTION_STRATEGY;BLOCK;EUR;7;0.84000000;1000;EXCHANGE_LAST;;1;1;XEUR;74015850016805995;455942;
31.01.2025;11:15:50.581;DTG SI 20250321 PS AM P 40.00 0;SIMPLE_INSTRUMENT;BLOCK;EUR;7;1.03000000;1000;PRC_DECOMP_EXCHANGE;;;;XEUR;10884693;455942;EXCHANGE
31.01.2025;11:15:50.581;DTG SI 20250221 PS AM P 38.00 0;SIMPLE_INSTRUMENT;BLOCK;EUR;7;0.19000000;1000;PRC_DECOMP_EXCHANGE;;;;XEUR;12278001;455942;EXCHANGE
31.01.2025;13:24:58.033;EAD SI 20250620 PS AM P 140.00 0;SIMPLE_INSTRUMENT;BLOCK;EUR;14;1.95000000;500;EXCHANGE_LAST;;1;1;XEUR;11013883;465;
31.01.2025;16:38:24.007;EAD SI 20251219 PS AM C 160.00 0;SIMPLE_INSTRUMENT;BLOCK;EUR;24;20.40000000;2000;EXCHANGE_LAST;;1;1;XEUR;11013928;465;
31.01.2025;10:54:58.913;ENR SI 20250321 PS AM C 60.00 0;SIMPLE_INSTRUMENT;BLOCK;EUR;5;4.06000000;2000;EXCHANGE_LAST;;1;1;XEUR;12193252;298530;
31.01.2025;11:35:11.593;ENR SI 20251219 PS AM P 50.00 0;SIMPLE_INSTRUMENT;BLOCK;EUR;10;6.55000000;550;EXCHANGE_LAST;;2;1;XEUR;12484000;298530;
31.01.2025;13:39:18.344;ENR SI 20250321 PS AM C 58.00 0;SIMPLE_INSTRUMENT;BLOCK;EUR;14;5.05000000;1625;EXCHANGE_LAST;;1;1;XEUR;12193256;298530;
31.01.2025;13:39:30.157;ENR SI 20250321 PS AM C 68.00 0;SIMPLE_INSTRUMENT;BLOCK;EUR;15;2.00000000;800;EXCHANGE_LAST;;1;1;XEUR;12229452;298530;
31.01.2025;14:03:44.084;ENR SI 20250221 PS AM C 62.00 0;SIMPLE_INSTRUMENT;BLOCK;EUR;17;2.15000000;1750;EXCHANGE_LAST;;2;2;XEUR;12327356;298530;
31.01.2025;14:28:29.703;ENR SI 20250221 PS AM P 50.00 0;SIMPLE_INSTRUMENT;BLOCK;EUR;18;0.60000000;1500;EXCHANGE_LAST;;1;1;XEUR;12273421;298530;
31.01.2025;09:53:19.283;ESL.O.250131.STG.000001;STANDARD_OPTION_STRATEGY;BLOCK;EUR;4;20.60000000;250;EXCHANGE_LAST;;1;1;XEUR;72059659917207366;481;
31.01.2025;09:53:19.283;ESL SI 20250620 PS AM C 280.00 0;SIMPLE_INSTRUMENT;BLOCK;EUR;4;8.52000000;250;PRC_DECOMP_EXCHANGE;;;;XEUR;8121159;481;EXCHANGE
31.01.2025;09:53:19.283;ESL SI 20250620 PS AM P 260.00 0;SIMPLE_INSTRUMENT;BLOCK;EUR;4;12.08000000;250;PRC_DECOMP_EXCHANGE;;;;XEUR;11358154;481;EXCHANGE
31.01.2025;10:18:16.050;F3TE SI 20281215 CS;SIMPLE_INSTRUMENT;BLOCK;EUR;5;0.60000000;1750;EXCHANGE_LAST;;1;1;XEUR;6830366;390379;
31.01.2025;10:22:07.924;F3TE SI 20301220 CS;SIMPLE_INSTRUMENT;BLOCK;EUR;6;0.49000000;1750;EXCHANGE_LAST;;1;1;XEUR;9964651;390379;
31.01.2025;08:25:53.826;FBTP SI 20250306 PS;SIMPLE_INSTRUMENT;EFP_FIN;EUR;1;119.43000000;895;EXCHANGE_LAST;;1;1;XEUR;11286675;636;
31.01.2025;09:01:02.280;FBTP SI 20250306 PS;SIMPLE_INSTRUMENT;EFP_FIN;EUR;2;119.40000000;269;EXCHANGE_LAST;;1;1;XEUR;11286675;636;
31.01.2025;09:04:15.078;FBTP SI 20250306 PS;SIMPLE_INSTRUMENT;EFP_FIN;EUR;3;119.38000000;895;EXCHANGE_LAST;;1;1;XEUR;11286675;636;
31.01.2025;09:49:27.315;FBTP SI 20250306 PS;SIMPLE_INSTRUMENT;EFP_FIN;EUR;4;119.40000000;985;EXCHANGE_LAST;;1;1;XEUR;11286675;636;
31.01.2025;09:52:04.851;FBTP SI 20250306 PS;SIMPLE_INSTRUMENT;EFP_FIN;EUR;5;119.42000000;448;EXCHANGE_LAST;;1;1;XEUR;11286675;636;
31.01.2025;09:53:10.142;FBTP SI 20250306 PS;SIMPLE_INSTRUMENT;EFP_FIN;EUR;6;119.33000000;1790;EXCHANGE_LAST;;1;1;XEUR;11286675;636;
31.01.2025;10:00:04.392;FBTP SI 20250306 PS;SIMPLE_INSTRUMENT;EFP_FIN;EUR;7;119.42000000;895;EXCHANGE_LAST;;1;1;XEUR;11286675;636;
31.01.2025;10:17:02.583;FBTP SI 20250306 PS;SIMPLE_INSTRUMENT;EFP_FIN;EUR;8;119.77000000;1163;EXCHANGE_LAST;;1;1;XEUR;11286675;636;
31.01.2025;10:45:00.916;FBTP SI 20250306 PS;SIMPLE_INSTRUMENT;EFP_FIN;EUR;9;119.72000000;171;EXCHANGE_LAST;;1;1;XEUR;11286675;636;
31.01.2025;10:56:24.193;FBTP SI 20250306 PS;SIMPLE_INSTRUMENT;EFP_FIN;EUR;10;119.69000000;1253;EXCHANGE_LAST;;1;1;XEUR;11286675;636;
31.01.2025;11:05:48.855;FBTP SI 20250306 PS;SIMPLE_INSTRUMENT;EFP_FIN;EUR;11;119.68000000;895;EXCHANGE_LAST;;1;1;XEUR;11286675;636;
31.01.2025;11:28:17.388;FBTP SI 20250306 PS;SIMPLE_INSTRUMENT;EFP_FIN;EUR;12;119.63000000;196;EXCHANGE_LAST;;1;1;XEUR;11286675;636;
31.01.2025;12:05:35.451;FBTP SI 20250306 PS;SIMPLE_INSTRUMENT;EFP_FIN;EUR;13;119.27000000;358;EXCHANGE_LAST;;1;1;XEUR;11286675;636;
31.01.2025;12:37:50.739;FBTP SI 20250306 PS;SIMPLE_INSTRUMENT;EFP_FIN;EUR;14;119.72000000;97;EXCHANGE_LAST;;1;1;XEUR;11286675;636;
31.01.2025;12:39:22.003;FBTP SI 20250306 PS;SIMPLE_INSTRUMENT;EFP_FIN;EUR;15;119.76000000;813;EXCHANGE_LAST;;1;1;XEUR;11286675;636;
31.01.2025;12:48:04.639;FBTP SI 20250306 PS;SIMPLE_INSTRUMENT;EFP_FIN;EUR;16;119.72000000;376;EXCHANGE_LAST;;1;1;XEUR;11286675;636;
31.01.2025;12:53:29.100;FBTP SI 20250306 PS;SIMPLE_INSTRUMENT;BLOCK;EUR;17;119.69000000;464;EXCHANGE_LAST;;1;1;XEUR;11286675;636;
31.01.2025;13:22:02.995;FBTP SI 20250306 PS;SIMPLE_INSTRUMENT;EFP_FIN;EUR;18;119.64000000;856;EXCHANGE_LAST;;1;1;XEUR;11286675;636;
31.01.2025;15:01:02.411;FBTP SI 20250306 PS;SIMPLE_INSTRUMENT;EFP_FIN;EUR;19;119.79000000;872;EXCHANGE_LAST;;1;1;XEUR;11286675;636;
31.01.2025;15:29:18.509;FBTP SI 20250306 PS;SIMPLE_INSTRUMENT;EFP_FIN;EUR;20;119.85000000;136;EXCHANGE_LAST;;1;1;XEUR;11286675;636;
31.01.2025;15:30:30.275;FBTP SI 20250306 PS;SIMPLE_INSTRUMENT;EFP_FIN;EUR;21;119.85000000;178;EXCHANGE_LAST;;1;1;XEUR;11286675;636;
31.01.2025;15:42:55.398;FBTP SI 20250306 PS;SIMPLE_INSTRUMENT;BLOCK;EUR;22;119.80000000;970;EXCHANGE_LAST;;1;1;XEUR;11286675;636;
31.01.2025;15:48:09.971;FBTP SI 20250306 PS;SIMPLE_INSTRUMENT;EFP_FIN;EUR;23;119.81000000;242;EXCHANGE_LAST;;1;1;XEUR;11286675;636;
31.01.2025;16:02:39.095;FBTP SI 20250306 PS;SIMPLE_INSTRUMENT;EFP_FIN;EUR;24;119.82000000;590;EXCHANGE_LAST;;1;1;XEUR;11286675;636;
31.01.2025;16:06:48.623;FBTP SI 20250306 PS;SIMPLE_INSTRUMENT;BLOCK;EUR;25;119.77000000;320;EXCHANGE_LAST;;1;1;XEUR;11286675;636;
31.01.2025;16:21:20.210;FBTP SI 20250306 PS;SIMPLE_INSTRUMENT;EFP_FIN;EUR;26;119.81000000;148;EXCHANGE_LAST;;1;1;XEUR;11286675;636;
31.01.2025;16:37:03.162;FBTP SI 20250306 PS;SIMPLE_INSTRUMENT;EFP_FIN;EUR;27;119.85000000;113;EXCHANGE_LAST;;1;1;XEUR;11286675;636;
31.01.2025;17:30:50.801;FBTP SI 20250306 PS;SIMPLE_INSTRUMENT;EFP_FIN;EUR;28;119.80000000;850;EXCHANGE_LAST;;1;1;XEUR;11286675;636;
31.01.2025;08:46:11.312;FBTS SI 20250306 PS;SIMPLE_INSTRUMENT;EFP_FIN;EUR;3;107.26000000;741;EXCHANGE_LAST;;1;1;XEUR;11286677;639;
31.01.2025;09:41:46.164;FBTS SI 20250306 PS;SIMPLE_INSTRUMENT;EFP_FIN;EUR;8;107.39000000;1057;EXCHANGE_LAST;;1;1;XEUR;11286677;639;
31.01.2025;11:33:09.567;FBTS SI 20250306 PS;SIMPLE_INSTRUMENT;BLOCK;EUR;14;107.37000000;493;EXCHANGE_LAST;;1;1;XEUR;11286677;639;
31.01.2025;12:16:38.972;FBTS SI 20250306 PS;SIMPLE_INSTRUMENT;EFP_FIN;EUR;18;107.37000000;454;EXCHANGE_LAST;;1;1;XEUR;11286677;639;
31.01.2025;12:16:52.100;FBTS SI 20250306 PS;SIMPLE_INSTRUMENT;EFP_FIN;EUR;19;107.37000000;817;EXCHANGE_LAST;;1;1;XEUR;11286677;639;
31.01.2025;12:42:27.466;FBTS SI 20250306 PS;SIMPLE_INSTRUMENT;EFP_FIN;EUR;21;107.35000000;1058;EXCHANGE_LAST;;1;1;XEUR;11286677;639;
31.01.2025;13:29:36.521;FBTS SI 20250306 PS;SIMPLE_INSTRUMENT;BLOCK;EUR;22;107.37000000;495;EXCHANGE_LAST;;1;1;XEUR;11286677;639;
31.01.2025;13:36:51.980;FBTS SI 20250306 PS;SIMPLE_INSTRUMENT;BLOCK;EUR;23;107.37000000;3394;EXCHANGE_LAST;;1;1;XEUR;11286677;639;
31.01.2025;15:27:06.426;FBTS SI 20250306 PS;SIMPLE_INSTRUMENT;EFP_FIN;EUR;30;107.40000000;884;EXCHANGE_LAST;;1;1;XEUR;11286677;639;
31.01.2025;16:05:01.102;FBTS SI 20250306 PS;SIMPLE_INSTRUMENT;EFP_FIN;EUR;33;107.38000000;1280;EXCHANGE_LAST;;1;1;XEUR;11286677;639;
31.01.2025;17:06:31.663;FBTS SI 20250306 PS;SIMPLE_INSTRUMENT;EFP_FIN;EUR;37;107.40000000;396;EXCHANGE_LAST;;1;1;XEUR;11286677;639;
31.01.2025;16:33:23.868;FCME SI 20250317 CS;SIMPLE_INSTRUMENT;BLOCK;EUR;3;0.04623000;125;EXCHANGE_LAST;;1;1;XEUR;11329544;570873;
31.01.2025;12:37:04.991;FCMU SI 20250317 CS;SIMPLE_INSTRUMENT;BLOCK;USD;2;0.04802000;260;EXCHANGE_LAST;;1;1;XEUR;11329545;570874;
31.01.2025;08:54:49.401;FCZU SI 20250317 CS;SIMPLE_INSTRUMENT;BLOCK;USD;1;0.05340000;150;EXCHANGE_LAST;;1;1;XEUR;11329546;570872;
31.01.2025;13:24:39.468;FDAX SI 20250321 CS;SIMPLE_INSTRUMENT;VOLA;EUR;671088652;21892.00000000;110;EXCHANGE_LAST;;1;1;XEUR;7561255;589;
31.01.2025;09:18:23.474;FEBD SI 20271217 CS;SIMPLE_INSTRUMENT;BLOCK;EUR;3;9.37000000;500;EXCHANGE_LAST;;1;1;XEUR;7776307;597;
31.01.2025;09:52:53.002;FEBD SI 20271217 CS;SIMPLE_INSTRUMENT;BLOCK;EUR;6;9.34000000;350;EXCHANGE_LAST;;2;2;XEUR;7776307;597;
31.01.2025;10:03:10.693;FEBD SI 20251219 CS;SIMPLE_INSTRUMENT;BLOCK;EUR;7;10.31000000;950;EXCHANGE_LAST;;1;2;XEUR;5914075;597;
31.01.2025;11:43:39.030;FEBD SI 20261218 CS;SIMPLE_INSTRUMENT;BLOCK;EUR;16;10.14000000;500;EXCHANGE_LAST;;1;1;XEUR;7158212;597;
31.01.2025;11:43:49.335;FEBD SI 20261218 CS;SIMPLE_INSTRUMENT;BLOCK;EUR;17;10.15000000;500;EXCHANGE_LAST;;1;1;XEUR;7158212;597;
31.01.2025;13:02:47.918;FEBD.S.DEC26.DEC27.SPD;FUTURES_SPREAD;BLOCK;EUR;20;0.83000000;750;EXCHANGE_LAST;;1;1;XEUR;72060158133407005;597;
31.01.2025;13:02:47.918;FEBD SI 20271217 CS;SIMPLE_INSTRUMENT;BLOCK;EUR;20;9.35000000;750;PRC_DECOMP_EXCHANGE;;;;XEUR;7776307;597;EXCHANGE
31.01.2025;13:02:47.918;FEBD SI 20261218 CS;SIMPLE_INSTRUMENT;BLOCK;EUR;20;10.18000000;750;PRC_DECOMP_EXCHANGE;;;;XEUR;7158212;597;EXCHANGE
31.01.2025;11:04:12.106;FECX SI 20250321 CS;SIMPLE_INSTRUMENT;BLOCK;EUR;12;166.30000000;300;EXCHANGE_LAST;;1;1;XEUR;11427948;410158;
31.01.2025;16:23:14.517;FECX SI 20250321 CS;SIMPLE_INSTRUMENT;BLOCK;EUR;36;166.46000000;62;EXCHANGE_LAST;;1;1;XEUR;11427948;410158;
31.01.2025;16:47:14.559;FEDV SI 20250321 CS;SIMPLE_INSTRUMENT;EFP_IDX;EUR;46;1742.00000000;547;EXCHANGE_LAST;;1;1;XEUR;11359068;596;
31.01.2025;16:48:40.603;FEDV SI 20250321 CS;SIMPLE_INSTRUMENT;EFP_IDX;EUR;51;1741.50000000;223;EXCHANGE_LAST;;1;1;XEUR;11359068;596;
31.01.2025;16:53:31.167;FEDV SI 20250321 CS;SIMPLE_INSTRUMENT;EFP_IDX;EUR;54;1742.00000000;126;EXCHANGE_LAST;;1;1;XEUR;11359068;596;
31.01.2025;16:53:24.657;FEDV SI 20250321 CS;SIMPLE_INSTRUMENT;EFP_IDX;EUR;55;1741.50000000;474;EXCHANGE_LAST;;1;1;XEUR;11359068;596;
31.01.2025;17:06:03.904;FEDV SI 20250321 CS;SIMPLE_INSTRUMENT;EFP_IDX;EUR;58;1742.50000000;1332;EXCHANGE_LAST;;1;1;XEUR;11359068;596;
31.01.2025;17:06:16.222;FEDV SI 20250321 CS;SIMPLE_INSTRUMENT;EFP_IDX;EUR;59;1742.00000000;2368;EXCHANGE_LAST;;1;1;XEUR;11359068;596;
31.01.2025;16:20:16.226;FES1 SI 20250321 PS;SIMPLE_INSTRUMENT;BLOCK;EUR;35;12.20000000;700;EXCHANGE_LAST;;1;1;XEUR;11391470;58959;
31.01.2025;16:54:57.615;FESB SI 20250321 CS;SIMPLE_INSTRUMENT;EFP_IDX;EUR;35;161.90000000;300;EXCHANGE_LAST;;1;1;XEUR;11359072;605;
31.01.2025;16:55:46.127;FESB SI 20250321 CS;SIMPLE_INSTRUMENT;EFP_IDX;EUR;37;161.80000000;700;EXCHANGE_LAST;;1;1;XEUR;11359072;605;
31.01.2025;11:56:28.235;FESB SI 20250321 CS;SIMPLE_INSTRUMENT;VOLA;EUR;603979810;162.70000000;300;EXCHANGE_LAST;;1;1;XEUR;11359072;605;
31.01.2025;16:44:15.859;FESB SI 20250321 CS;SIMPLE_INSTRUMENT;VOLA;EUR;603979872;162.10000000;400;EXCHANGE_LAST;;1;1;XEUR;11359072;605;
31.01.2025;16:09:22.687;FESX SI 20250321 CS;SIMPLE_INSTRUMENT;EFP_IDX;EUR;1;5295.00000000;1000;EXCHANGE_LAST;;1;1;XEUR;7793482;675;
31.01.2025;16:26:05.907;FESX SI 20250321 CS;SIMPLE_INSTRUMENT;EFP_IDX;EUR;2;5295.00000000;1000;EXCHANGE_LAST;;1;1;XEUR;7793482;675;
31.01.2025;16:40:05.628;FESX SI 20250321 CS;SIMPLE_INSTRUMENT;BLOCK;EUR;3;5287.00000000;4118;EXCHANGE_LAST;;1;1;XEUR;7793482;675;
31.01.2025;16:45:42.093;FESX SI 20250321 CS;SIMPLE_INSTRUMENT;EFP_IDX;EUR;4;5294.00000000;171;EXCHANGE_LAST;;1;1;XEUR;7793482;675;
31.01.2025;16:46:20.694;FESX SI 20250321 CS;SIMPLE_INSTRUMENT;EFP_IDX;EUR;5;5295.00000000;217;EXCHANGE_LAST;;1;1;XEUR;7793482;675;
31.01.2025;16:56:59.663;FESX SI 20250321 CS;SIMPLE_INSTRUMENT;EFP_IDX;EUR;6;5298.00000000;130;EXCHANGE_LAST;;1;1;XEUR;7793482;675;
31.01.2025;16:57:05.364;FESX SI 20250321 CS;SIMPLE_INSTRUMENT;EFP_IDX;EUR;7;5299.00000000;870;EXCHANGE_LAST;;1;1;XEUR;7793482;675;
31.01.2025;16:49:27.349;FESX SI 20250321 CS;SIMPLE_INSTRUMENT;EFP_IDX;EUR;8;5298.00000000;507;EXCHANGE_LAST;;1;1;XEUR;7793482;675;
31.01.2025;16:49:36.319;FESX SI 20250321 CS;SIMPLE_INSTRUMENT;EFP_IDX;EUR;9;5299.00000000;3393;EXCHANGE_LAST;;1;1;XEUR;7793482;675;
31.01.2025;16:48:42.055;FESX SI 20250321 CS;SIMPLE_INSTRUMENT;EFP_IDX;EUR;10;5298.00000000;98;EXCHANGE_LAST;;1;1;XEUR;7793482;675;
31.01.2025;16:48:48.359;FESX SI 20250321 CS;SIMPLE_INSTRUMENT;EFP_IDX;EUR;11;5299.00000000;652;EXCHANGE_LAST;;1;1;XEUR;7793482;675;
31.01.2025;16:53:12.243;FESX SI 20250321 CS;SIMPLE_INSTRUMENT;EFP_IDX;EUR;12;5299.00000000;1000;EXCHANGE_LAST;;1;1;XEUR;7793482;675;
31.01.2025;16:52:55.242;FESX SI 20250321 CS;SIMPLE_INSTRUMENT;EFP_IDX;EUR;13;5300.00000000;136;EXCHANGE_LAST;;1;1;XEUR;7793482;675;
31.01.2025;16:52:44.241;FESX SI 20250321 CS;SIMPLE_INSTRUMENT;EFP_IDX;EUR;15;5299.00000000;251;EXCHANGE_LAST;;1;1;XEUR;7793482;675;
31.01.2025;16:52:27.060;FESX SI 20250321 CS;SIMPLE_INSTRUMENT;EFP_IDX;EUR;16;5299.00000000;304;EXCHANGE_LAST;;1;1;XEUR;7793482;675;
31.01.2025;16:49:34.683;FESX SI 20250321 CS;SIMPLE_INSTRUMENT;EFP_IDX;EUR;17;5299.00000000;144;EXCHANGE_LAST;;1;1;XEUR;7793482;675;
31.01.2025;16:52:00.239;FESX SI 20250321 CS;SIMPLE_INSTRUMENT;EFP_IDX;EUR;18;5300.00000000;34;EXCHANGE_LAST;;1;1;XEUR;7793482;675;
31.01.2025;16:51:25.907;FESX SI 20250321 CS;SIMPLE_INSTRUMENT;EFP_IDX;EUR;19;5299.00000000;912;EXCHANGE_LAST;;1;1;XEUR;7793482;675;
31.01.2025;16:51:45.726;FESX SI 20250321 CS;SIMPLE_INSTRUMENT;EFP_IDX;EUR;20;5300.00000000;144;EXCHANGE_LAST;;1;1;XEUR;7793482;675;
31.01.2025;16:55:02.195;FESX SI 20250321 CS;SIMPLE_INSTRUMENT;EFP_IDX;EUR;21;5298.00000000;2;EXCHANGE_LAST;;1;1;XEUR;7793482;675;
31.01.2025;16:57:42.820;FESX SI 20250321 CS;SIMPLE_INSTRUMENT;EFP_IDX;EUR;22;5298.00000000;18;EXCHANGE_LAST;;1;1;XEUR;7793482;675;
31.01.2025;16:54:04.368;FESX SI 20250321 CS;SIMPLE_INSTRUMENT;EFP_IDX;EUR;23;5298.00000000;1;EXCHANGE_LAST;;1;1;XEUR;7793482;675;
31.01.2025;16:54:35.460;FESX SI 20250321 CS;SIMPLE_INSTRUMENT;EFP_IDX;EUR;24;5299.00000000;149;EXCHANGE_LAST;;1;1;XEUR;7793482;675;
31.01.2025;16:57:49.572;FESX SI 20250321 CS;SIMPLE_INSTRUMENT;EFP_IDX;EUR;25;5299.00000000;3582;EXCHANGE_LAST;;1;1;XEUR;7793482;675;
31.01.2025;16:53:05.674;FESX SI 20250321 CS;SIMPLE_INSTRUMENT;EFP_IDX;EUR;26;5298.00000000;78;EXCHANGE_LAST;;1;1;XEUR;7793482;675;
31.01.2025;16:53:07.212;FESX SI 20250321 CS;SIMPLE_INSTRUMENT;EFP_IDX;EUR;27;5298.00000000;5207;EXCHANGE_LAST;;1;1;XEUR;7793482;675;
31.01.2025;16:56:51.239;FESX SI 20250321 CS;SIMPLE_INSTRUMENT;EFP_IDX;EUR;28;5298.00000000;3;EXCHANGE_LAST;;1;1;XEUR;7793482;675;
31.01.2025;16:56:30.740;FESX SI 20250321 CS;SIMPLE_INSTRUMENT;EFP_IDX;EUR;29;5299.00000000;497;EXCHANGE_LAST;;1;1;XEUR;7793482;675;
31.01.2025;16:53:54.677;FESX SI 20250321 CS;SIMPLE_INSTRUMENT;EFP_IDX;EUR;30;5300.00000000;77;EXCHANGE_LAST;;1;1;XEUR;7793482;675;
31.01.2025;16:53:43.012;FESX SI 20250321 CS;SIMPLE_INSTRUMENT;EFP_IDX;EUR;31;5301.00000000;2127;EXCHANGE_LAST;;1;1;XEUR;7793482;675;
31.01.2025;17:04:03.780;FESX SI 20250321 CS;SIMPLE_INSTRUMENT;EFP_IDX;EUR;32;5298.00000000;10;EXCHANGE_LAST;;1;1;XEUR;7793482;675;
31.01.2025;17:04:09.805;FESX SI 20250321 CS;SIMPLE_INSTRUMENT;EFP_IDX;EUR;33;5299.00000000;1990;EXCHANGE_LAST;;1;1;XEUR;7793482;675;
31.01.2025;17:09:07.340;FESX SI 20250321 CS;SIMPLE_INSTRUMENT;EFP_IDX;EUR;34;5298.00000000;3;EXCHANGE_LAST;;1;1;XEUR;7793482;675;
31.01.2025;17:04:22.237;FESX SI 20250321 CS;SIMPLE_INSTRUMENT;EFP_IDX;EUR;35;5298.00000000;5;EXCHANGE_LAST;;1;1;XEUR;7793482;675;
31.01.2025;17:04:29.026;FESX SI 20250321 CS;SIMPLE_INSTRUMENT;EFP_IDX;EUR;36;5299.00000000;995;EXCHANGE_LAST;;1;1;XEUR;7793482;675;
31.01.2025;17:09:14.713;FESX SI 20250321 CS;SIMPLE_INSTRUMENT;EFP_IDX;EUR;37;5299.00000000;577;EXCHANGE_LAST;;1;1;XEUR;7793482;675;
31.01.2025;16:55:47.684;FESX SI 20250321 CS;SIMPLE_INSTRUMENT;EFP_IDX;EUR;38;5300.00000000;1076;EXCHANGE_LAST;;1;1;XEUR;7793482;675;
31.01.2025;16:59:14.848;FESX SI 20250321 CS;SIMPLE_INSTRUMENT;EFP_IDX;EUR;39;5299.00000000;497;EXCHANGE_LAST;;1;1;XEUR;7793482;675;
31.01.2025;16:55:39.683;FESX SI 20250321 CS;SIMPLE_INSTRUMENT;EFP_IDX;EUR;40;5298.00000000;1086;EXCHANGE_LAST;;1;1;XEUR;7793482;675;
31.01.2025;16:59:20.608;FESX SI 20250321 CS;SIMPLE_INSTRUMENT;EFP_IDX;EUR;41;5298.00000000;3;EXCHANGE_LAST;;1;1;XEUR;7793482;675;
31.01.2025;16:58:39.009;FESX SI 20250321 CS;SIMPLE_INSTRUMENT;EFP_IDX;EUR;42;5298.00000000;8;EXCHANGE_LAST;;1;1;XEUR;7793482;675;
31.01.2025;16:58:47.359;FESX SI 20250321 CS;SIMPLE_INSTRUMENT;EFP_IDX;EUR;43;5299.00000000;1572;EXCHANGE_LAST;;1;1;XEUR;7793482;675;
31.01.2025;17:00:57.562;FESX SI 20250321 CS;SIMPLE_INSTRUMENT;EFP_IDX;EUR;44;5298.00000000;2;EXCHANGE_LAST;;1;1;XEUR;7793482;675;
31.01.2025;17:07:26.048;FESX SI 20250321 CS;SIMPLE_INSTRUMENT;EFP_IDX;EUR;45;5298.00000000;9;EXCHANGE_LAST;;1;1;XEUR;7793482;675;
31.01.2025;17:07:33.638;FESX SI 20250321 CS;SIMPLE_INSTRUMENT;EFP_IDX;EUR;47;5299.00000000;1911;EXCHANGE_LAST;;1;1;XEUR;7793482;675;
31.01.2025;17:01:09.190;FESX SI 20250321 CS;SIMPLE_INSTRUMENT;EFP_IDX;EUR;48;5299.00000000;498;EXCHANGE_LAST;;1;1;XEUR;7793482;675;
31.01.2025;16:58:28.359;FESX SI 20250321 CS;SIMPLE_INSTRUMENT;EFP_IDX;EUR;49;5298.00000000;39;EXCHANGE_LAST;;1;1;XEUR;7793482;675;
31.01.2025;16:59:04.753;FESX SI 20250321 CS;SIMPLE_INSTRUMENT;EFP_IDX;EUR;50;5299.00000000;261;EXCHANGE_LAST;;1;1;XEUR;7793482;675;
31.01.2025;17:06:25.834;FESX SI 20250321 CS;SIMPLE_INSTRUMENT;EFP_IDX;EUR;51;5299.00000000;2200;EXCHANGE_LAST;;1;1;XEUR;7793482;675;
31.01.2025;17:00:29.814;FESX SI 20250321 CS;SIMPLE_INSTRUMENT;EFP_IDX;EUR;52;5299.00000000;1954;EXCHANGE_LAST;;1;1;XEUR;7793482;675;
31.01.2025;17:02:57.505;FESX SI 20250321 CS;SIMPLE_INSTRUMENT;EFP_IDX;EUR;53;5299.00000000;880;EXCHANGE_LAST;;1;1;XEUR;7793482;675;
31.01.2025;17:00:35.695;FESX SI 20250321 CS;SIMPLE_INSTRUMENT;EFP_IDX;EUR;54;5300.00000000;266;EXCHANGE_LAST;;1;1;XEUR;7793482;675;
31.01.2025;17:06:33.425;FESX SI 20250321 CS;SIMPLE_INSTRUMENT;EFP_IDX;EUR;55;5300.00000000;300;EXCHANGE_LAST;;1;1;XEUR;7793482;675;
31.01.2025;17:06:02.686;FESX SI 20250321 CS;SIMPLE_INSTRUMENT;EFP_IDX;EUR;56;5299.00000000;1760;EXCHANGE_LAST;;1;1;XEUR;7793482;675;
31.01.2025;17:06:10.763;FESX SI 20250321 CS;SIMPLE_INSTRUMENT;EFP_IDX;EUR;57;5300.00000000;240;EXCHANGE_LAST;;1;1;XEUR;7793482;675;
31.01.2025;17:09:17.565;FESX SI 20250321 CS;SIMPLE_INSTRUMENT;EFP_IDX;EUR;58;5300.00000000;120;EXCHANGE_LAST;;1;1;XEUR;7793482;675;
31.01.2025;09:49:14.344;FESX SI 20250321 CS;SIMPLE_INSTRUMENT;VOLA;EUR;637534248;5326.00000000;538;EXCHANGE_LAST;;1;1;XEUR;7793482;675;
31.01.2025;09:57:46.864;FESX SI 20250321 CS;SIMPLE_INSTRUMENT;VOLA;EUR;637534253;5305.00000000;10;EXCHANGE_LAST;;1;1;XEUR;7793482;675;
31.01.2025;10:05:39.827;FESX SI 20250321 CS;SIMPLE_INSTRUMENT;VOLA;EUR;637534265;5325.00000000;448;EXCHANGE_LAST;;1;1;XEUR;7793482;675;
31.01.2025;10:10:31.868;FESX SI 20250321 CS;SIMPLE_INSTRUMENT;VOLA;EUR;637534276;5305.00000000;10;EXCHANGE_LAST;;1;1;XEUR;7793482;675;
31.01.2025;10:23:30.575;FESX SI 20250321 CS;SIMPLE_INSTRUMENT;VOLA;EUR;637534287;5312.00000000;1280;EXCHANGE_LAST;;1;1;XEUR;7793482;675;
31.01.2025;11:44:37.994;FESX SI 20250321 CS;SIMPLE_INSTRUMENT;VOLA;EUR;637534327;5312.00000000;200;EXCHANGE_LAST;;1;1;XEUR;7793482;675;
31.01.2025;11:44:54.105;FESX SI 20250321 CS;SIMPLE_INSTRUMENT;VOLA;EUR;637534328;5312.00000000;190;EXCHANGE_LAST;;1;1;XEUR;7793482;675;
31.01.2025;12:09:18.863;FESX SI 20250321 CS;SIMPLE_INSTRUMENT;VOLA;EUR;637534336;5319.00000000;203;EXCHANGE_LAST;;1;1;XEUR;7793482;675;
31.01.2025;12:47:21.858;FESX SI 20250321 CS;SIMPLE_INSTRUMENT;VOLA;EUR;637534351;5310.00000000;112;EXCHANGE_LAST;;1;1;XEUR;7793482;675;
31.01.2025;13:21:47.363;FESX SI 20250321 CS;SIMPLE_INSTRUMENT;VOLA;EUR;637534358;5310.00000000;208;EXCHANGE_LAST;;1;1;XEUR;7793482;675;
31.01.2025;14:49:46.464;FESX SI 20250321 CS;SIMPLE_INSTRUMENT;VOLA;EUR;637534390;5305.00000000;1190;EXCHANGE_LAST;;1;1;XEUR;7793482;675;
31.01.2025;16:23:14.577;FESX SI 20250321 CS;SIMPLE_INSTRUMENT;VOLA;EUR;637534432;5300.00000000;76;EXCHANGE_LAST;;1;1;XEUR;7793482;675;
31.01.2025;16:25:27.492;FESX SI 20250321 CS;SIMPLE_INSTRUMENT;VOLA;EUR;637534434;5294.00000000;46;EXCHANGE_LAST;;1;1;XEUR;7793482;675;
31.01.2025;17:49:37.520;FESX SI 20250321 CS;SIMPLE_INSTRUMENT;VOLA;EUR;637534440;5300.00000000;313;EXCHANGE_LAST;;1;1;XEUR;7793482;675;
31.01.2025;17:49:48.066;FESX SI 20250321 CS;SIMPLE_INSTRUMENT;VOLA;EUR;637534441;5300.00000000;300;EXCHANGE_LAST;;1;1;XEUR;7793482;675;
31.01.2025;16:47:32.945;FESZ SI 20250321 CS;SIMPLE_INSTRUMENT;EFP_IDX;EUR;14;1492.90000000;3;EXCHANGE_LAST;;1;1;XEUR;11359744;700;
31.01.2025;16:47:46.328;FESZ SI 20250321 CS;SIMPLE_INSTRUMENT;EFP_IDX;EUR;15;1493.00000000;28;EXCHANGE_LAST;;1;1;XEUR;11359744;700;
31.01.2025;13:24:43.357;FEXD SI 20251219 CS;SIMPLE_INSTRUMENT;BLOCK;EUR;21;161.20000000;700;EXCHANGE_LAST;;1;2;XEUR;1548120;693;
31.01.2025;13:24:32.142;FEXD SI 20261218 CS;SIMPLE_INSTRUMENT;BLOCK;EUR;22;159.50000000;700;EXCHANGE_LAST;;2;1;XEUR;2163053;693;
31.01.2025;13:15:05.206;FEXD SI 20261218 CS;SIMPLE_INSTRUMENT;BLOCK;EUR;23;159.60000000;250;EXCHANGE_LAST;;1;1;XEUR;2163053;693;
31.01.2025;15:34:44.041;FEXD SI 20251219 CS;SIMPLE_INSTRUMENT;BLOCK;EUR;32;161.10000000;137;EXCHANGE_LAST;;1;1;XEUR;1548120;693;
31.01.2025;15:54:47.289;FEXD SI 20251219 CS;SIMPLE_INSTRUMENT;BLOCK;EUR;33;161.40000000;457;EXCHANGE_LAST;;1;1;XEUR;1548120;693;
31.01.2025;16:22:12.942;FFOX SI 20250321 CS;SIMPLE_INSTRUMENT;BLOCK;EUR;9;4515.80000000;200;EXCHANGE_LAST;;1;1;XEUR;11338030;695;
31.01.2025;16:56:06.848;FFOX SI 20250321 CS;SIMPLE_INSTRUMENT;BLOCK;EUR;21;4511.90000000;400;EXCHANGE_LAST;;1;1;XEUR;11338030;695;
31.01.2025;07:26:03.608;FGBL SI 20250306 PS;SIMPLE_INSTRUMENT;EFS;EUR;1;131.69000000;416;EXCHANGE_LAST;;1;1;XEUR;11286679;688;
31.01.2025;07:32:53.865;FGBL SI 20250306 PS;SIMPLE_INSTRUMENT;EFS;EUR;2;131.64000000;416;EXCHANGE_LAST;;1;1;XEUR;11286679;688;
31.01.2025;07:32:54.866;FGBL SI 20250306 PS;SIMPLE_INSTRUMENT;EFS;EUR;3;131.64000000;416;EXCHANGE_LAST;;1;1;XEUR;11286679;688;
31.01.2025;07:54:35.644;FGBL SI 20250306 PS;SIMPLE_INSTRUMENT;EFS;EUR;4;131.90000000;208;EXCHANGE_LAST;;1;1;XEUR;11286679;688;
31.01.2025;07:56:01.131;FGBL SI 20250306 PS;SIMPLE_INSTRUMENT;EFS;EUR;5;131.87000000;474;EXCHANGE_LAST;;1;1;XEUR;11286679;688;
31.01.2025;07:57:11.741;FGBL SI 20250306 PS;SIMPLE_INSTRUMENT;EFS;EUR;6;131.90000000;416;EXCHANGE_LAST;;1;1;XEUR;11286679;688;
31.01.2025;08:29:00.791;FGBL SI 20250306 PS;SIMPLE_INSTRUMENT;EFS;EUR;7;131.91000000;273;EXCHANGE_LAST;;1;1;XEUR;11286679;688;
31.01.2025;08:29:23.989;FGBL SI 20250306 PS;SIMPLE_INSTRUMENT;EFS;EUR;8;131.93000000;416;EXCHANGE_LAST;;1;1;XEUR;11286679;688;
31.01.2025;08:31:00.215;FGBL SI 20250306 PS;SIMPLE_INSTRUMENT;EFS;EUR;9;131.88000000;228;EXCHANGE_LAST;;1;1;XEUR;11286679;688;
31.01.2025;08:42:38.049;FGBL SI 20250306 PS;SIMPLE_INSTRUMENT;EFS;EUR;10;131.86000000;416;EXCHANGE_LAST;;1;1;XEUR;11286679;688;
31.01.2025;08:43:12.197;FGBL SI 20250306 PS;SIMPLE_INSTRUMENT;EFS;EUR;11;131.84000000;416;EXCHANGE_LAST;;1;1;XEUR;11286679;688;
31.01.2025;08:44:59.633;FGBL SI 20250306 PS;SIMPLE_INSTRUMENT;EFS;EUR;12;131.84000000;416;EXCHANGE_LAST;;1;1;XEUR;11286679;688;
31.01.2025;08:47:02.648;FGBL SI 20250306 PS;SIMPLE_INSTRUMENT;EFS;EUR;13;131.84000000;416;EXCHANGE_LAST;;1;1;XEUR;11286679;688;
31.01.2025;08:51:36.870;FGBL SI 20250306 PS;SIMPLE_INSTRUMENT;EFS;EUR;14;131.90000000;416;EXCHANGE_LAST;;1;1;XEUR;11286679;688;
31.01.2025;08:52:49.364;FGBL SI 20250306 PS;SIMPLE_INSTRUMENT;EFS;EUR;15;131.91000000;228;EXCHANGE_LAST;;1;1;XEUR;11286679;688;
31.01.2025;08:58:11.296;FGBL SI 20250306 PS;SIMPLE_INSTRUMENT;EFS;EUR;16;131.92000000;568;EXCHANGE_LAST;;1;1;XEUR;11286679;688;
31.01.2025;08:58:41.210;FGBL SI 20250306 PS;SIMPLE_INSTRUMENT;EFS;EUR;17;131.93000000;440;EXCHANGE_LAST;;1;1;XEUR;11286679;688;
31.01.2025;08:58:47.151;FGBL SI 20250306 PS;SIMPLE_INSTRUMENT;EFS;EUR;18;131.90000000;416;EXCHANGE_LAST;;1;1;XEUR;11286679;688;
31.01.2025;09:00:06.225;FGBL SI 20250306 PS;SIMPLE_INSTRUMENT;EFS;EUR;19;132.16000000;207;EXCHANGE_LAST;;1;1;XEUR;11286679;688;
31.01.2025;09:03:00.621;FGBL SI 20250306 PS;SIMPLE_INSTRUMENT;EFS;EUR;20;131.91000000;416;EXCHANGE_LAST;;1;1;XEUR;11286679;688;
31.01.2025;09:04:57.041;FGBL SI 20250306 PS;SIMPLE_INSTRUMENT;EFS;EUR;21;131.91000000;416;EXCHANGE_LAST;;1;1;XEUR;11286679;688;
31.01.2025;09:07:38.384;FGBL SI 20250306 PS;SIMPLE_INSTRUMENT;EFP_FIN;EUR;22;131.91000000;938;EXCHANGE_LAST;;1;1;XEUR;11286679;688;
31.01.2025;09:07:43.828;FGBL SI 20250306 PS;SIMPLE_INSTRUMENT;EFS;EUR;23;131.88000000;137;EXCHANGE_LAST;;1;1;XEUR;11286679;688;
31.01.2025;09:08:30.467;FGBL SI 20250306 PS;SIMPLE_INSTRUMENT;EFS;EUR;24;131.89000000;800;EXCHANGE_LAST;;1;1;XEUR;11286679;688;
31.01.2025;09:16:42.852;FGBL SI 20250306 PS;SIMPLE_INSTRUMENT;EFS;EUR;25;132.31000000;227;EXCHANGE_LAST;;1;1;XEUR;11286679;688;
31.01.2025;09:16:52.203;FGBL SI 20250306 PS;SIMPLE_INSTRUMENT;EFS;EUR;26;131.91000000;947;EXCHANGE_LAST;;1;1;XEUR;11286679;688;
31.01.2025;09:18:23.940;FGBL SI 20250306 PS;SIMPLE_INSTRUMENT;EFS;EUR;27;132.29000000;415;EXCHANGE_LAST;;1;1;XEUR;11286679;688;
31.01.2025;09:20:14.047;FGBL SI 20250306 PS;SIMPLE_INSTRUMENT;EFS;EUR;28;132.29000000;831;EXCHANGE_LAST;;1;1;XEUR;11286679;688;
31.01.2025;09:23:09.225;FGBL SI 20250306 PS;SIMPLE_INSTRUMENT;EFS;EUR;29;132.29000000;415;EXCHANGE_LAST;;1;1;XEUR;11286679;688;
31.01.2025;09:26:49.896;FGBL SI 20250306 PS;SIMPLE_INSTRUMENT;EFS;EUR;30;132.29000000;227;EXCHANGE_LAST;;1;1;XEUR;11286679;688;
31.01.2025;09:32:36.579;FGBL SI 20250306 PS;SIMPLE_INSTRUMENT;EFS;EUR;31;132.35000000;290;EXCHANGE_LAST;;1;1;XEUR;11286679;688;
31.01.2025;09:32:55.960;FGBL SI 20250306 PS;SIMPLE_INSTRUMENT;EFS;EUR;32;132.34000000;227;EXCHANGE_LAST;;1;1;XEUR;11286679;688;
31.01.2025;09:36:44.503;FGBL SI 20250306 PS;SIMPLE_INSTRUMENT;EFS;EUR;33;132.35000000;472;EXCHANGE_LAST;;1;1;XEUR;11286679;688;
31.01.2025;09:36:09.247;FGBL SI 20250306 PS;SIMPLE_INSTRUMENT;EFS;EUR;34;132.38000000;290;EXCHANGE_LAST;;1;1;XEUR;11286679;688;
31.01.2025;09:37:03.658;FGBL SI 20250306 PS;SIMPLE_INSTRUMENT;EFS;EUR;35;132.37000000;124;EXCHANGE_LAST;;1;1;XEUR;11286679;688;
31.01.2025;09:50:49.694;FGBL SI 20250306 PS;SIMPLE_INSTRUMENT;EFS;EUR;37;132.39000000;332;EXCHANGE_LAST;;1;1;XEUR;11286679;688;
31.01.2025;09:51:34.691;FGBL SI 20250306 PS;SIMPLE_INSTRUMENT;EFP_FIN;EUR;38;132.40000000;396;EXCHANGE_LAST;;1;1;XEUR;11286679;688;
31.01.2025;09:53:32.435;FGBL SI 20250306 PS;SIMPLE_INSTRUMENT;EFS;EUR;39;132.39000000;415;EXCHANGE_LAST;;1;1;XEUR;11286679;688;
31.01.2025;09:54:02.454;FGBL SI 20250306 PS;SIMPLE_INSTRUMENT;EFS;EUR;40;132.39000000;623;EXCHANGE_LAST;;1;1;XEUR;11286679;688;
31.01.2025;09:54:18.107;FGBL SI 20250306 PS;SIMPLE_INSTRUMENT;EFS;EUR;41;132.39000000;415;EXCHANGE_LAST;;1;1;XEUR;11286679;688;
31.01.2025;09:55:27.513;FGBL SI 20250306 PS;SIMPLE_INSTRUMENT;EFS;EUR;42;132.39000000;208;EXCHANGE_LAST;;1;1;XEUR;11286679;688;
31.01.2025;10:00:41.435;FGBL SI 20250306 PS;SIMPLE_INSTRUMENT;EFS;EUR;43;132.41000000;471;EXCHANGE_LAST;;1;1;XEUR;11286679;688;
31.01.2025;10:07:17.954;FGBL SI 20250306 PS;SIMPLE_INSTRUMENT;EFS;EUR;44;132.36000000;415;EXCHANGE_LAST;;1;1;XEUR;11286679;688;
31.01.2025;10:08:28.008;FGBL SI 20250306 PS;SIMPLE_INSTRUMENT;EFS;EUR;45;132.36000000;415;EXCHANGE_LAST;;1;1;XEUR;11286679;688;
31.01.2025;10:08:45.884;FGBL SI 20250306 PS;SIMPLE_INSTRUMENT;EFS;EUR;46;132.38000000;415;EXCHANGE_LAST;;1;1;XEUR;11286679;688;
31.01.2025;10:17:11.584;FGBL SI 20250306 PS;SIMPLE_INSTRUMENT;EFP_FIN;EUR;47;132.38000000;935;EXCHANGE_LAST;;1;1;XEUR;11286679;688;
31.01.2025;10:19:51.085;FGBL SI 20250306 PS;SIMPLE_INSTRUMENT;EFS;EUR;48;132.39000000;803;EXCHANGE_LAST;;1;1;XEUR;11286679;688;
31.01.2025;10:20:32.797;FGBL SI 20250306 PS;SIMPLE_INSTRUMENT;EFS;EUR;49;132.32000000;456;EXCHANGE_LAST;;1;1;XEUR;11286679;688;
31.01.2025;10:21:49.489;FGBL SI 20250306 PS;SIMPLE_INSTRUMENT;EFS;EUR;50;132.32000000;440;EXCHANGE_LAST;;1;1;XEUR;11286679;688;
31.01.2025;10:23:10.748;FGBL SI 20250306 PS;SIMPLE_INSTRUMENT;EFP_FIN;EUR;51;132.31000000;166;EXCHANGE_LAST;;1;1;XEUR;11286679;688;
31.01.2025;10:24:00.588;FGBL SI 20250306 PS;SIMPLE_INSTRUMENT;EFP_FIN;EUR;52;132.35000000;2284;EXCHANGE_LAST;;1;1;XEUR;11286679;688;
31.01.2025;10:26:29.052;FGBL SI 20250306 PS;SIMPLE_INSTRUMENT;EFS;EUR;53;132.28000000;455;EXCHANGE_LAST;;1;1;XEUR;11286679;688;
31.01.2025;10:26:10.934;FGBL SI 20250306 PS;SIMPLE_INSTRUMENT;EFS;EUR;54;132.29000000;415;EXCHANGE_LAST;;1;1;XEUR;11286679;688;
31.01.2025;10:29:37.742;FGBL SI 20250306 PS;SIMPLE_INSTRUMENT;EFS;EUR;55;132.31000000;227;EXCHANGE_LAST;;1;1;XEUR;11286679;688;
31.01.2025;10:31:23.146;FGBL SI 20250306 PS;SIMPLE_INSTRUMENT;EFS;EUR;56;132.28000000;440;EXCHANGE_LAST;;1;1;XEUR;11286679;688;
31.01.2025;10:34:13.076;FGBL SI 20250306 PS;SIMPLE_INSTRUMENT;EFS;EUR;57;132.28000000;944;EXCHANGE_LAST;;1;1;XEUR;11286679;688;
31.01.2025;10:34:07.856;FGBL SI 20250306 PS;SIMPLE_INSTRUMENT;EFS;EUR;58;132.29000000;909;EXCHANGE_LAST;;1;1;XEUR;11286679;688;
31.01.2025;10:37:26.781;FGBL SI 20250306 PS;SIMPLE_INSTRUMENT;EFS;EUR;59;132.33000000;415;EXCHANGE_LAST;;1;1;XEUR;11286679;688;
31.01.2025;10:41:03.240;FGBL SI 20250306 PS;SIMPLE_INSTRUMENT;EFP_FIN;EUR;60;132.30000000;185;EXCHANGE_LAST;;1;1;XEUR;11286679;688;
31.01.2025;10:42:51.261;FGBL SI 20250306 PS;SIMPLE_INSTRUMENT;EFP_FIN;EUR;61;132.33000000;372;EXCHANGE_LAST;;1;1;XEUR;11286679;688;
31.01.2025;10:44:54.109;FGBL SI 20250306 PS;SIMPLE_INSTRUMENT;EFP_FIN;EUR;62;132.27000000;303;EXCHANGE_LAST;;1;1;XEUR;11286679;688;
31.01.2025;10:45:12.471;FGBL SI 20250306 PS;SIMPLE_INSTRUMENT;EFS;EUR;63;132.28000000;499;EXCHANGE_LAST;;1;1;XEUR;11286679;688;
31.01.2025;10:45:47.658;FGBL SI 20250306 PS;SIMPLE_INSTRUMENT;EFS;EUR;64;132.29000000;415;EXCHANGE_LAST;;1;1;XEUR;11286679;688;
31.01.2025;10:46:32.962;FGBL SI 20250306 PS;SIMPLE_INSTRUMENT;EFS;EUR;65;132.28000000;415;EXCHANGE_LAST;;1;1;XEUR;11286679;688;
31.01.2025;10:49:23.479;FGBL SI 20250306 PS;SIMPLE_INSTRUMENT;EFS;EUR;66;132.29000000;415;EXCHANGE_LAST;;1;1;XEUR;11286679;688;
31.01.2025;10:51:36.318;FGBL SI 20250306 PS;SIMPLE_INSTRUMENT;EFS;EUR;67;132.27000000;415;EXCHANGE_LAST;;1;1;XEUR;11286679;688;
31.01.2025;10:58:43.843;FGBL SI 20250306 PS;SIMPLE_INSTRUMENT;EFP_FIN;EUR;68;132.29000000;743;EXCHANGE_LAST;;1;1;XEUR;11286679;688;
31.01.2025;10:59:52.938;FGBL SI 20250306 PS;SIMPLE_INSTRUMENT;EFP_FIN;EUR;69;132.25000000;1114;EXCHANGE_LAST;;1;1;XEUR;11286679;688;
31.01.2025;11:04:28.647;FGBL SI 20250306 PS;SIMPLE_INSTRUMENT;EFP_FIN;EUR;70;132.24000000;1857;EXCHANGE_LAST;;1;1;XEUR;11286679;688;
31.01.2025;11:10:38.796;FGBL SI 20250306 PS;SIMPLE_INSTRUMENT;EFP_FIN;EUR;71;132.33000000;238;EXCHANGE_LAST;;1;1;XEUR;11286679;688;
31.01.2025;11:12:34.269;FGBL SI 20250306 PS;SIMPLE_INSTRUMENT;EFS;EUR;72;132.29000000;318;EXCHANGE_LAST;;1;1;XEUR;11286679;688;
31.01.2025;11:35:07.916;FGBL SI 20250306 PS;SIMPLE_INSTRUMENT;EFS;EUR;73;132.28000000;472;EXCHANGE_LAST;;1;1;XEUR;11286679;688;
31.01.2025;11:39:22.811;FGBL SI 20250306 PS;SIMPLE_INSTRUMENT;EFP_FIN;EUR;74;132.30000000;82;EXCHANGE_LAST;;1;1;XEUR;11286679;688;
31.01.2025;11:42:17.816;FGBL SI 20250306 PS;SIMPLE_INSTRUMENT;EFS;EUR;75;132.30000000;831;EXCHANGE_LAST;;1;1;XEUR;11286679;688;
31.01.2025;11:42:57.843;FGBL SI 20250306 PS;SIMPLE_INSTRUMENT;EFS;EUR;76;132.31000000;831;EXCHANGE_LAST;;1;1;XEUR;11286679;688;
31.01.2025;11:43:52.895;FGBL SI 20250306 PS;SIMPLE_INSTRUMENT;EFS;EUR;77;132.33000000;499;EXCHANGE_LAST;;1;1;XEUR;11286679;688;
31.01.2025;11:44:47.933;FGBL SI 20250306 PS;SIMPLE_INSTRUMENT;EFS;EUR;78;132.32000000;415;EXCHANGE_LAST;;1;1;XEUR;11286679;688;
31.01.2025;11:50:52.857;FGBL SI 20250306 PS;SIMPLE_INSTRUMENT;EFS;EUR;79;132.32000000;1819;EXCHANGE_LAST;;1;1;XEUR;11286679;688;
31.01.2025;12:09:23.282;FGBL SI 20250306 PS;SIMPLE_INSTRUMENT;EFS;EUR;80;132.31000000;415;EXCHANGE_LAST;;1;1;XEUR;11286679;688;
31.01.2025;12:23:06.121;FGBL SI 20250306 PS;SIMPLE_INSTRUMENT;EFP_FIN;EUR;81;132.25000000;317;EXCHANGE_LAST;;1;1;XEUR;11286679;688;
31.01.2025;12:28:27.697;FGBL SI 20250306 PS;SIMPLE_INSTRUMENT;BLOCK;EUR;82;132.34000000;8000;EXCHANGE_LAST;;1;1;XEUR;11286679;688;
31.01.2025;12:32:54.110;FGBL SI 20250306 PS;SIMPLE_INSTRUMENT;EFS;EUR;83;132.25000000;100;EXCHANGE_LAST;;1;1;XEUR;11286679;688;
31.01.2025;12:33:26.986;FGBL SI 20250306 PS;SIMPLE_INSTRUMENT;EFS;EUR;84;132.28000000;472;EXCHANGE_LAST;;1;1;XEUR;11286679;688;
31.01.2025;12:33:30.988;FGBL SI 20250306 PS;SIMPLE_INSTRUMENT;EFP_FIN;EUR;85;132.29000000;793;EXCHANGE_LAST;;1;1;XEUR;11286679;688;
31.01.2025;12:34:38.949;FGBL SI 20250306 PS;SIMPLE_INSTRUMENT;EFS;EUR;86;132.28000000;472;EXCHANGE_LAST;;1;1;XEUR;11286679;688;
31.01.2025;12:36:03.930;FGBL SI 20250306 PS;SIMPLE_INSTRUMENT;EFS;EUR;87;132.28000000;472;EXCHANGE_LAST;;1;1;XEUR;11286679;688;
31.01.2025;12:36:08.055;FGBL SI 20250306 PS;SIMPLE_INSTRUMENT;EFS;EUR;88;132.27000000;415;EXCHANGE_LAST;;1;1;XEUR;11286679;688;
31.01.2025;12:42:11.084;FGBL SI 20250306 PS;SIMPLE_INSTRUMENT;EFS;EUR;89;132.29000000;378;EXCHANGE_LAST;;1;1;XEUR;11286679;688;
31.01.2025;12:51:14.039;FGBL SI 20250306 PS;SIMPLE_INSTRUMENT;EFP_FIN;EUR;90;132.33000000;130;EXCHANGE_LAST;;1;1;XEUR;11286679;688;
31.01.2025;12:47:27.027;FGBL SI 20250306 PS;SIMPLE_INSTRUMENT;EFS;EUR;91;132.32000000;910;EXCHANGE_LAST;;1;1;XEUR;11286679;688;
31.01.2025;12:49:24.525;FGBL SI 20250306 PS;SIMPLE_INSTRUMENT;EFS;EUR;92;132.32000000;208;EXCHANGE_LAST;;1;1;XEUR;11286679;688;
31.01.2025;12:49:31.122;FGBL SI 20250306 PS;SIMPLE_INSTRUMENT;EFS;EUR;93;132.28000000;415;EXCHANGE_LAST;;1;1;XEUR;11286679;688;
31.01.2025;12:50:01.687;FGBL SI 20250306 PS;SIMPLE_INSTRUMENT;EFS;EUR;94;132.28000000;77;EXCHANGE_LAST;;1;1;XEUR;11286679;688;
31.01.2025;12:50:17.367;FGBL SI 20250306 PS;SIMPLE_INSTRUMENT;EFS;EUR;95;132.28000000;415;EXCHANGE_LAST;;1;1;XEUR;11286679;688;
31.01.2025;12:51:04.591;FGBL SI 20250306 PS;SIMPLE_INSTRUMENT;EFS;EUR;96;132.31000000;208;EXCHANGE_LAST;;1;1;XEUR;11286679;688;
31.01.2025;12:51:43.572;FGBL SI 20250306 PS;SIMPLE_INSTRUMENT;EFS;EUR;97;132.28000000;208;EXCHANGE_LAST;;1;1;XEUR;11286679;688;
31.01.2025;12:56:32.579;FGBL SI 20250306 PS;SIMPLE_INSTRUMENT;EFS;EUR;98;132.36000000;135;EXCHANGE_LAST;;1;1;XEUR;11286679;688;
31.01.2025;13:00:46.387;FGBL SI 20250306 PS;SIMPLE_INSTRUMENT;EFS;EUR;99;132.34000000;207;EXCHANGE_LAST;;1;1;XEUR;11286679;688;
31.01.2025;13:02:45.365;FGBL SI 20250306 PS;SIMPLE_INSTRUMENT;EFS;EUR;100;132.34000000;207;EXCHANGE_LAST;;1;1;XEUR;11286679;688;
31.01.2025;13:15:15.743;FGBL SI 20250306 PS;SIMPLE_INSTRUMENT;EFP_FIN;EUR;101;132.25000000;383;EXCHANGE_LAST;;1;1;XEUR;11286679;688;
31.01.2025;13:18:07.122;FGBL SI 20250306 PS;SIMPLE_INSTRUMENT;EFP_FIN;EUR;102;132.33000000;220;EXCHANGE_LAST;;1;1;XEUR;11286679;688;
31.01.2025;13:18:18.123;FGBL SI 20250306 PS;SIMPLE_INSTRUMENT;EFP_FIN;EUR;103;132.33000000;220;EXCHANGE_LAST;;1;1;XEUR;11286679;688;
31.01.2025;13:53:58.231;FGBL SI 20250306 PS;SIMPLE_INSTRUMENT;EFP_FIN;EUR;104;132.25000000;79;EXCHANGE_LAST;;1;1;XEUR;11286679;688;
31.01.2025;13:35:41.175;FGBL SI 20250306 PS;SIMPLE_INSTRUMENT;EFP_FIN;EUR;105;132.28000000;803;EXCHANGE_LAST;;1;1;XEUR;11286679;688;
31.01.2025;13:45:03.334;FGBL SI 20250306 PS;SIMPLE_INSTRUMENT;EFS;EUR;106;132.23000000;536;EXCHANGE_LAST;;1;1;XEUR;11286679;688;
31.01.2025;13:50:21.019;FGBL SI 20250306 PS;SIMPLE_INSTRUMENT;EFP_FIN;EUR;107;132.33000000;180;EXCHANGE_LAST;;1;1;XEUR;11286679;688;
31.01.2025;13:48:48.943;FGBL SI 20250306 PS;SIMPLE_INSTRUMENT;EFS;EUR;108;132.27000000;208;EXCHANGE_LAST;;1;1;XEUR;11286679;688;
31.01.2025;13:51:14.033;FGBL SI 20250306 PS;SIMPLE_INSTRUMENT;EFS;EUR;109;132.35000000;208;EXCHANGE_LAST;;1;1;XEUR;11286679;688;
31.01.2025;13:53:04.228;FGBL SI 20250306 PS;SIMPLE_INSTRUMENT;EFP_FIN;EUR;110;132.18000000;317;EXCHANGE_LAST;;1;1;XEUR;11286679;688;
31.01.2025;13:53:52.794;FGBL SI 20250306 PS;SIMPLE_INSTRUMENT;EFS;EUR;111;132.21000000;472;EXCHANGE_LAST;;1;1;XEUR;11286679;688;
31.01.2025;13:56:28.075;FGBL SI 20250306 PS;SIMPLE_INSTRUMENT;EFS;EUR;112;132.26000000;472;EXCHANGE_LAST;;1;1;XEUR;11286679;688;
31.01.2025;14:00:20.455;FGBL SI 20250306 PS;SIMPLE_INSTRUMENT;EFS;EUR;113;132.26000000;472;EXCHANGE_LAST;;1;1;XEUR;11286679;688;
31.01.2025;14:03:06.478;FGBL SI 20250306 PS;SIMPLE_INSTRUMENT;EFS;EUR;114;132.35000000;415;EXCHANGE_LAST;;1;1;XEUR;11286679;688;
31.01.2025;14:03:26.492;FGBL SI 20250306 PS;SIMPLE_INSTRUMENT;EFS;EUR;115;132.35000000;415;EXCHANGE_LAST;;1;1;XEUR;11286679;688;
31.01.2025;14:03:46.511;FGBL SI 20250306 PS;SIMPLE_INSTRUMENT;EFS;EUR;116;132.37000000;208;EXCHANGE_LAST;;1;1;XEUR;11286679;688;
31.01.2025;14:06:26.624;FGBL SI 20250306 PS;SIMPLE_INSTRUMENT;EFS;EUR;117;132.35000000;415;EXCHANGE_LAST;;1;1;XEUR;11286679;688;
31.01.2025;14:11:41.398;FGBL SI 20250306 PS;SIMPLE_INSTRUMENT;EFS;EUR;118;132.37000000;415;EXCHANGE_LAST;;1;1;XEUR;11286679;688;
31.01.2025;14:14:04.241;FGBL SI 20250306 PS;SIMPLE_INSTRUMENT;EFP_FIN;EUR;119;132.36000000;446;EXCHANGE_LAST;;1;1;XEUR;11286679;688;
31.01.2025;14:14:56.949;FGBL SI 20250306 PS;SIMPLE_INSTRUMENT;EFS;EUR;120;132.39000000;415;EXCHANGE_LAST;;1;1;XEUR;11286679;688;
31.01.2025;14:14:58.923;FGBL SI 20250306 PS;SIMPLE_INSTRUMENT;EFP_FIN;EUR;121;132.39000000;1857;EXCHANGE_LAST;;1;1;XEUR;11286679;688;
31.01.2025;14:16:39.262;FGBL SI 20250306 PS;SIMPLE_INSTRUMENT;EFP_FIN;EUR;122;132.36000000;1857;EXCHANGE_LAST;;1;1;XEUR;11286679;688;
31.01.2025;14:20:02.812;FGBL SI 20250306 PS;SIMPLE_INSTRUMENT;EFP_FIN;EUR;123;132.33000000;79;EXCHANGE_LAST;;1;1;XEUR;11286679;688;
31.01.2025;14:24:23.209;FGBL SI 20250306 PS;SIMPLE_INSTRUMENT;EFS;EUR;124;132.41000000;415;EXCHANGE_LAST;;1;1;XEUR;11286679;688;
31.01.2025;14:36:29.823;FGBL SI 20250306 PS;SIMPLE_INSTRUMENT;EFS;EUR;125;132.44000000;415;EXCHANGE_LAST;;1;1;XEUR;11286679;688;
31.01.2025;14:36:39.832;FGBL SI 20250306 PS;SIMPLE_INSTRUMENT;EFS;EUR;126;132.44000000;415;EXCHANGE_LAST;;1;1;XEUR;11286679;688;
31.01.2025;14:38:54.920;FGBL SI 20250306 PS;SIMPLE_INSTRUMENT;EFS;EUR;127;132.44000000;415;EXCHANGE_LAST;;1;1;XEUR;11286679;688;
31.01.2025;14:39:34.949;FGBL SI 20250306 PS;SIMPLE_INSTRUMENT;EFS;EUR;128;132.48000000;500;EXCHANGE_LAST;;1;1;XEUR;11286679;688;
31.01.2025;14:40:01.767;FGBL SI 20250306 PS;SIMPLE_INSTRUMENT;EFS;EUR;129;132.39000000;362;EXCHANGE_LAST;;1;1;XEUR;11286679;688;
31.01.2025;14:44:21.135;FGBL SI 20250306 PS;SIMPLE_INSTRUMENT;EFS;EUR;130;132.46000000;300;EXCHANGE_LAST;;1;1;XEUR;11286679;688;
31.01.2025;14:45:01.386;FGBL SI 20250306 PS;SIMPLE_INSTRUMENT;EFP_FIN;EUR;131;132.39000000;317;EXCHANGE_LAST;;1;1;XEUR;11286679;688;
31.01.2025;14:45:45.758;FGBL SI 20250306 PS;SIMPLE_INSTRUMENT;EFP_FIN;EUR;132;132.37000000;234;EXCHANGE_LAST;;1;1;XEUR;11286679;688;
31.01.2025;14:50:03.804;FGBL SI 20250306 PS;SIMPLE_INSTRUMENT;EFP_FIN;EUR;133;132.49000000;235;EXCHANGE_LAST;;1;1;XEUR;11286679;688;
31.01.2025;14:53:11.493;FGBL SI 20250306 PS;SIMPLE_INSTRUMENT;EFS;EUR;134;132.48000000;415;EXCHANGE_LAST;;1;1;XEUR;11286679;688;
31.01.2025;14:56:36.621;FGBL SI 20250306 PS;SIMPLE_INSTRUMENT;EFS;EUR;135;132.52000000;415;EXCHANGE_LAST;;1;1;XEUR;11286679;688;
31.01.2025;14:59:22.612;FGBL SI 20250306 PS;SIMPLE_INSTRUMENT;EFS;EUR;136;132.50000000;415;EXCHANGE_LAST;;1;1;XEUR;11286679;688;
31.01.2025;14:59:56.752;FGBL SI 20250306 PS;SIMPLE_INSTRUMENT;EFS;EUR;137;132.52000000;500;EXCHANGE_LAST;;1;1;XEUR;11286679;688;
31.01.2025;15:08:16.416;FGBL SI 20250306 PS;SIMPLE_INSTRUMENT;EFS;EUR;138;132.49000000;415;EXCHANGE_LAST;;1;1;XEUR;11286679;688;
31.01.2025;15:08:53.858;FGBL SI 20250306 PS;SIMPLE_INSTRUMENT;EFS;EUR;139;132.49000000;1884;EXCHANGE_LAST;;1;1;XEUR;11286679;688;
31.01.2025;15:08:57.967;FGBL SI 20250306 PS;SIMPLE_INSTRUMENT;EFS;EUR;140;132.39000000;1153;EXCHANGE_LAST;;1;1;XEUR;11286679;688;
31.01.2025;15:15:29.954;FGBL SI 20250306 PS;SIMPLE_INSTRUMENT;EFS;EUR;141;132.52000000;236;EXCHANGE_LAST;;1;1;XEUR;11286679;688;
31.01.2025;15:15:22.353;FGBL SI 20250306 PS;SIMPLE_INSTRUMENT;EFS;EUR;142;132.49000000;290;EXCHANGE_LAST;;1;1;XEUR;11286679;688;
31.01.2025;15:19:09.026;FGBL SI 20250306 PS;SIMPLE_INSTRUMENT;EFS;EUR;143;132.49000000;207;EXCHANGE_LAST;;1;1;XEUR;11286679;688;
31.01.2025;15:20:00.506;FGBL SI 20250306 PS;SIMPLE_INSTRUMENT;EFS;EUR;144;132.49000000;415;EXCHANGE_LAST;;1;1;XEUR;11286679;688;
31.01.2025;15:25:17.300;FGBL SI 20250306 PS;SIMPLE_INSTRUMENT;EFS;EUR;145;132.52000000;227;EXCHANGE_LAST;;1;1;XEUR;11286679;688;
31.01.2025;15:31:05.895;FGBL SI 20250306 PS;SIMPLE_INSTRUMENT;EFP_FIN;EUR;146;132.51000000;415;EXCHANGE_LAST;;1;1;XEUR;11286679;688;
31.01.2025;15:34:52.010;FGBL SI 20250306 PS;SIMPLE_INSTRUMENT;EFS;EUR;147;132.51000000;138;EXCHANGE_LAST;;1;1;XEUR;11286679;688;
31.01.2025;15:34:43.357;FGBL SI 20250306 PS;SIMPLE_INSTRUMENT;EFS;EUR;148;132.47000000;415;EXCHANGE_LAST;;1;1;XEUR;11286679;688;
31.01.2025;15:40:10.827;FGBL SI 20250306 PS;SIMPLE_INSTRUMENT;EFS;EUR;149;132.43000000;329;EXCHANGE_LAST;;1;1;XEUR;11286679;688;
31.01.2025;15:43:13.683;FGBL SI 20250306 PS;SIMPLE_INSTRUMENT;EFS;EUR;150;132.43000000;329;EXCHANGE_LAST;;1;1;XEUR;11286679;688;
31.01.2025;15:49:19.534;FGBL SI 20250306 PS;SIMPLE_INSTRUMENT;EFS;EUR;151;132.47000000;207;EXCHANGE_LAST;;1;1;XEUR;11286679;688;
31.01.2025;15:51:08.103;FGBL SI 20250306 PS;SIMPLE_INSTRUMENT;EFS;EUR;152;132.50000000;207;EXCHANGE_LAST;;1;1;XEUR;11286679;688;
31.01.2025;15:53:55.732;FGBL SI 20250306 PS;SIMPLE_INSTRUMENT;EFS;EUR;153;132.48000000;471;EXCHANGE_LAST;;1;1;XEUR;11286679;688;
31.01.2025;15:54:52.705;FGBL SI 20250306 PS;SIMPLE_INSTRUMENT;EFS;EUR;154;132.50000000;415;EXCHANGE_LAST;;1;1;XEUR;11286679;688;
31.01.2025;15:57:04.346;FGBL SI 20250306 PS;SIMPLE_INSTRUMENT;EFS;EUR;155;132.25000000;472;EXCHANGE_LAST;;1;1;XEUR;11286679;688;
31.01.2025;15:58:08.979;FGBL SI 20250306 PS;SIMPLE_INSTRUMENT;EFS;EUR;156;132.47000000;415;EXCHANGE_LAST;;1;1;XEUR;11286679;688;
31.01.2025;16:03:52.965;FGBL SI 20250306 PS;SIMPLE_INSTRUMENT;EFS;EUR;157;132.51000000;207;EXCHANGE_LAST;;1;1;XEUR;11286679;688;
31.01.2025;16:11:36.041;FGBL SI 20250306 PS;SIMPLE_INSTRUMENT;EFS;EUR;158;132.50000000;306;EXCHANGE_LAST;;1;1;XEUR;11286679;688;
31.01.2025;16:16:59.979;FGBL SI 20250306 PS;SIMPLE_INSTRUMENT;EFS;EUR;159;132.55000000;415;EXCHANGE_LAST;;1;1;XEUR;11286679;688;
31.01.2025;16:25:17.411;FGBL SI 20250306 PS;SIMPLE_INSTRUMENT;EFS;EUR;160;132.56000000;1382;EXCHANGE_LAST;;1;1;XEUR;11286679;688;
31.01.2025;16:25:30.601;FGBL SI 20250306 PS;SIMPLE_INSTRUMENT;EFS;EUR;161;132.50000000;415;EXCHANGE_LAST;;1;1;XEUR;11286679;688;
31.01.2025;16:25:35.607;FGBL SI 20250306 PS;SIMPLE_INSTRUMENT;EFS;EUR;162;132.50000000;208;EXCHANGE_LAST;;1;1;XEUR;11286679;688;
31.01.2025;16:26:00.628;FGBL SI 20250306 PS;SIMPLE_INSTRUMENT;EFS;EUR;163;132.50000000;208;EXCHANGE_LAST;;1;1;XEUR;11286679;688;
31.01.2025;16:28:50.748;FGBL SI 20250306 PS;SIMPLE_INSTRUMENT;EFS;EUR;164;132.52000000;208;EXCHANGE_LAST;;1;1;XEUR;11286679;688;
31.01.2025;16:31:52.438;FGBL SI 20250306 PS;SIMPLE_INSTRUMENT;EFS;EUR;165;132.56000000;415;EXCHANGE_LAST;;1;1;XEUR;11286679;688;
31.01.2025;16:32:19.508;FGBL SI 20250306 PS;SIMPLE_INSTRUMENT;EFS;EUR;166;132.50000000;471;EXCHANGE_LAST;;1;1;XEUR;11286679;688;
31.01.2025;16:45:27.412;FGBL SI 20250306 PS;SIMPLE_INSTRUMENT;EFS;EUR;167;132.50000000;415;EXCHANGE_LAST;;1;1;XEUR;11286679;688;
31.01.2025;16:46:28.565;FGBL SI 20250306 PS;SIMPLE_INSTRUMENT;EFP_FIN;EUR;168;132.49000000;362;EXCHANGE_LAST;;1;1;XEUR;11286679;688;
31.01.2025;16:50:12.590;FGBL SI 20250306 PS;SIMPLE_INSTRUMENT;EFS;EUR;170;132.50000000;415;EXCHANGE_LAST;;1;1;XEUR;11286679;688;
31.01.2025;16:53:32.729;FGBL SI 20250306 PS;SIMPLE_INSTRUMENT;EFS;EUR;171;132.47000000;208;EXCHANGE_LAST;;1;1;XEUR;11286679;688;
31.01.2025;16:54:00.145;FGBL SI 20250306 PS;SIMPLE_INSTRUMENT;EFS;EUR;172;132.52000000;235;EXCHANGE_LAST;;1;1;XEUR;11286679;688;
31.01.2025;16:57:38.723;FGBL SI 20250306 PS;SIMPLE_INSTRUMENT;EFS;EUR;173;132.46000000;237;EXCHANGE_LAST;;1;1;XEUR;11286679;688;
31.01.2025;16:58:24.446;FGBL SI 20250306 PS;SIMPLE_INSTRUMENT;EFS;EUR;174;132.49000000;713;EXCHANGE_LAST;;1;1;XEUR;11286679;688;
31.01.2025;17:09:27.803;FGBL SI 20250306 PS;SIMPLE_INSTRUMENT;EFS;EUR;175;132.47000000;415;EXCHANGE_LAST;;1;1;XEUR;11286679;688;
31.01.2025;17:12:36.858;FGBL SI 20250306 PS;SIMPLE_INSTRUMENT;EFS;EUR;176;132.47000000;208;EXCHANGE_LAST;;1;1;XEUR;11286679;688;
31.01.2025;17:26:54.797;FGBL SI 20250306 PS;SIMPLE_INSTRUMENT;EFS;EUR;178;132.52000000;235;EXCHANGE_LAST;;1;1;XEUR;11286679;688;
31.01.2025;08:33:23.071;FGBL SI 20250306 PS;SIMPLE_INSTRUMENT;VOLA;EUR;268435460;131.86000000;130;EXCHANGE_LAST;;1;1;XEUR;11286679;688;
31.01.2025;08:34:31.085;FGBL SI 20250306 PS;SIMPLE_INSTRUMENT;VOLA;EUR;268435461;131.86000000;170;EXCHANGE_LAST;;1;1;XEUR;11286679;688;
31.01.2025;09:35:10.795;FGBL SI 20250306 PS;SIMPLE_INSTRUMENT;VOLA;EUR;268435471;132.36000000;195;EXCHANGE_LAST;;1;1;XEUR;11286679;688;
31.01.2025;09:55:03.205;FGBL SI 20250306 PS;SIMPLE_INSTRUMENT;VOLA;EUR;268435487;132.41000000;110;EXCHANGE_LAST;;1;1;XEUR;11286679;688;
31.01.2025;10:41:31.058;FGBL SI 20250306 PS;SIMPLE_INSTRUMENT;VOLA;EUR;268435527;132.29000000;20;EXCHANGE_LAST;;1;1;XEUR;11286679;688;
31.01.2025;10:42:45.776;FGBL SI 20250306 PS;SIMPLE_INSTRUMENT;VOLA;EUR;268435528;132.29000000;20;EXCHANGE_LAST;;1;1;XEUR;11286679;688;
31.01.2025;11:13:04.208;FGBL SI 20250306 PS;SIMPLE_INSTRUMENT;VOLA;EUR;268435533;132.28000000;75;EXCHANGE_LAST;;1;1;XEUR;11286679;688;
31.01.2025;11:40:11.364;FGBL SI 20250306 PS;SIMPLE_INSTRUMENT;VOLA;EUR;268435536;132.32000000;350;EXCHANGE_LAST;;1;1;XEUR;11286679;688;
31.01.2025;13:51:37.633;FGBL SI 20250306 PS;SIMPLE_INSTRUMENT;VOLA;EUR;268435554;132.27000000;100;EXCHANGE_LAST;;1;1;XEUR;11286679;688;
31.01.2025;14:25:11.970;FGBL SI 20250306 PS;SIMPLE_INSTRUMENT;VOLA;EUR;268435567;132.42000000;120;EXCHANGE_LAST;;1;1;XEUR;11286679;688;
31.01.2025;14:25:58.972;FGBL SI 20250306 PS;SIMPLE_INSTRUMENT;VOLA;EUR;268435568;132.33000000;1155;EXCHANGE_LAST;;1;1;XEUR;11286679;688;
31.01.2025;14:28:14.796;FGBL SI 20250306 PS;SIMPLE_INSTRUMENT;VOLA;EUR;268435572;132.40000000;33;EXCHANGE_LAST;;1;1;XEUR;11286679;688;
31.01.2025;14:32:12.082;FGBL SI 20250306 PS;SIMPLE_INSTRUMENT;VOLA;EUR;268435576;132.40000000;63;EXCHANGE_LAST;;1;1;XEUR;11286679;688;
31.01.2025;14:56:12.078;FGBL SI 20250306 PS;SIMPLE_INSTRUMENT;VOLA;EUR;268435593;132.48000000;50;EXCHANGE_LAST;;1;1;XEUR;11286679;688;
31.01.2025;14:56:58.827;FGBL SI 20250306 PS;SIMPLE_INSTRUMENT;VOLA;EUR;268435596;132.48000000;50;EXCHANGE_LAST;;1;1;XEUR;11286679;688;
31.01.2025;16:42:25.879;FGBL SI 20250306 PS;SIMPLE_INSTRUMENT;VOLA;EUR;268435637;132.33000000;105;EXCHANGE_LAST;;1;1;XEUR;11286679;688;
31.01.2025;07:31:19.806;FGBM SI 20250306 PS;SIMPLE_INSTRUMENT;EFS;EUR;1;116.90000000;915;EXCHANGE_LAST;;1;1;XEUR;11286680;689;
31.01.2025;07:57:06.736;FGBM SI 20250306 PS;SIMPLE_INSTRUMENT;EFS;EUR;2;117.04000000;915;EXCHANGE_LAST;;1;1;XEUR;11286680;689;
31.01.2025;08:13:07.343;FGBM SI 20250306 PS;SIMPLE_INSTRUMENT;EFS;EUR;3;117.04000000;914;EXCHANGE_LAST;;1;1;XEUR;11286680;689;
31.01.2025;08:31:21.774;FGBM SI 20250306 PS;SIMPLE_INSTRUMENT;EFS;EUR;4;117.07000000;298;EXCHANGE_LAST;;1;1;XEUR;11286680;689;
31.01.2025;08:58:34.163;FGBM SI 20250306 PS;SIMPLE_INSTRUMENT;EFS;EUR;5;117.06000000;497;EXCHANGE_LAST;;1;1;XEUR;11286680;689;
31.01.2025;08:57:38.225;FGBM SI 20250306 PS;SIMPLE_INSTRUMENT;EFS;EUR;6;117.08000000;913;EXCHANGE_LAST;;1;1;XEUR;11286680;689;
31.01.2025;08:57:43.541;FGBM SI 20250306 PS;SIMPLE_INSTRUMENT;EFP_FIN;EUR;7;117.05000000;355;EXCHANGE_LAST;;1;1;XEUR;11286680;689;
31.01.2025;09:01:54.098;FGBM SI 20250306 PS;SIMPLE_INSTRUMENT;EFP_FIN;EUR;8;117.05000000;295;EXCHANGE_LAST;;1;1;XEUR;11286680;689;
31.01.2025;09:05:23.064;FGBM SI 20250306 PS;SIMPLE_INSTRUMENT;EFS;EUR;9;117.07000000;2204;EXCHANGE_LAST;;1;1;XEUR;11286680;689;
31.01.2025;09:06:34.496;FGBM SI 20250306 PS;SIMPLE_INSTRUMENT;EFS;EUR;10;117.08000000;457;EXCHANGE_LAST;;1;1;XEUR;11286680;689;
31.01.2025;09:08:12.116;FGBM SI 20250306 PS;SIMPLE_INSTRUMENT;EFS;EUR;11;117.08000000;274;EXCHANGE_LAST;;1;1;XEUR;11286680;689;
31.01.2025;09:09:02.026;FGBM SI 20250306 PS;SIMPLE_INSTRUMENT;EFS;EUR;12;117.08000000;457;EXCHANGE_LAST;;1;1;XEUR;11286680;689;
31.01.2025;09:17:35.971;FGBM SI 20250306 PS;SIMPLE_INSTRUMENT;EFS;EUR;13;117.33000000;456;EXCHANGE_LAST;;1;1;XEUR;11286680;689;
31.01.2025;09:20:34.536;FGBM SI 20250306 PS;SIMPLE_INSTRUMENT;EFS;EUR;14;117.29000000;912;EXCHANGE_LAST;;1;1;XEUR;11286680;689;
31.01.2025;09:21:15.435;FGBM SI 20250306 PS;SIMPLE_INSTRUMENT;EFS;EUR;15;117.29000000;912;EXCHANGE_LAST;;1;1;XEUR;11286680;689;
31.01.2025;09:23:04.818;FGBM SI 20250306 PS;SIMPLE_INSTRUMENT;EFS;EUR;16;117.29000000;456;EXCHANGE_LAST;;1;1;XEUR;11286680;689;
31.01.2025;09:23:52.804;FGBM SI 20250306 PS;SIMPLE_INSTRUMENT;EFS;EUR;17;117.29000000;456;EXCHANGE_LAST;;1;1;XEUR;11286680;689;
31.01.2025;09:25:30.988;FGBM SI 20250306 PS;SIMPLE_INSTRUMENT;EFS;EUR;18;117.31000000;912;EXCHANGE_LAST;;1;1;XEUR;11286680;689;
31.01.2025;09:25:38.817;FGBM SI 20250306 PS;SIMPLE_INSTRUMENT;EFS;EUR;19;117.31000000;477;EXCHANGE_LAST;;1;1;XEUR;11286680;689;
31.01.2025;09:32:25.634;FGBM SI 20250306 PS;SIMPLE_INSTRUMENT;EFS;EUR;20;117.33000000;457;EXCHANGE_LAST;;1;1;XEUR;11286680;689;
31.01.2025;09:32:30.643;FGBM SI 20250306 PS;SIMPLE_INSTRUMENT;EFS;EUR;21;117.33000000;457;EXCHANGE_LAST;;1;1;XEUR;11286680;689;
31.01.2025;09:33:24.021;FGBM SI 20250306 PS;SIMPLE_INSTRUMENT;EFS;EUR;22;117.29000000;495;EXCHANGE_LAST;;1;1;XEUR;11286680;689;
31.01.2025;09:34:22.738;FGBM SI 20250306 PS;SIMPLE_INSTRUMENT;EFS;EUR;23;117.35000000;912;EXCHANGE_LAST;;1;1;XEUR;11286680;689;
31.01.2025;09:36:48.223;FGBM SI 20250306 PS;SIMPLE_INSTRUMENT;EFS;EUR;24;117.34000000;990;EXCHANGE_LAST;;1;1;XEUR;11286680;689;
31.01.2025;09:43:07.186;FGBM SI 20250306 PS;SIMPLE_INSTRUMENT;EFS;EUR;25;117.36000000;456;EXCHANGE_LAST;;1;1;XEUR;11286680;689;
31.01.2025;09:44:21.831;FGBM SI 20250306 PS;SIMPLE_INSTRUMENT;EFS;EUR;26;117.37000000;1368;EXCHANGE_LAST;;1;1;XEUR;11286680;689;
31.01.2025;09:47:52.942;FGBM SI 20250306 PS;SIMPLE_INSTRUMENT;EFS;EUR;27;117.35000000;1979;EXCHANGE_LAST;;1;1;XEUR;11286680;689;
31.01.2025;09:52:58.084;FGBM SI 20250306 PS;SIMPLE_INSTRUMENT;EFS;EUR;28;117.36000000;862;EXCHANGE_LAST;;1;1;XEUR;11286680;689;
31.01.2025;09:59:53.972;FGBM SI 20250306 PS;SIMPLE_INSTRUMENT;EFP_FIN;EUR;29;117.37000000;194;EXCHANGE_LAST;;1;1;XEUR;11286680;689;
31.01.2025;10:03:49.383;FGBM SI 20250306 PS;SIMPLE_INSTRUMENT;EFP_FIN;EUR;30;117.32000000;863;EXCHANGE_LAST;;1;1;XEUR;11286680;689;
31.01.2025;10:03:23.821;FGBM SI 20250306 PS;SIMPLE_INSTRUMENT;EFS;EUR;31;117.36000000;3241;EXCHANGE_LAST;;1;1;XEUR;11286680;689;
31.01.2025;10:06:04.822;FGBM SI 20250306 PS;SIMPLE_INSTRUMENT;EFP_FIN;EUR;32;117.32000000;863;EXCHANGE_LAST;;1;1;XEUR;11286680;689;
31.01.2025;10:08:16.517;FGBM SI 20250306 PS;SIMPLE_INSTRUMENT;EFS;EUR;33;117.35000000;1430;EXCHANGE_LAST;;1;1;XEUR;11286680;689;
31.01.2025;10:12:25.010;FGBM SI 20250306 PS;SIMPLE_INSTRUMENT;EFP_FIN;EUR;34;117.35000000;1359;EXCHANGE_LAST;;1;1;XEUR;11286680;689;
31.01.2025;10:08:53.545;FGBM SI 20250306 PS;SIMPLE_INSTRUMENT;EFS;EUR;35;117.38000000;989;EXCHANGE_LAST;;1;1;XEUR;11286680;689;
31.01.2025;10:11:48.889;FGBM SI 20250306 PS;SIMPLE_INSTRUMENT;EFP_FIN;EUR;36;117.32000000;431;EXCHANGE_LAST;;1;1;XEUR;11286680;689;
31.01.2025;10:18:33.588;FGBM SI 20250306 PS;SIMPLE_INSTRUMENT;EFS;EUR;37;117.31000000;1684;EXCHANGE_LAST;;1;1;XEUR;11286680;689;
31.01.2025;10:18:44.020;FGBM SI 20250306 PS;SIMPLE_INSTRUMENT;EFS;EUR;38;117.35000000;1824;EXCHANGE_LAST;;1;1;XEUR;11286680;689;
31.01.2025;10:20:14.087;FGBM SI 20250306 PS;SIMPLE_INSTRUMENT;EFS;EUR;39;117.33000000;1485;EXCHANGE_LAST;;1;1;XEUR;11286680;689;
31.01.2025;10:24:26.484;FGBM SI 20250306 PS;SIMPLE_INSTRUMENT;EFS;EUR;40;117.31000000;862;EXCHANGE_LAST;;1;1;XEUR;11286680;689;
31.01.2025;10:29:01.099;FGBM SI 20250306 PS;SIMPLE_INSTRUMENT;EFS;EUR;41;117.29000000;912;EXCHANGE_LAST;;1;1;XEUR;11286680;689;
31.01.2025;10:30:51.708;FGBM SI 20250306 PS;SIMPLE_INSTRUMENT;EFS;EUR;42;117.33000000;2888;EXCHANGE_LAST;;1;1;XEUR;11286680;689;
31.01.2025;10:34:25.066;FGBM SI 20250306 PS;SIMPLE_INSTRUMENT;EFS;EUR;43;117.30000000;457;EXCHANGE_LAST;;1;1;XEUR;11286680;689;
31.01.2025;10:47:43.119;FGBM SI 20250306 PS;SIMPLE_INSTRUMENT;EFS;EUR;44;117.30000000;990;EXCHANGE_LAST;;1;1;XEUR;11286680;689;
31.01.2025;10:58:03.198;FGBM SI 20250306 PS;SIMPLE_INSTRUMENT;EFP_FIN;EUR;45;117.29000000;264;EXCHANGE_LAST;;1;1;XEUR;11286680;689;
31.01.2025;10:56:59.810;FGBM SI 20250306 PS;SIMPLE_INSTRUMENT;EFP_FIN;EUR;46;117.28000000;521;EXCHANGE_LAST;;1;1;XEUR;11286680;689;
31.01.2025;10:58:25.451;FGBM SI 20250306 PS;SIMPLE_INSTRUMENT;EFP_FIN;EUR;47;117.29000000;431;EXCHANGE_LAST;;1;1;XEUR;11286680;689;
31.01.2025;11:06:45.534;FGBM SI 20250306 PS;SIMPLE_INSTRUMENT;EFS;EUR;48;117.32000000;990;EXCHANGE_LAST;;1;1;XEUR;11286680;689;
31.01.2025;11:14:08.298;FGBM SI 20250306 PS;SIMPLE_INSTRUMENT;EFP_FIN;EUR;49;116.91000000;976;EXCHANGE_LAST;;1;1;XEUR;11286680;689;
31.01.2025;11:40:18.467;FGBM SI 20250306 PS;SIMPLE_INSTRUMENT;EFP_FIN;EUR;50;117.28000000;4077;EXCHANGE_LAST;;1;1;XEUR;11286680;689;
31.01.2025;11:27:16.285;FGBM SI 20250306 PS;SIMPLE_INSTRUMENT;EFS;EUR;51;117.31000000;495;EXCHANGE_LAST;;1;1;XEUR;11286680;689;
31.01.2025;11:45:07.950;FGBM SI 20250306 PS;SIMPLE_INSTRUMENT;EFS;EUR;52;117.32000000;913;EXCHANGE_LAST;;1;1;XEUR;11286680;689;
31.01.2025;11:47:33.053;FGBM SI 20250306 PS;SIMPLE_INSTRUMENT;EFS;EUR;53;117.34000000;913;EXCHANGE_LAST;;1;1;XEUR;11286680;689;
31.01.2025;11:58:21.128;FGBM SI 20250306 PS;SIMPLE_INSTRUMENT;EFP_FIN;EUR;54;117.31000000;386;EXCHANGE_LAST;;1;1;XEUR;11286680;689;
31.01.2025;12:03:00.938;FGBM SI 20250306 PS;SIMPLE_INSTRUMENT;EFP_FIN;EUR;55;117.31000000;124;EXCHANGE_LAST;;1;1;XEUR;11286680;689;
31.01.2025;12:01:50.921;FGBM SI 20250306 PS;SIMPLE_INSTRUMENT;EFP_FIN;EUR;56;117.32000000;453;EXCHANGE_LAST;;1;1;XEUR;11286680;689;
31.01.2025;12:27:36.652;FGBM SI 20250306 PS;SIMPLE_INSTRUMENT;EFS;EUR;57;117.30000000;1370;EXCHANGE_LAST;;1;1;XEUR;11286680;689;
31.01.2025;12:27:42.658;FGBM SI 20250306 PS;SIMPLE_INSTRUMENT;EFS;EUR;58;117.30000000;457;EXCHANGE_LAST;;1;1;XEUR;11286680;689;
31.01.2025;12:31:47.829;FGBM SI 20250306 PS;SIMPLE_INSTRUMENT;EFS;EUR;59;117.30000000;639;EXCHANGE_LAST;;1;1;XEUR;11286680;689;
31.01.2025;12:32:47.866;FGBM SI 20250306 PS;SIMPLE_INSTRUMENT;EFS;EUR;60;117.29000000;913;EXCHANGE_LAST;;1;1;XEUR;11286680;689;
31.01.2025;12:34:02.971;FGBM SI 20250306 PS;SIMPLE_INSTRUMENT;EFS;EUR;61;117.30000000;951;EXCHANGE_LAST;;1;1;XEUR;11286680;689;
31.01.2025;12:36:08.010;FGBM SI 20250306 PS;SIMPLE_INSTRUMENT;EFS;EUR;62;117.29000000;863;EXCHANGE_LAST;;1;1;XEUR;11286680;689;
31.01.2025;12:47:59.469;FGBM SI 20250306 PS;SIMPLE_INSTRUMENT;EFS;EUR;63;117.29000000;913;EXCHANGE_LAST;;1;1;XEUR;11286680;689;
31.01.2025;12:48:23.651;FGBM SI 20250306 PS;SIMPLE_INSTRUMENT;EFS;EUR;64;117.30000000;862;EXCHANGE_LAST;;1;1;XEUR;11286680;689;
31.01.2025;12:52:19.648;FGBM SI 20250306 PS;SIMPLE_INSTRUMENT;EFS;EUR;65;117.32000000;457;EXCHANGE_LAST;;1;1;XEUR;11286680;689;
31.01.2025;13:09:52.000;FGBM SI 20250306 PS;SIMPLE_INSTRUMENT;EFS;EUR;66;117.26000000;912;EXCHANGE_LAST;;1;1;XEUR;11286680;689;
31.01.2025;13:11:21.393;FGBM SI 20250306 PS;SIMPLE_INSTRUMENT;EFS;EUR;67;117.25000000;914;EXCHANGE_LAST;;1;1;XEUR;11286680;689;
31.01.2025;13:13:14.825;FGBM SI 20250306 PS;SIMPLE_INSTRUMENT;EFP_FIN;EUR;68;117.34000000;181;EXCHANGE_LAST;;1;1;XEUR;11286680;689;
31.01.2025;13:17:34.403;FGBM SI 20250306 PS;SIMPLE_INSTRUMENT;EFS;EUR;69;117.25000000;458;EXCHANGE_LAST;;1;1;XEUR;11286680;689;
31.01.2025;13:22:41.857;FGBM SI 20250306 PS;SIMPLE_INSTRUMENT;EFS;EUR;70;117.25000000;1294;EXCHANGE_LAST;;1;1;XEUR;11286680;689;
31.01.2025;13:22:46.870;FGBM SI 20250306 PS;SIMPLE_INSTRUMENT;EFS;EUR;71;117.25000000;739;EXCHANGE_LAST;;1;1;XEUR;11286680;689;
31.01.2025;13:22:46.915;FGBM SI 20250306 PS;SIMPLE_INSTRUMENT;EFS;EUR;72;117.25000000;739;EXCHANGE_LAST;;1;1;XEUR;11286680;689;
31.01.2025;13:27:13.376;FGBM SI 20250306 PS;SIMPLE_INSTRUMENT;EFS;EUR;73;117.25000000;912;EXCHANGE_LAST;;1;1;XEUR;11286680;689;
31.01.2025;13:35:37.182;FGBM SI 20250306 PS;SIMPLE_INSTRUMENT;EFS;EUR;74;117.26000000;1486;EXCHANGE_LAST;;1;1;XEUR;11286680;689;
31.01.2025;13:48:49.715;FGBM SI 20250306 PS;SIMPLE_INSTRUMENT;EFS;EUR;75;117.25000000;793;EXCHANGE_LAST;;1;1;XEUR;11286680;689;
31.01.2025;14:03:31.498;FGBM SI 20250306 PS;SIMPLE_INSTRUMENT;EFS;EUR;76;117.32000000;913;EXCHANGE_LAST;;1;1;XEUR;11286680;689;
31.01.2025;14:07:04.767;FGBM SI 20250306 PS;SIMPLE_INSTRUMENT;EFS;EUR;77;117.32000000;967;EXCHANGE_LAST;;1;1;XEUR;11286680;689;
31.01.2025;14:09:14.688;FGBM SI 20250306 PS;SIMPLE_INSTRUMENT;EFS;EUR;78;117.30000000;1824;EXCHANGE_LAST;;1;1;XEUR;11286680;689;
31.01.2025;14:10:18.224;FGBM SI 20250306 PS;SIMPLE_INSTRUMENT;EFS;EUR;79;117.32000000;862;EXCHANGE_LAST;;1;1;XEUR;11286680;689;
31.01.2025;14:10:46.664;FGBM SI 20250306 PS;SIMPLE_INSTRUMENT;EFP_FIN;EUR;80;117.31000000;431;EXCHANGE_LAST;;1;1;XEUR;11286680;689;
31.01.2025;14:13:55.103;FGBM SI 20250306 PS;SIMPLE_INSTRUMENT;EFS;EUR;81;117.32000000;2736;EXCHANGE_LAST;;1;1;XEUR;11286680;689;
31.01.2025;14:15:19.239;FGBM SI 20250306 PS;SIMPLE_INSTRUMENT;EFS;EUR;82;117.32000000;1824;EXCHANGE_LAST;;1;1;XEUR;11286680;689;
31.01.2025;14:18:04.988;FGBM SI 20250306 PS;SIMPLE_INSTRUMENT;EFP_FIN;EUR;83;117.31000000;592;EXCHANGE_LAST;;1;1;XEUR;11286680;689;
31.01.2025;14:19:51.128;FGBM SI 20250306 PS;SIMPLE_INSTRUMENT;EFS;EUR;84;117.32000000;912;EXCHANGE_LAST;;1;1;XEUR;11286680;689;
31.01.2025;15:01:52.511;FGBM SI 20250306 PS;SIMPLE_INSTRUMENT;EFS;EUR;85;117.40000000;912;EXCHANGE_LAST;;1;1;XEUR;11286680;689;
31.01.2025;15:04:09.464;FGBM SI 20250306 PS;SIMPLE_INSTRUMENT;EFS;EUR;86;117.42000000;911;EXCHANGE_LAST;;1;1;XEUR;11286680;689;
31.01.2025;15:05:28.819;FGBM SI 20250306 PS;SIMPLE_INSTRUMENT;EFS;EUR;87;117.42000000;911;EXCHANGE_LAST;;1;1;XEUR;11286680;689;
31.01.2025;15:10:43.997;FGBM SI 20250306 PS;SIMPLE_INSTRUMENT;EFP_FIN;EUR;88;117.35000000;680;EXCHANGE_LAST;;1;1;XEUR;11286680;689;
31.01.2025;15:12:52.210;FGBM SI 20250306 PS;SIMPLE_INSTRUMENT;EFP_FIN;EUR;89;117.35000000;952;EXCHANGE_LAST;;1;1;XEUR;11286680;689;
31.01.2025;15:14:38.129;FGBM SI 20250306 PS;SIMPLE_INSTRUMENT;EFS;EUR;90;117.40000000;604;EXCHANGE_LAST;;1;1;XEUR;11286680;689;
31.01.2025;15:32:08.240;FGBM SI 20250306 PS;SIMPLE_INSTRUMENT;EFP_FIN;EUR;91;117.39000000;230;EXCHANGE_LAST;;1;1;XEUR;11286680;689;
31.01.2025;15:36:56.479;FGBM SI 20250306 PS;SIMPLE_INSTRUMENT;EFS;EUR;92;117.38000000;684;EXCHANGE_LAST;;1;1;XEUR;11286680;689;
31.01.2025;15:38:52.836;FGBM SI 20250306 PS;SIMPLE_INSTRUMENT;EFS;EUR;93;117.39000000;684;EXCHANGE_LAST;;1;1;XEUR;11286680;689;
31.01.2025;15:44:01.001;FGBM SI 20250306 PS;SIMPLE_INSTRUMENT;EFP_FIN;EUR;94;117.39000000;230;EXCHANGE_LAST;;1;1;XEUR;11286680;689;
31.01.2025;15:44:30.804;FGBM SI 20250306 PS;SIMPLE_INSTRUMENT;EFP_FIN;EUR;95;117.39000000;690;EXCHANGE_LAST;;1;1;XEUR;11286680;689;
31.01.2025;15:46:54.605;FGBM SI 20250306 PS;SIMPLE_INSTRUMENT;EFS;EUR;96;117.39000000;431;EXCHANGE_LAST;;1;1;XEUR;11286680;689;
31.01.2025;15:52:54.535;FGBM SI 20250306 PS;SIMPLE_INSTRUMENT;EFP_FIN;EUR;97;117.42000000;227;EXCHANGE_LAST;;1;1;XEUR;11286680;689;
31.01.2025;15:54:32.204;FGBM SI 20250306 PS;SIMPLE_INSTRUMENT;EFS;EUR;98;117.38000000;1369;EXCHANGE_LAST;;1;1;XEUR;11286680;689;
31.01.2025;16:13:10.267;FGBM SI 20250306 PS;SIMPLE_INSTRUMENT;EFP_FIN;EUR;99;117.40000000;158;EXCHANGE_LAST;;1;1;XEUR;11286680;689;
31.01.2025;16:24:05.124;FGBM SI 20250306 PS;SIMPLE_INSTRUMENT;EFS;EUR;100;117.43000000;861;EXCHANGE_LAST;;1;1;XEUR;11286680;689;
31.01.2025;16:26:42.089;FGBM SI 20250306 PS;SIMPLE_INSTRUMENT;EFS;EUR;101;117.43000000;3200;EXCHANGE_LAST;;1;1;XEUR;11286680;689;
31.01.2025;16:30:03.597;FGBM SI 20250306 PS;SIMPLE_INSTRUMENT;EFS;EUR;103;117.43000000;989;EXCHANGE_LAST;;1;1;XEUR;11286680;689;
31.01.2025;16:35:58.229;FGBM SI 20250306 PS;SIMPLE_INSTRUMENT;EFP_FIN;EUR;104;117.41000000;1402;EXCHANGE_LAST;;1;1;XEUR;11286680;689;
31.01.2025;16:44:10.095;FGBM SI 20250306 PS;SIMPLE_INSTRUMENT;EFS;EUR;105;117.38000000;989;EXCHANGE_LAST;;1;1;XEUR;11286680;689;
31.01.2025;16:55:12.067;FGBM SI 20250306 PS;SIMPLE_INSTRUMENT;EFS;EUR;106;117.42000000;1978;EXCHANGE_LAST;;1;1;XEUR;11286680;689;
31.01.2025;16:57:52.304;FGBM SI 20250306 PS;SIMPLE_INSTRUMENT;EFS;EUR;107;117.42000000;992;EXCHANGE_LAST;;1;1;XEUR;11286680;689;
31.01.2025;17:30:31.161;FGBM SI 20250306 PS;SIMPLE_INSTRUMENT;EFS;EUR;108;117.42000000;375;EXCHANGE_LAST;;1;1;XEUR;11286680;689;
31.01.2025;08:10:03.704;FGBS SI 20250306 PS;SIMPLE_INSTRUMENT;EFS;EUR;1;106.68000000;2745;EXCHANGE_LAST;;1;1;XEUR;11286681;690;
31.01.2025;08:12:28.963;FGBS SI 20250306 PS;SIMPLE_INSTRUMENT;EFS;EUR;2;106.68000000;2745;EXCHANGE_LAST;;1;1;XEUR;11286681;690;
31.01.2025;08:54:04.506;FGBS SI 20250306 PS;SIMPLE_INSTRUMENT;EFS;EUR;3;106.69000000;1926;EXCHANGE_LAST;;1;1;XEUR;11286681;690;
31.01.2025;08:59:17.133;FGBS SI 20250306 PS;SIMPLE_INSTRUMENT;EFP_FIN;EUR;4;106.68000000;415;EXCHANGE_LAST;;1;1;XEUR;11286681;690;
31.01.2025;09:03:27.434;FGBS SI 20250306 PS;SIMPLE_INSTRUMENT;EFP_FIN;EUR;5;106.68500000;166;EXCHANGE_LAST;;1;1;XEUR;11286681;690;
31.01.2025;09:04:52.069;FGBS SI 20250306 PS;SIMPLE_INSTRUMENT;EFP_FIN;EUR;6;106.68000000;746;EXCHANGE_LAST;;1;1;XEUR;11286681;690;
31.01.2025;09:15:38.665;FGBS SI 20250306 PS;SIMPLE_INSTRUMENT;EFS;EUR;7;106.62000000;2747;EXCHANGE_LAST;;1;1;XEUR;11286681;690;
31.01.2025;09:26:35.361;FGBS SI 20250306 PS;SIMPLE_INSTRUMENT;EFP_FIN;EUR;8;106.80000000;936;EXCHANGE_LAST;;1;1;XEUR;11286681;690;
31.01.2025;09:30:15.404;FGBS SI 20250306 PS;SIMPLE_INSTRUMENT;EFS;EUR;9;106.78000000;5481;EXCHANGE_LAST;;1;1;XEUR;11286681;690;
31.01.2025;09:40:32.484;FGBS SI 20250306 PS;SIMPLE_INSTRUMENT;EFS;EUR;10;106.78000000;2741;EXCHANGE_LAST;;1;1;XEUR;11286681;690;
31.01.2025;10:07:43.953;FGBS SI 20250306 PS;SIMPLE_INSTRUMENT;EFS;EUR;11;106.80000000;2740;EXCHANGE_LAST;;1;1;XEUR;11286681;690;
31.01.2025;10:27:44.702;FGBS SI 20250306 PS;SIMPLE_INSTRUMENT;EFS;EUR;12;106.78500000;2640;EXCHANGE_LAST;;1;1;XEUR;11286681;690;
31.01.2025;10:43:52.459;FGBS SI 20250306 PS;SIMPLE_INSTRUMENT;EFP_FIN;EUR;13;106.77000000;467;EXCHANGE_LAST;;1;1;XEUR;11286681;690;
31.01.2025;10:47:55.120;FGBS SI 20250306 PS;SIMPLE_INSTRUMENT;EFS;EUR;14;106.77000000;2741;EXCHANGE_LAST;;1;1;XEUR;11286681;690;
31.01.2025;10:54:48.742;FGBS SI 20250306 PS;SIMPLE_INSTRUMENT;EFS;EUR;15;106.77000000;600;EXCHANGE_LAST;;1;1;XEUR;11286681;690;
31.01.2025;11:04:57.445;FGBS SI 20250306 PS;SIMPLE_INSTRUMENT;EFS;EUR;16;106.78500000;2740;EXCHANGE_LAST;;1;1;XEUR;11286681;690;
31.01.2025;11:08:34.201;FGBS SI 20250306 PS;SIMPLE_INSTRUMENT;EFP_FIN;EUR;17;106.77000000;1998;EXCHANGE_LAST;;1;1;XEUR;11286681;690;
31.01.2025;11:09:47.191;FGBS SI 20250306 PS;SIMPLE_INSTRUMENT;EFP_FIN;EUR;18;106.77000000;749;EXCHANGE_LAST;;1;1;XEUR;11286681;690;
31.01.2025;11:14:31.167;FGBS SI 20250306 PS;SIMPLE_INSTRUMENT;EFP_FIN;EUR;19;106.77000000;828;EXCHANGE_LAST;;1;1;XEUR;11286681;690;
31.01.2025;11:22:35.733;FGBS SI 20250306 PS;SIMPLE_INSTRUMENT;EFS;EUR;20;106.77500000;845;EXCHANGE_LAST;;1;1;XEUR;11286681;690;
31.01.2025;11:28:45.291;FGBS SI 20250306 PS;SIMPLE_INSTRUMENT;EFS;EUR;21;106.78000000;1370;EXCHANGE_LAST;;1;1;XEUR;11286681;690;
31.01.2025;11:46:19.790;FGBS SI 20250306 PS;SIMPLE_INSTRUMENT;EFP_FIN;EUR;22;106.77000000;982;EXCHANGE_LAST;;1;1;XEUR;11286681;690;
31.01.2025;12:12:41.865;FGBS SI 20250306 PS;SIMPLE_INSTRUMENT;EFS;EUR;24;106.78000000;2740;EXCHANGE_LAST;;1;1;XEUR;11286681;690;
31.01.2025;12:12:26.864;FGBS SI 20250306 PS;SIMPLE_INSTRUMENT;EFS;EUR;25;106.79000000;10960;EXCHANGE_LAST;;1;1;XEUR;11286681;690;
31.01.2025;12:43:42.682;FGBS SI 20250306 PS;SIMPLE_INSTRUMENT;EFP_FIN;EUR;26;106.77500000;1305;EXCHANGE_LAST;;1;1;XEUR;11286681;690;
31.01.2025;13:05:44.082;FGBS SI 20250306 PS;SIMPLE_INSTRUMENT;EFS;EUR;27;106.77500000;4111;EXCHANGE_LAST;;1;1;XEUR;11286681;690;
31.01.2025;13:11:22.849;FGBS SI 20250306 PS;SIMPLE_INSTRUMENT;EFS;EUR;29;106.76500000;1320;EXCHANGE_LAST;;1;1;XEUR;11286681;690;
31.01.2025;13:16:41.105;FGBS SI 20250306 PS;SIMPLE_INSTRUMENT;EFS;EUR;30;106.77000000;2904;EXCHANGE_LAST;;1;1;XEUR;11286681;690;
31.01.2025;13:27:30.149;FGBS SI 20250306 PS;SIMPLE_INSTRUMENT;EFS;EUR;31;106.76000000;4327;EXCHANGE_LAST;;1;1;XEUR;11286681;690;
31.01.2025;13:48:56.716;FGBS SI 20250306 PS;SIMPLE_INSTRUMENT;EFS;EUR;32;106.75000000;2193;EXCHANGE_LAST;;1;1;XEUR;11286681;690;
31.01.2025;13:58:48.172;FGBS SI 20250306 PS;SIMPLE_INSTRUMENT;EFS;EUR;33;106.76500000;2000;EXCHANGE_LAST;;1;1;XEUR;11286681;690;
31.01.2025;14:27:18.156;FGBS SI 20250306 PS;SIMPLE_INSTRUMENT;EFP_FIN;EUR;34;106.78000000;330;EXCHANGE_LAST;;1;1;XEUR;11286681;690;
31.01.2025;14:39:12.200;FGBS SI 20250306 PS;SIMPLE_INSTRUMENT;EFS;EUR;35;106.78000000;2107;EXCHANGE_LAST;;1;1;XEUR;11286681;690;
31.01.2025;14:42:59.347;FGBS SI 20250306 PS;SIMPLE_INSTRUMENT;EFP_FIN;EUR;36;106.78500000;701;EXCHANGE_LAST;;1;1;XEUR;11286681;690;
31.01.2025;14:49:13.162;FGBS SI 20250306 PS;SIMPLE_INSTRUMENT;EFP_FIN;EUR;37;106.79000000;366;EXCHANGE_LAST;;1;1;XEUR;11286681;690;
31.01.2025;15:15:56.437;FGBS SI 20250306 PS;SIMPLE_INSTRUMENT;EFS;EUR;38;106.80500000;2643;EXCHANGE_LAST;;1;1;XEUR;11286681;690;
31.01.2025;15:35:46.174;FGBS SI 20250306 PS;SIMPLE_INSTRUMENT;EFP_FIN;EUR;40;106.80000000;1169;EXCHANGE_LAST;;1;1;XEUR;11286681;690;
31.01.2025;16:08:50.144;FGBS SI 20250306 PS;SIMPLE_INSTRUMENT;EFS;EUR;41;106.81500000;2739;EXCHANGE_LAST;;1;1;XEUR;11286681;690;
31.01.2025;16:25:15.355;FGBS SI 20250306 PS;SIMPLE_INSTRUMENT;EFS;EUR;42;106.78000000;6000;EXCHANGE_LAST;;1;1;XEUR;11286681;690;
31.01.2025;16:44:25.645;FGBS SI 20250306 PS;SIMPLE_INSTRUMENT;EFS;EUR;43;106.80500000;2739;EXCHANGE_LAST;;1;1;XEUR;11286681;690;
31.01.2025;16:43:21.355;FGBS SI 20250306 PS;SIMPLE_INSTRUMENT;EFS;EUR;44;106.59000000;920;EXCHANGE_LAST;;1;1;XEUR;11286681;690;
31.01.2025;16:49:54.297;FGBS SI 20250306 PS;SIMPLE_INSTRUMENT;EFS;EUR;45;106.81500000;548;EXCHANGE_LAST;;1;1;XEUR;11286681;690;
31.01.2025;17:00:06.516;FGBS SI 20250306 PS;SIMPLE_INSTRUMENT;EFP_FIN;EUR;46;106.81000000;95;EXCHANGE_LAST;;1;1;XEUR;11286681;690;
31.01.2025;17:00:45.199;FGBS SI 20250306 PS;SIMPLE_INSTRUMENT;EFS;EUR;47;106.81000000;4109;EXCHANGE_LAST;;1;1;XEUR;11286681;690;
31.01.2025;14:29:07.135;FGBS SI 20250606 PS;SIMPLE_INSTRUMENT;VOLA;EUR;268435573;106.86000000;130;EXCHANGE_LAST;;1;1;XEUR;11820391;690;
31.01.2025;08:30:07.899;FGBX SI 20250306 PS;SIMPLE_INSTRUMENT;EFS;EUR;1;127.70000000;111;EXCHANGE_LAST;;1;1;XEUR;11286682;691;
31.01.2025;08:31:56.760;FGBX SI 20250306 PS;SIMPLE_INSTRUMENT;EFS;EUR;2;127.68000000;92;EXCHANGE_LAST;;1;1;XEUR;11286682;691;
31.01.2025;08:51:35.003;FGBX SI 20250306 PS;SIMPLE_INSTRUMENT;EFS;EUR;4;127.70000000;92;EXCHANGE_LAST;;1;1;XEUR;11286682;691;
31.01.2025;08:56:58.291;FGBX SI 20250306 PS;SIMPLE_INSTRUMENT;EFS;EUR;5;127.54000000;96;EXCHANGE_LAST;;1;1;XEUR;11286682;691;
31.01.2025;09:23:50.868;FGBX SI 20250306 PS;SIMPLE_INSTRUMENT;EFS;EUR;6;128.56000000;80;EXCHANGE_LAST;;1;1;XEUR;11286682;691;
31.01.2025;09:37:02.572;FGBX SI 20250306 PS;SIMPLE_INSTRUMENT;EFS;EUR;7;128.54000000;96;EXCHANGE_LAST;;1;1;XEUR;11286682;691;
31.01.2025;10:14:41.481;FGBX SI 20250306 PS;SIMPLE_INSTRUMENT;EFS;EUR;9;128.62000000;95;EXCHANGE_LAST;;1;1;XEUR;11286682;691;
31.01.2025;10:18:03.157;FGBX SI 20250306 PS;SIMPLE_INSTRUMENT;EFS;EUR;10;128.22000000;367;EXCHANGE_LAST;;1;1;XEUR;11286682;691;
31.01.2025;10:28:04.781;FGBX SI 20250306 PS;SIMPLE_INSTRUMENT;EFS;EUR;11;128.24000000;96;EXCHANGE_LAST;;1;1;XEUR;11286682;691;
31.01.2025;10:34:05.075;FGBX SI 20250306 PS;SIMPLE_INSTRUMENT;EFS;EUR;12;128.18000000;382;EXCHANGE_LAST;;1;1;XEUR;11286682;691;
31.01.2025;10:39:14.539;FGBX SI 20250306 PS;SIMPLE_INSTRUMENT;EFP_FIN;EUR;13;128.22000000;96;EXCHANGE_LAST;;1;1;XEUR;11286682;691;
31.01.2025;11:36:30.843;FGBX SI 20250306 PS;SIMPLE_INSTRUMENT;EFS;EUR;15;128.14000000;192;EXCHANGE_LAST;;1;1;XEUR;11286682;691;
31.01.2025;11:45:59.290;FGBX SI 20250306 PS;SIMPLE_INSTRUMENT;EFP_FIN;EUR;16;128.24000000;110;EXCHANGE_LAST;;1;1;XEUR;11286682;691;
31.01.2025;12:11:08.856;FGBX SI 20250306 PS;SIMPLE_INSTRUMENT;EFP_FIN;EUR;17;128.26000000;60;EXCHANGE_LAST;;1;1;XEUR;11286682;691;
31.01.2025;12:21:52.249;FGBX SI 20250306 PS;SIMPLE_INSTRUMENT;EFP_FIN;EUR;20;128.18000000;184;EXCHANGE_LAST;;1;1;XEUR;11286682;691;
31.01.2025;13:55:03.666;FGBX SI 20250306 PS;SIMPLE_INSTRUMENT;EFS;EUR;24;128.18000000;191;EXCHANGE_LAST;;1;1;XEUR;11286682;691;
31.01.2025;13:57:15.859;FGBX SI 20250306 PS;SIMPLE_INSTRUMENT;EFS;EUR;25;128.22000000;191;EXCHANGE_LAST;;1;1;XEUR;11286682;691;
31.01.2025;14:02:00.804;FGBX SI 20250306 PS;SIMPLE_INSTRUMENT;EFS;EUR;26;128.24000000;191;EXCHANGE_LAST;;1;1;XEUR;11286682;691;
31.01.2025;15:00:29.434;FGBX SI 20250306 PS;SIMPLE_INSTRUMENT;EFS;EUR;27;128.80000000;84;EXCHANGE_LAST;;1;1;XEUR;11286682;691;
31.01.2025;15:01:13.411;FGBX SI 20250306 PS;SIMPLE_INSTRUMENT;EFP_FIN;EUR;28;128.76000000;286;EXCHANGE_LAST;;1;1;XEUR;11286682;691;
31.01.2025;15:03:26.312;FGBX SI 20250306 PS;SIMPLE_INSTRUMENT;EFS;EUR;29;128.90000000;44;EXCHANGE_LAST;;1;1;XEUR;11286682;691;
31.01.2025;15:55:39.487;FGBX SI 20250306 PS;SIMPLE_INSTRUMENT;EFS;EUR;31;128.80000000;96;EXCHANGE_LAST;;1;1;XEUR;11286682;691;
31.01.2025;15:55:53.894;FGBX SI 20250306 PS;SIMPLE_INSTRUMENT;EFS;EUR;32;128.20000000;191;EXCHANGE_LAST;;1;1;XEUR;11286682;691;
31.01.2025;16:05:33.617;FGBX SI 20250306 PS;SIMPLE_INSTRUMENT;BLOCK;EUR;34;128.66000000;104;EXCHANGE_LAST;;1;1;XEUR;11286682;691;
31.01.2025;16:33:50.684;FGBX SI 20250306 PS;SIMPLE_INSTRUMENT;EFS;EUR;36;128.80000000;190;EXCHANGE_LAST;;1;1;XEUR;11286682;691;
31.01.2025;10:56:50.145;FHZN SI 20250321 PS AM P 210.0 0;SIMPLE_INSTRUMENT;BLOCK;CHF;19;2.90000000;1267;EXCHANGE_LAST;;1;1;XEUR;12469868;45379;
31.01.2025;04:56:09.384;FMAU SI 20250321 CS;SIMPLE_INSTRUMENT;BLOCK;USD;4;5811.11500000;242;EXCHANGE_LAST;;1;1;XEUR;7590511;45287;
31.01.2025;03:10:20.440;FMCH SI 20250321 CS;SIMPLE_INSTRUMENT;BLOCK;USD;3;539.30000000;280;EXCHANGE_LAST;;1;1;XEUR;7592069;402909;
31.01.2025;16:40:27.925;FMCP SI 20250321 CS;SIMPLE_INSTRUMENT;EFP_IDX;EUR;40;560.60000000;543;EXCHANGE_LAST;;1;1;XEUR;11359149;662;
31.01.2025;16:40:49.505;FMCP SI 20250321 CS;SIMPLE_INSTRUMENT;EFP_IDX;EUR;41;561.00000000;94;EXCHANGE_LAST;;1;1;XEUR;11359149;662;
31.01.2025;08:12:02.877;FMED SI 20250321 CS;SIMPLE_INSTRUMENT;BLOCK;USD;12;9830.28000000;763;EXCHANGE_LAST;;1;1;XEUR;7590729;48144;
31.01.2025;09:03:31.078;FMED SI 20250321 CS;SIMPLE_INSTRUMENT;BLOCK;USD;14;9830.28000000;255;EXCHANGE_LAST;;1;1;XEUR;7590729;48144;
31.01.2025;16:09:05.043;FMFP SI 20250321 CS;SIMPLE_INSTRUMENT;BLOCK;USD;20;2388.00000000;95;EXCHANGE_LAST;;1;1;XEUR;7411195;51999;
31.01.2025;14:44:35.069;FMGO SI 20250321 CS;SIMPLE_INSTRUMENT;BLOCK;USD;19;5330.00000000;59;EXCHANGE_LAST;;1;1;XEUR;8609359;583623;
31.01.2025;06:14:56.472;FMID SI 20250321 CS;SIMPLE_INSTRUMENT;BLOCK;USD;1;1552.64200000;130;EXCHANGE_LAST;;1;1;XEUR;7590528;45289;
31.01.2025;02:40:17.771;FMIN SI 20250321 CS;SIMPLE_INSTRUMENT;BLOCK;USD;1;1197.97400000;109;EXCHANGE_LAST;;1;1;XEUR;7589865;12404;
31.01.2025;07:44:58.901;FMIN SI 20250321 CS;SIMPLE_INSTRUMENT;BLOCK;USD;8;1197.97400000;50;EXCHANGE_LAST;;1;1;XEUR;7589865;12404;
31.01.2025;09:29:29.954;FMIN SI 20250321 CS;SIMPLE_INSTRUMENT;BLOCK;USD;15;1213.45700000;667;EXCHANGE_LAST;;1;1;XEUR;7589865;12404;
31.01.2025;14:18:07.193;FMOG SI 20250321 CS;SIMPLE_INSTRUMENT;BLOCK;USD;17;12265.00000000;4;EXCHANGE_LAST;;1;1;XEUR;7590875;51877;
31.01.2025;14:19:04.510;FMOV SI 20250321 CS;SIMPLE_INSTRUMENT;BLOCK;USD;18;14566.00000000;3;EXCHANGE_LAST;;1;1;XEUR;7590876;51878;
31.01.2025;07:47:48.836;FMSC SI 20250321 CS;SIMPLE_INSTRUMENT;EFP_IDX;USD;9;742.01400000;6;EXCHANGE_LAST;;1;1;XEUR;7591474;221303;
31.01.2025;11:48:55.410;FMUA SI 20250321 CS;SIMPLE_INSTRUMENT;BLOCK;USD;2;918.17000000;27;EXCHANGE_LAST;;1;1;XEUR;7590507;45284;
31.01.2025;07:41:08.614;FMWN SI 20250321 CS;SIMPLE_INSTRUMENT;EFP_IDX;EUR;7;601.44000000;59;EXCHANGE_LAST;;1;1;XEUR;7590222;30654;
31.01.2025;06:09:51.769;FMWO SI 20250321 CS;SIMPLE_INSTRUMENT;EFP_IDX;USD;5;12276.56000000;55;EXCHANGE_LAST;;1;1;XEUR;7589707;7059;
31.01.2025;07:31:44.940;FMWO SI 20250321 CS;SIMPLE_INSTRUMENT;EFP_IDX;USD;6;12276.75000000;70;EXCHANGE_LAST;;1;1;XEUR;7589707;7059;
31.01.2025;07:52:19.721;FMWO SI 20250321 CS;SIMPLE_INSTRUMENT;EFP_IDX;USD;10;12277.75000000;40;EXCHANGE_LAST;;1;1;XEUR;7589707;7059;
31.01.2025;07:56:28.708;FMWO SI 20250321 CS;SIMPLE_INSTRUMENT;EFP_IDX;USD;11;12280.75000000;65;EXCHANGE_LAST;;1;1;XEUR;7589707;7059;
31.01.2025;08:35:16.226;FMWO SI 20250321 CS;SIMPLE_INSTRUMENT;EFP_IDX;USD;13;12284.25000000;3430;EXCHANGE_LAST;;1;1;XEUR;7589707;7059;
31.01.2025;14:06:53.985;FMWP SI 20250321 CS;SIMPLE_INSTRUMENT;BLOCK;USD;16;3881.00000000;282;EXCHANGE_LAST;;1;1;XEUR;7408973;30656;
31.01.2025;02:44:35.439;FMXJ SI 20250321 CS;SIMPLE_INSTRUMENT;BLOCK;USD;2;592.50000000;6;EXCHANGE_LAST;;1;1;XEUR;7590866;51660;
31.01.2025;08:39:51.674;FOAT SI 20250306 PS;SIMPLE_INSTRUMENT;EFP_FIN;EUR;1;122.76000000;538;EXCHANGE_LAST;;1;1;XEUR;11286683;749;
31.01.2025;09:13:39.890;FOAT SI 20250306 PS;SIMPLE_INSTRUMENT;EFP_FIN;EUR;2;122.73000000;982;EXCHANGE_LAST;;1;1;XEUR;11286683;749;
31.01.2025;09:22:33.140;FOAT SI 20250306 PS;SIMPLE_INSTRUMENT;EFP_FIN;EUR;3;122.73000000;589;EXCHANGE_LAST;;1;1;XEUR;11286683;749;
31.01.2025;09:38:40.073;FOAT SI 20250306 PS;SIMPLE_INSTRUMENT;EFP_FIN;EUR;4;123.08000000;491;EXCHANGE_LAST;;1;1;XEUR;11286683;749;
31.01.2025;10:16:34.175;FOAT SI 20250306 PS;SIMPLE_INSTRUMENT;EFP_FIN;EUR;5;123.18000000;105;EXCHANGE_LAST;;1;1;XEUR;11286683;749;
31.01.2025;10:26:18.191;FOAT SI 20250306 PS;SIMPLE_INSTRUMENT;EFP_FIN;EUR;6;123.11000000;1029;EXCHANGE_LAST;;1;1;XEUR;11286683;749;
31.01.2025;10:43:18.576;FOAT SI 20250306 PS;SIMPLE_INSTRUMENT;EFP_FIN;EUR;7;123.09000000;1292;EXCHANGE_LAST;;1;1;XEUR;11286683;749;
31.01.2025;10:46:41.573;FOAT SI 20250306 PS;SIMPLE_INSTRUMENT;EFP_FIN;EUR;8;123.07000000;206;EXCHANGE_LAST;;1;1;XEUR;11286683;749;
31.01.2025;10:58:19.911;FOAT SI 20250306 PS;SIMPLE_INSTRUMENT;EFP_FIN;EUR;9;123.09000000;195;EXCHANGE_LAST;;1;1;XEUR;11286683;749;
31.01.2025;11:06:44.366;FOAT SI 20250306 PS;SIMPLE_INSTRUMENT;EFP_FIN;EUR;10;123.09000000;1668;EXCHANGE_LAST;;1;1;XEUR;11286683;749;
31.01.2025;11:06:44.366;FOAT SI 20250306 PS;SIMPLE_INSTRUMENT;EFP_FIN;EUR;11;123.09000000;2502;EXCHANGE_LAST;;1;1;XEUR;11286683;749;
31.01.2025;11:16:06.702;FOAT SI 20250306 PS;SIMPLE_INSTRUMENT;EFP_FIN;EUR;12;123.00000000;1041;EXCHANGE_LAST;;1;1;XEUR;11286683;749;
31.01.2025;11:19:44.708;FOAT SI 20250306 PS;SIMPLE_INSTRUMENT;EFP_FIN;EUR;13;123.03000000;887;EXCHANGE_LAST;;1;1;XEUR;11286683;749;
31.01.2025;11:17:07.729;FOAT SI 20250306 PS;SIMPLE_INSTRUMENT;EFS;EUR;14;123.03000000;110;EXCHANGE_LAST;;1;1;XEUR;11286683;749;
31.01.2025;11:17:25.053;FOAT SI 20250306 PS;SIMPLE_INSTRUMENT;EFP_FIN;EUR;15;123.08000000;222;EXCHANGE_LAST;;1;1;XEUR;11286683;749;
31.01.2025;11:29:12.289;FOAT SI 20250306 PS;SIMPLE_INSTRUMENT;EFP_FIN;EUR;16;123.02000000;522;EXCHANGE_LAST;;1;1;XEUR;11286683;749;
31.01.2025;11:29:31.041;FOAT SI 20250306 PS;SIMPLE_INSTRUMENT;EFP_FIN;EUR;17;123.09000000;1251;EXCHANGE_LAST;;1;1;XEUR;11286683;749;
31.01.2025;11:41:36.277;FOAT SI 20250306 PS;SIMPLE_INSTRUMENT;EFP_FIN;EUR;18;123.08000000;370;EXCHANGE_LAST;;1;1;XEUR;11286683;749;
31.01.2025;12:26:49.965;FOAT SI 20250306 PS;SIMPLE_INSTRUMENT;EFP_FIN;EUR;19;123.30000000;647;EXCHANGE_LAST;;1;1;XEUR;11286683;749;
31.01.2025;12:51:50.737;FOAT SI 20250306 PS;SIMPLE_INSTRUMENT;EFP_FIN;EUR;20;123.25000000;620;EXCHANGE_LAST;;1;1;XEUR;11286683;749;
31.01.2025;13:02:09.318;FOAT SI 20250306 PS;SIMPLE_INSTRUMENT;EFS;EUR;21;123.26000000;1089;EXCHANGE_LAST;;1;1;XEUR;11286683;749;
31.01.2025;13:08:23.331;FOAT SI 20250306 PS;SIMPLE_INSTRUMENT;EFS;EUR;22;123.21000000;525;EXCHANGE_LAST;;1;1;XEUR;11286683;749;
31.01.2025;13:13:33.193;FOAT SI 20250306 PS;SIMPLE_INSTRUMENT;EFS;EUR;23;123.19000000;315;EXCHANGE_LAST;;1;1;XEUR;11286683;749;
31.01.2025;13:15:59.114;FOAT SI 20250306 PS;SIMPLE_INSTRUMENT;BLOCK;EUR;24;123.23000000;250;EXCHANGE_LAST;;1;1;XEUR;11286683;749;
31.01.2025;13:16:12.116;FOAT SI 20250306 PS;SIMPLE_INSTRUMENT;BLOCK;EUR;25;123.23000000;250;EXCHANGE_LAST;;1;1;XEUR;11286683;749;
31.01.2025;13:19:10.694;FOAT SI 20250306 PS;SIMPLE_INSTRUMENT;EFS;EUR;26;123.20000000;545;EXCHANGE_LAST;;1;1;XEUR;11286683;749;
31.01.2025;13:40:36.923;FOAT SI 20250306 PS;SIMPLE_INSTRUMENT;EFP_FIN;EUR;27;123.17000000;1042;EXCHANGE_LAST;;1;1;XEUR;11286683;749;
31.01.2025;13:40:36.923;FOAT SI 20250306 PS;SIMPLE_INSTRUMENT;EFP_FIN;EUR;28;123.30000000;625;EXCHANGE_LAST;;1;1;XEUR;11286683;749;
31.01.2025;13:43:43.385;FOAT SI 20250306 PS;SIMPLE_INSTRUMENT;EFP_FIN;EUR;29;123.25000000;500;EXCHANGE_LAST;;1;1;XEUR;11286683;749;
31.01.2025;13:53:41.574;FOAT SI 20250306 PS;SIMPLE_INSTRUMENT;EFP_FIN;EUR;30;123.13000000;270;EXCHANGE_LAST;;1;1;XEUR;11286683;749;
31.01.2025;13:54:33.233;FOAT SI 20250306 PS;SIMPLE_INSTRUMENT;EFS;EUR;31;123.20000000;545;EXCHANGE_LAST;;1;1;XEUR;11286683;749;
31.01.2025;14:04:34.566;FOAT SI 20250306 PS;SIMPLE_INSTRUMENT;EFP_FIN;EUR;32;123.25000000;1757;EXCHANGE_LAST;;1;1;XEUR;11286683;749;
31.01.2025;14:08:34.985;FOAT SI 20250306 PS;SIMPLE_INSTRUMENT;EFP_FIN;EUR;33;123.35000000;1326;EXCHANGE_LAST;;1;1;XEUR;11286683;749;
31.01.2025;14:13:53.170;FOAT SI 20250306 PS;SIMPLE_INSTRUMENT;EFP_FIN;EUR;34;123.34000000;834;EXCHANGE_LAST;;1;1;XEUR;11286683;749;
31.01.2025;14:19:32.969;FOAT SI 20250306 PS;SIMPLE_INSTRUMENT;EFP_FIN;EUR;35;123.34000000;584;EXCHANGE_LAST;;1;1;XEUR;11286683;749;
31.01.2025;14:23:30.997;FOAT SI 20250306 PS;SIMPLE_INSTRUMENT;EFP_FIN;EUR;36;123.34000000;1251;EXCHANGE_LAST;;1;1;XEUR;11286683;749;
31.01.2025;14:32:38.743;FOAT SI 20250306 PS;SIMPLE_INSTRUMENT;EFS;EUR;37;123.35000000;110;EXCHANGE_LAST;;1;1;XEUR;11286683;749;
31.01.2025;14:33:30.884;FOAT SI 20250306 PS;SIMPLE_INSTRUMENT;EFP_FIN;EUR;38;123.36000000;730;EXCHANGE_LAST;;1;1;XEUR;11286683;749;
31.01.2025;14:37:43.363;FOAT SI 20250306 PS;SIMPLE_INSTRUMENT;EFP_FIN;EUR;39;123.36000000;574;EXCHANGE_LAST;;1;1;XEUR;11286683;749;
31.01.2025;14:45:14.985;FOAT SI 20250306 PS;SIMPLE_INSTRUMENT;EFP_FIN;EUR;40;123.38000000;887;EXCHANGE_LAST;;1;1;XEUR;11286683;749;
31.01.2025;15:13:06.223;FOAT SI 20250306 PS;SIMPLE_INSTRUMENT;EFP_FIN;EUR;41;123.05000000;1251;EXCHANGE_LAST;;1;1;XEUR;11286683;749;
31.01.2025;15:22:08.386;FOAT SI 20250306 PS;SIMPLE_INSTRUMENT;EFS;EUR;42;123.40000000;110;EXCHANGE_LAST;;1;1;XEUR;11286683;749;
31.01.2025;15:53:36.289;FOAT SI 20250306 PS;SIMPLE_INSTRUMENT;EFS;EUR;43;123.23000000;262;EXCHANGE_LAST;;1;1;XEUR;11286683;749;
31.01.2025;16:02:26.757;FOAT SI 20250306 PS;SIMPLE_INSTRUMENT;EFP_FIN;EUR;44;123.38000000;834;EXCHANGE_LAST;;1;1;XEUR;11286683;749;
31.01.2025;16:09:01.649;FOAT SI 20250306 PS;SIMPLE_INSTRUMENT;EFS;EUR;45;123.45000000;217;EXCHANGE_LAST;;1;1;XEUR;11286683;749;
31.01.2025;16:52:59.098;FOAT SI 20250306 PS;SIMPLE_INSTRUMENT;EFP_FIN;EUR;46;123.29000000;1251;EXCHANGE_LAST;;1;1;XEUR;11286683;749;
31.01.2025;17:05:10.539;FOAT SI 20250306 PS;SIMPLE_INSTRUMENT;EFP_FIN;EUR;47;123.33000000;89;EXCHANGE_LAST;;1;1;XEUR;11286683;749;
31.01.2025;13:10:03.127;FRE SI 20251219 PS AM P 32.00 0;SIMPLE_INSTRUMENT;BLOCK;EUR;4;1.27000000;600;EXCHANGE_LAST;;1;1;XEUR;5930643;760;
31.01.2025;16:42:34.953;FSCP SI 20250321 CS;SIMPLE_INSTRUMENT;EFP_IDX;EUR;44;349.20000000;43;EXCHANGE_LAST;;1;1;XEUR;11360241;764;
31.01.2025;16:42:50.665;FSCP SI 20250321 CS;SIMPLE_INSTRUMENT;EFP_IDX;EUR;45;349.10000000;352;EXCHANGE_LAST;;1;1;XEUR;11360241;764;
31.01.2025;16:56:03.121;FSCP SI 20250321 CS;SIMPLE_INSTRUMENT;EFP_IDX;EUR;56;349.20000000;75;EXCHANGE_LAST;;1;1;XEUR;11360241;764;
31.01.2025;16:56:06.789;FSCP SI 20250321 CS;SIMPLE_INSTRUMENT;EFP_IDX;EUR;57;349.10000000;100;EXCHANGE_LAST;;1;1;XEUR;11360241;764;
31.01.2025;16:47:46.978;FSEG SI 20250321 CS;SIMPLE_INSTRUMENT;EFP_IDX;EUR;47;199.90000000;15;EXCHANGE_LAST;;1;1;XEUR;11393888;109977;
31.01.2025;16:47:56.772;FSEG SI 20250321 CS;SIMPLE_INSTRUMENT;EFP_IDX;EUR;48;200.00000000;302;EXCHANGE_LAST;;1;1;XEUR;11393888;109977;
31.01.2025;16:48:46.941;FSEG SI 20250321 CS;SIMPLE_INSTRUMENT;EFP_IDX;EUR;52;200.00000000;94;EXCHANGE_LAST;;1;1;XEUR;11393888;109977;
31.01.2025;16:48:58.184;FSEG SI 20250321 CS;SIMPLE_INSTRUMENT;EFP_IDX;EUR;53;199.90000000;5;EXCHANGE_LAST;;1;1;XEUR;11393888;109977;
31.01.2025;12:51:23.443;FSMI SI 20250321 CS;SIMPLE_INSTRUMENT;BLOCK;CHF;1;12665.00000000;700;EXCHANGE_LAST;;1;1;XEUR;7793721;757;
31.01.2025;12:51:30.140;FSMI SI 20250321 CS;SIMPLE_INSTRUMENT;EFP_IDX;CHF;2;12665.00000000;300;EXCHANGE_LAST;;1;1;XEUR;7793721;757;
31.01.2025;16:09:36.567;FSMI SI 20250321 CS;SIMPLE_INSTRUMENT;EFP_IDX;CHF;3;12610.00000000;150;EXCHANGE_LAST;;1;1;XEUR;7793721;757;
31.01.2025;16:06:21.745;FSMI SI 20250321 CS;SIMPLE_INSTRUMENT;BLOCK;CHF;4;12600.00000000;1842;EXCHANGE_LAST;;1;1;XEUR;7793721;757;
31.01.2025;16:54:34.011;FSMI SI 20250321 CS;SIMPLE_INSTRUMENT;BLOCK;CHF;5;12580.00000000;1500;EXCHANGE_LAST;;1;1;XEUR;7793721;757;
31.01.2025;16:01:33.177;FSMI SI 20250321 CS;SIMPLE_INSTRUMENT;VOLA;CHF;603979853;12600.00000000;265;EXCHANGE_LAST;;1;1;XEUR;7793721;757;
31.01.2025;16:48:31.267;FSMX SI 20250321 CS;SIMPLE_INSTRUMENT;EFP_IDX;EUR;50;26849.00000000;215;EXCHANGE_LAST;;1;1;XEUR;11405203;396422;
31.01.2025;15:29:37.821;FST3 SI 20250618 CS;SIMPLE_INSTRUMENT;BLOCK;EUR;39;97.96500000;489;EXCHANGE_LAST;;1;1;XEUR;8924070;620947;
31.01.2025;16:43:56.176;FSTA SI 20250321 CS;SIMPLE_INSTRUMENT;BLOCK;EUR;10;578.60000000;612;EXCHANGE_LAST;;1;1;XEUR;11359808;715;
31.01.2025;16:43:56.200;FSTA SI 20250321 CS;SIMPLE_INSTRUMENT;BLOCK;EUR;11;578.90000000;341;EXCHANGE_LAST;;1;1;XEUR;11359808;715;
31.01.2025;16:43:03.477;FSTB SI 20250321 CS;SIMPLE_INSTRUMENT;BLOCK;EUR;42;231.60000000;600;EXCHANGE_LAST;;1;1;XEUR;11359807;714;
31.01.2025;16:43:14.279;FSTB SI 20250321 CS;SIMPLE_INSTRUMENT;BLOCK;EUR;43;231.70000000;1400;EXCHANGE_LAST;;1;1;XEUR;11359807;714;
31.01.2025;16:48:13.942;FSTB SI 20250321 CS;SIMPLE_INSTRUMENT;BLOCK;EUR;49;232.25000000;429;EXCHANGE_LAST;;1;1;XEUR;11359807;714;
31.01.2025;11:30:04.465;FSTE SI 20250321 CS;SIMPLE_INSTRUMENT;BLOCK;EUR;4;354.90000000;294;EXCHANGE_LAST;;1;1;XEUR;11359812;719;
31.01.2025;11:30:23.400;FSTE SI 20250321 CS;SIMPLE_INSTRUMENT;BLOCK;EUR;5;355.30000000;266;EXCHANGE_LAST;;1;1;XEUR;11359812;719;
31.01.2025;16:45:29.036;FSTE SI 20250321 CS;SIMPLE_INSTRUMENT;BLOCK;EUR;12;354.00000000;250;EXCHANGE_LAST;;1;1;XEUR;11359812;719;
31.01.2025;16:45:32.363;FSTE SI 20250321 CS;SIMPLE_INSTRUMENT;BLOCK;EUR;13;353.90000000;980;EXCHANGE_LAST;;1;1;XEUR;11359812;719;
31.01.2025;16:54:51.868;FSTE SI 20250321 CS;SIMPLE_INSTRUMENT;EFP_IDX;EUR;22;354.20000000;280;EXCHANGE_LAST;;1;1;XEUR;11359812;719;
31.01.2025;16:55:16.672;FSTE SI 20250321 CS;SIMPLE_INSTRUMENT;EFP_IDX;EUR;23;354.10000000;420;EXCHANGE_LAST;;1;1;XEUR;11359812;719;
31.01.2025;16:56:13.216;FSTE SI 20250321 CS;SIMPLE_INSTRUMENT;EFP_IDX;EUR;24;354.10000000;180;EXCHANGE_LAST;;1;1;XEUR;11359812;719;
31.01.2025;16:56:30.538;FSTE SI 20250321 CS;SIMPLE_INSTRUMENT;EFP_IDX;EUR;25;354.20000000;120;EXCHANGE_LAST;;1;1;XEUR;11359812;719;
31.01.2025;15:31:41.421;FSTG SI 20250321 CS;SIMPLE_INSTRUMENT;EFP_IDX;EUR;30;941.10000000;113;EXCHANGE_LAST;;1;1;XEUR;11359809;717;
31.01.2025;15:31:50.021;FSTG SI 20250321 CS;SIMPLE_INSTRUMENT;EFP_IDX;EUR;31;941.30000000;137;EXCHANGE_LAST;;1;1;XEUR;11359809;717;
31.01.2025;15:51:41.406;FSTH SI 20250321 CS;SIMPLE_INSTRUMENT;BLOCK;EUR;6;1163.80000000;500;EXCHANGE_LAST;;1;1;XEUR;11359811;716;
31.01.2025;16:49:16.662;FSTH SI 20250321 CS;SIMPLE_INSTRUMENT;EFP_IDX;EUR;16;1157.90000000;39;EXCHANGE_LAST;;1;1;XEUR;11359811;716;
31.01.2025;16:49:26.663;FSTH SI 20250321 CS;SIMPLE_INSTRUMENT;EFP_IDX;EUR;17;1158.00000000;58;EXCHANGE_LAST;;1;1;XEUR;11359811;716;
31.01.2025;16:53:20.632;FSTH SI 20250321 CS;SIMPLE_INSTRUMENT;EFP_IDX;EUR;19;1158.10000000;18;EXCHANGE_LAST;;1;1;XEUR;11359811;716;
31.01.2025;16:53:44.550;FSTH SI 20250321 CS;SIMPLE_INSTRUMENT;EFP_IDX;EUR;20;1158.00000000;71;EXCHANGE_LAST;;1;1;XEUR;11359811;716;
31.01.2025;11:37:28.504;FSTL SI 20250321 CS;SIMPLE_INSTRUMENT;BLOCK;EUR;14;129.50000000;704;EXCHANGE_LAST;;1;1;XEUR;11359767;706;
31.01.2025;11:38:37.596;FSTL SI 20250321 CS;SIMPLE_INSTRUMENT;BLOCK;EUR;15;129.70000000;861;EXCHANGE_LAST;;1;1;XEUR;11359767;706;
31.01.2025;15:25:33.642;FSTM SI 20250321 CS;SIMPLE_INSTRUMENT;VOLA;EUR;603979841;500.10000000;258;EXCHANGE_LAST;;1;1;XEUR;11359760;705;
31.01.2025;15:25:18.551;FSTM SI 20250321 CS;SIMPLE_INSTRUMENT;VOLA;EUR;603979844;500.10000000;96;EXCHANGE_LAST;;1;1;XEUR;11359760;705;
31.01.2025;16:09:24.747;FSTO SI 20250321 CS;SIMPLE_INSTRUMENT;EFP_IDX;EUR;7;641.20000000;202;EXCHANGE_LAST;;1;1;XEUR;11359792;711;
31.01.2025;16:09:13.190;FSTO SI 20250321 CS;SIMPLE_INSTRUMENT;EFP_IDX;EUR;8;641.40000000;248;EXCHANGE_LAST;;1;1;XEUR;11359792;711;
31.01.2025;17:07:06.332;FSTO SI 20250321 CS;SIMPLE_INSTRUMENT;BLOCK;EUR;26;640.50000000;260;EXCHANGE_LAST;;1;1;XEUR;11359792;711;
31.01.2025;17:07:25.333;FSTO SI 20250321 CS;SIMPLE_INSTRUMENT;BLOCK;EUR;27;640.20000000;340;EXCHANGE_LAST;;1;1;XEUR;11359792;711;
31.01.2025;16:50:00.706;FSTY SI 20250321 CS;SIMPLE_INSTRUMENT;EFP_IDX;EUR;18;868.20000000;67;EXCHANGE_LAST;;1;1;XEUR;11359816;729;
31.01.2025;15:17:44.856;FUEM SI 20250321 CS;SIMPLE_INSTRUMENT;BLOCK;USD;29;116.23000000;200;EXCHANGE_LAST;;1;1;XEUR;11429254;772680;
31.01.2025;15:11:50.500;FUHY SI 20250321 CS;SIMPLE_INSTRUMENT;BLOCK;USD;27;694.77000000;110;EXCHANGE_LAST;;1;1;XEUR;11850132;909660;
31.01.2025;15:13:14.964;FUIG SI 20250321 CS;SIMPLE_INSTRUMENT;BLOCK;USD;28;3333.30000000;160;EXCHANGE_LAST;;1;1;XEUR;11850128;909659;
31.01.2025;16:43:37.641;FXXP SI 20250321 CS;SIMPLE_INSTRUMENT;EFP_IDX;EUR;21;539.90000000;241;EXCHANGE_LAST;;1;1;XEUR;7793972;816;
31.01.2025;16:43:48.641;FXXP SI 20250321 CS;SIMPLE_INSTRUMENT;EFP_IDX;EUR;22;540.00000000;295;EXCHANGE_LAST;;1;1;XEUR;7793972;816;
31.01.2025;16:44:46.943;FXXP SI 20250321 CS;SIMPLE_INSTRUMENT;EFP_IDX;EUR;25;540.00000000;694;EXCHANGE_LAST;;1;1;XEUR;7793972;816;
31.01.2025;16:45:01.318;FXXP SI 20250321 CS;SIMPLE_INSTRUMENT;EFP_IDX;EUR;26;539.90000000;1041;EXCHANGE_LAST;;1;1;XEUR;7793972;816;
31.01.2025;16:50:39.630;FXXP SI 20250321 CS;SIMPLE_INSTRUMENT;EFP_IDX;EUR;27;539.90000000;400;EXCHANGE_LAST;;1;1;XEUR;7793972;816;
31.01.2025;16:50:32.313;FXXP SI 20250321 CS;SIMPLE_INSTRUMENT;EFP_IDX;EUR;28;540.00000000;600;EXCHANGE_LAST;;1;1;XEUR;7793972;816;
31.01.2025;16:50:02.738;FXXP SI 20250321 CS;SIMPLE_INSTRUMENT;EFP_IDX;EUR;29;539.90000000;800;EXCHANGE_LAST;;1;1;XEUR;7793972;816;
31.01.2025;16:50:14.693;FXXP SI 20250321 CS;SIMPLE_INSTRUMENT;EFP_IDX;EUR;30;540.00000000;1200;EXCHANGE_LAST;;1;1;XEUR;7793972;816;
31.01.2025;16:53:27.130;FXXP SI 20250321 CS;SIMPLE_INSTRUMENT;EFP_IDX;EUR;33;539.90000000;268;EXCHANGE_LAST;;1;1;XEUR;7793972;816;
31.01.2025;16:53:57.870;FXXP SI 20250321 CS;SIMPLE_INSTRUMENT;EFP_IDX;EUR;34;540.00000000;402;EXCHANGE_LAST;;1;1;XEUR;7793972;816;
31.01.2025;16:55:22.767;FXXP SI 20250321 CS;SIMPLE_INSTRUMENT;EFP_IDX;EUR;36;539.90000000;85;EXCHANGE_LAST;;1;1;XEUR;7793972;816;
31.01.2025;16:55:52.028;FXXP SI 20250321 CS;SIMPLE_INSTRUMENT;EFP_IDX;EUR;38;540.00000000;105;EXCHANGE_LAST;;1;1;XEUR;7793972;816;
31.01.2025;16:56:52.252;FXXP SI 20250321 CS;SIMPLE_INSTRUMENT;EFP_IDX;EUR;39;539.90000000;118;EXCHANGE_LAST;;1;1;XEUR;7793972;816;
31.01.2025;16:57:07.693;FXXP SI 20250321 CS;SIMPLE_INSTRUMENT;EFP_IDX;EUR;40;540.00000000;144;EXCHANGE_LAST;;1;1;XEUR;7793972;816;
31.01.2025;16:27:16.317;FXXP SI 20250321 CS;SIMPLE_INSTRUMENT;VOLA;EUR;603979870;539.80000000;150;EXCHANGE_LAST;;1;1;XEUR;7793972;816;
31.01.2025;14:11:56.807;G3ZF SI 20271217 CS;SIMPLE_INSTRUMENT;BLOCK;EUR;28;1.00000000;200;EXCHANGE_LAST;;1;1;XEUR;8413561;144760;
31.01.2025;13:50:46.513;GAD FI 20250226 CS EU C 119.0000 0;FLEXIBLE_INSTRUMENT;BLOCK;CHF;44;0.94000000;220;EXCHANGE_LAST;;1;1;XEUR;1156504301900662736;834185;
31.01.2025;08:45:46.877;GZF SI 20250221 PS AM P 15.40 0;SIMPLE_INSTRUMENT;BLOCK;EUR;2;0.13000000;8250;EXCHANGE_LAST;;1;3;XEUR;12246282;855;
31.01.2025;16:04:47.250;GZF SI 20250321 PS AM C 17.00 0;SIMPLE_INSTRUMENT;BLOCK;EUR;21;0.14000000;1500;EXCHANGE_LAST;;1;1;XEUR;10841448;855;
31.01.2025;13:46:21.473;HELN FI 20250226 CS EU C 164.0000 0;FLEXIBLE_INSTRUMENT;BLOCK;CHF;43;0.76000000;2500;EXCHANGE_LAST;;1;1;XEUR;1152925103789447025;838;
31.01.2025;09:54:57.584;HMI SI 20250620 PS AM C 2880.00 0;SIMPLE_INSTRUMENT;BLOCK;EUR;5;115.00000000;50;EXCHANGE_LAST;;1;1;XEUR;12680735;950;
31.01.2025;08:31:59.546;IFX SI 20250221 PS AM C 36.00 0;SIMPLE_INSTRUMENT;BLOCK;EUR;1;0.23000000;3436;EXCHANGE_LAST;;1;1;XEUR;12340654;902;
31.01.2025;09:44:26.051;IFX SI 20271217 PS AM P 28.00 0;SIMPLE_INSTRUMENT;BLOCK;EUR;5;4.97000000;1250;EXCHANGE_LAST;;1;1;XEUR;8785525;902;
31.01.2025;09:55:46.917;IFX SI 20250919 PS AM P 30.00 0;SIMPLE_INSTRUMENT;BLOCK;EUR;8;2.75000000;2000;EXCHANGE_LAST;;1;1;XEUR;11884221;902;
