#Date;TrdTime;Contract;ContractType;TrdTyp;Currency;TesId;Prc;Qty;TrdInd;Aggressor;Buy;Sell;Exch;InstrumentId;RelatedProdId;PrcDecomp
06.06.2025;11:22:06.388;A2XA SI 20271217 CS;SIMPLE_INSTRUMENT;BLOCK;EUR;30;2.17500000;400;EXCHANGE_LAST;;1;1;XEUR;5914267;17;
06.06.2025;11:44:01.235;A2XA SI 20271217 CS;SIMPLE_INSTRUMENT;BLOCK;EUR;31;2.17500000;500;EXCHANGE_LAST;;1;1;XEUR;5914267;17;
06.06.2025;15:16:11.108;A2XA SI 20271217 CS;SIMPLE_INSTRUMENT;BLOCK;EUR;63;2.19000000;400;EXCHANGE_LAST;;1;1;XEUR;5914267;17;
06.06.2025;13:18:12.681;ABBE.O.250606.BER.000001;STANDARD_OPTION_STRATEGY;BLOCK;CHF;20;0.38000000;2000;EXCHANGE_LAST;;1;1;XEUR;74525121468962405;574516;
06.06.2025;13:18:12.681;ABBE SI 20250620 PS EU P 46.00 0;SIMPLE_INSTRUMENT;BLOCK;CHF;20;0.44000000;2000;PRC_DECOMP_EXCHANGE;;;;XEUR;11409829;574516;EXCHANGE
06.06.2025;13:18:12.681;ABBE SI 20250620 PS EU P 47.00 0;SIMPLE_INSTRUMENT;BLOCK;CHF;20;0.82000000;2000;PRC_DECOMP_EXCHANGE;;;;XEUR;12158215;574516;EXCHANGE
06.06.2025;12:48:30.352;ABBG.S.JUN25.SEP25.SPD;FUTURES_SPREAD;BLOCK;CHF;40;-0.00900000;3000;EXCHANGE_LAST;;1;1;XEUR;74525138648825913;574520;
06.06.2025;12:48:30.352;ABBG SI 20250919 CS;SIMPLE_INSTRUMENT;BLOCK;CHF;40;47.24110000;3000;PRC_DECOMP_EXCHANGE;;;;XEUR;11740344;574520;EXCHANGE
06.06.2025;12:48:30.352;ABBG SI 20250620 CS;SIMPLE_INSTRUMENT;BLOCK;CHF;40;47.23210000;3000;PRC_DECOMP_EXCHANGE;;;;XEUR;11209548;574520;EXCHANGE
06.06.2025;09:46:12.556;ABBN SI 20250620 PS AM C 47.00 0;SIMPLE_INSTRUMENT;BLOCK;CHF;11;0.97000000;1000;EXCHANGE_LAST;;1;1;XEUR;11849022;574517;
06.06.2025;11:43:45.181;AFR SI 20260619 PS AM P 8.00 0;SIMPLE_INSTRUMENT;BLOCK;EUR;14;0.86000000;2000;EXCHANGE_LAST;;1;1;XEUR;9872456;58;
06.06.2025;10:32:26.414;ALV.N.250606.000015;NON_STANDARD_OPTION_STRATEGY;BLOCK;EUR;1;29.50000000;450;EXCHANGE_LAST;;2;1;XEUR;72057911865571976;74;
06.06.2025;10:32:26.414;ALV SI 20250919 PS AM C 360.00 0;SIMPLE_INSTRUMENT;BLOCK;EUR;1;11.22000000;450;PRC_DECOMP_EXCHANGE;;;;XEUR;11871542;74;EXCHANGE
06.06.2025;10:32:26.414;ALV SI 20261218 PS AM C 380.00 0;SIMPLE_INSTRUMENT;BLOCK;EUR;1;20.36000000;900;PRC_DECOMP_EXCHANGE;;;;XEUR;12604550;74;EXCHANGE
06.06.2025;08:55:07.262;AMUF SI 20250620 CS;SIMPLE_INSTRUMENT;BLOCK;EUR;5;69.89230000;1100;EXCHANGE_LAST;;1;1;XEUR;11198979;128158;
06.06.2025;12:29:26.739;AMUF SI 20250620 CS;SIMPLE_INSTRUMENT;BLOCK;EUR;37;69.85110000;1200;EXCHANGE_LAST;;1;1;XEUR;11198979;128158;
06.06.2025;12:29:16.077;AMUF SI 20250718 CS;SIMPLE_INSTRUMENT;BLOCK;EUR;38;69.96230000;1200;EXCHANGE_LAST;;1;1;XEUR;11394631;128158;
06.06.2025;11:50:47.577;ANNG SI 20250919 CS;SIMPLE_INSTRUMENT;BLOCK;EUR;32;29.56350000;5500;EXCHANGE_LAST;;1;1;XEUR;11738849;464374;
06.06.2025;08:52:00.181;AOM SI 20250718 PS AM P 17.60 0;SIMPLE_INSTRUMENT;BLOCK;EUR;3;0.44000000;1000;EXCHANGE_LAST;;1;1;XEUR;13235083;88;
06.06.2025;12:37:27.029;AXA.O.250606.STG.000002;STANDARD_OPTION_STRATEGY;BLOCK;EUR;16;6.26000000;1250;EXCHANGE_LAST;;1;1;XEUR;72058139498796623;127;
06.06.2025;12:37:27.029;AXA SI 20261218 PS AM C 46.00 0;SIMPLE_INSTRUMENT;BLOCK;EUR;16;2.68000000;1250;PRC_DECOMP_EXCHANGE;;;;XEUR;12748941;127;EXCHANGE
06.06.2025;12:37:27.029;AXA SI 20261218 PS AM P 40.00 0;SIMPLE_INSTRUMENT;BLOCK;EUR;16;3.58000000;1250;PRC_DECOMP_EXCHANGE;;;;XEUR;7227100;127;EXCHANGE
06.06.2025;09:40:41.993;AXAG.S.JUN25.SEP25.SPD;FUTURES_SPREAD;BLOCK;EUR;19;-0.20000000;2000;EXCHANGE_LAST;;1;1;XEUR;72058130908840266;125;
06.06.2025;09:40:41.993;AXAG SI 20250919 CS;SIMPLE_INSTRUMENT;BLOCK;EUR;19;42.75000000;2000;PRC_DECOMP_MEMBER;;;;XEUR;11699127;125;MEMBER
06.06.2025;09:40:41.993;AXAG SI 20250620 CS;SIMPLE_INSTRUMENT;BLOCK;EUR;19;42.55000000;2000;PRC_DECOMP_MEMBER;;;;XEUR;11168731;125;MEMBER
06.06.2025;09:34:09.502;B2PE SI 20250620 CS;SIMPLE_INSTRUMENT;BLOCK;EUR;14;0.60000000;9708;EXCHANGE_LAST;;1;1;XEUR;12178633;949835;
06.06.2025;11:59:25.303;BARN SI 20260619 PS AM P 720.00 0;SIMPLE_INSTRUMENT;BLOCK;CHF;13;71.20000000;300;EXCHANGE_LAST;;1;1;XEUR;11350525;149;
06.06.2025;08:52:49.652;BAS SI 20250919 PS AM C 44.00 0;SIMPLE_INSTRUMENT;BLOCK;EUR;3;1.68000000;500;EXCHANGE_LAST;;1;1;XEUR;11872873;150;
06.06.2025;10:04:51.998;BAS.O.250606.BUL.000010;STANDARD_OPTION_STRATEGY;BLOCK;EUR;6;1.42000000;7000;EXCHANGE_LAST;;1;3;XEUR;72058238283094721;150;
06.06.2025;10:04:51.998;BAS SI 20271217 PS AM C 44.00 0;SIMPLE_INSTRUMENT;BLOCK;EUR;6;5.50000000;7000;PRC_DECOMP_EXCHANGE;;;;XEUR;8774153;150;EXCHANGE
06.06.2025;10:04:51.998;BAS SI 20271217 PS AM C 48.00 0;SIMPLE_INSTRUMENT;BLOCK;EUR;6;4.08000000;7000;PRC_DECOMP_EXCHANGE;;;;XEUR;8774202;150;EXCHANGE
06.06.2025;12:16:26.263;BAS.O.250606.COMBO.000012;STANDARD_OPTION_STRATEGY;BLOCK;EUR;8;-0.41000000;2500;EXCHANGE_LAST;;2;1;XEUR;72058238283094723;150;
06.06.2025;12:16:26.263;BAS SI 20250919 PS AM P 36.00 0;SIMPLE_INSTRUMENT;BLOCK;EUR;8;0.63000000;2500;PRC_DECOMP_EXCHANGE;;;;XEUR;11872915;150;EXCHANGE
06.06.2025;12:16:26.263;BAS SI 20250919 PS AM C 46.00 0;SIMPLE_INSTRUMENT;BLOCK;EUR;8;1.04000000;2500;PRC_DECOMP_EXCHANGE;;;;XEUR;11873021;150;EXCHANGE
06.06.2025;13:15:29.964;BAS SI 20250919 PS AM P 38.00 0;SIMPLE_INSTRUMENT;BLOCK;EUR;10;0.94000000;2000;EXCHANGE_LAST;;1;1;XEUR;11872851;150;
06.06.2025;09:17:59.562;BAY SI 20261218 PS AM C 32.00 0;SIMPLE_INSTRUMENT;BLOCK;EUR;4;3.27000000;1000;EXCHANGE_LAST;;1;1;XEUR;7190550;168;
06.06.2025;10:28:40.631;BAY SI 20281215 PS AM P 18.00 0;SIMPLE_INSTRUMENT;BLOCK;EUR;7;2.50000000;1600;EXCHANGE_LAST;;1;2;XEUR;10397271;168;
06.06.2025;08:31:19.870;BMW SI 20250620 PS AM C 80.00 0;SIMPLE_INSTRUMENT;BLOCK;EUR;7;0.61000000;543;EXCHANGE_LAST;;1;1;XEUR;11332529;210;
06.06.2025;09:35:25.954;BMW SI 20250919 PS AM C 84.00 0;SIMPLE_INSTRUMENT;BLOCK;EUR;11;2.69000000;750;EXCHANGE_LAST;;1;1;XEUR;11874427;210;
06.06.2025;13:46:45.729;BMW SI 20250620 PS AM C 80.00 0;SIMPLE_INSTRUMENT;BLOCK;EUR;22;0.54000000;521;EXCHANGE_LAST;;1;1;XEUR;11332529;210;
06.06.2025;13:59:58.876;BMW SI 20250620 PS AM C 80.00 0;SIMPLE_INSTRUMENT;BLOCK;EUR;23;0.50000000;1216;EXCHANGE_LAST;;1;1;XEUR;11332529;210;
06.06.2025;14:02:13.613;BNP SI 20250815 PS AM P 71.00 0;SIMPLE_INSTRUMENT;BLOCK;EUR;19;1.07000000;944;EXCHANGE_LAST;;1;1;XEUR;13406164;237;
06.06.2025;14:02:13.615;BNP SI 20250815 PS AM P 71.00 0;SIMPLE_INSTRUMENT;BLOCK;EUR;20;1.05000000;1201;EXCHANGE_LAST;;1;1;XEUR;13406164;237;
06.06.2025;09:34:06.426;BPEF SI 20250619 CS;SIMPLE_INSTRUMENT;BLOCK;EUR;13;7.85810000;11000;EXCHANGE_LAST;;1;1;XEUR;11161772;226;
06.06.2025;15:24:21.237;BSD2.O.250606.STG.000004;STANDARD_OPTION_STRATEGY;BLOCK;EUR;13;0.85000000;10000;EXCHANGE_LAST;;2;1;XEUR;72058646304923250;245;
06.06.2025;15:24:21.237;BSD2 SI 20251219 PS AM P 6.75 0;SIMPLE_INSTRUMENT;BLOCK;EUR;13;0.45000000;10000;PRC_DECOMP_EXCHANGE;;;;XEUR;12673288;245;EXCHANGE
06.06.2025;15:24:21.237;BSD2 SI 20251219 PS AM C 7.50 0;SIMPLE_INSTRUMENT;BLOCK;EUR;13;0.40000000;10000;PRC_DECOMP_EXCHANGE;;;;XEUR;12745578;245;EXCHANGE
06.06.2025;08:25:22.820;BSN.O.250606.STG.000003;STANDARD_OPTION_STRATEGY;BLOCK;EUR;2;5.35000000;400;EXCHANGE_LAST;;1;1;XEUR;72058629125064527;241;
06.06.2025;08:25:22.820;BSN SI 20250919 PS AM P 68.00 0;SIMPLE_INSTRUMENT;BLOCK;EUR;2;0.72000000;400;PRC_DECOMP_MEMBER;;;;XEUR;11875278;241;MEMBER
06.06.2025;08:25:22.820;BSN SI 20250919 PS AM C 72.00 0;SIMPLE_INSTRUMENT;BLOCK;EUR;2;4.63000000;400;PRC_DECOMP_MEMBER;;;;XEUR;11875276;241;MEMBER
06.06.2025;09:16:39.105;C2BK SI 20250919 CS;SIMPLE_INSTRUMENT;BLOCK;EUR;8;0.65000000;100;EXCHANGE_LAST;;1;1;XEUR;12178566;949832;
06.06.2025;14:04:35.615;C3AR SI 20250919 CS;SIMPLE_INSTRUMENT;BLOCK;EUR;49;0.92000000;1097;EXCHANGE_LAST;;1;1;XEUR;11353390;256;
06.06.2025;14:04:25.575;CARG.S.JUN25.SEP25.SPD;FUTURES_SPREAD;BLOCK;EUR;48;-0.06850000;11200;EXCHANGE_LAST;;1;1;XEUR;72058757974065327;271;
06.06.2025;14:04:25.575;CARG SI 20250919 CS;SIMPLE_INSTRUMENT;BLOCK;EUR;48;13.01850000;11200;PRC_DECOMP_MEMBER;;;;XEUR;11701619;271;MEMBER
06.06.2025;14:04:25.575;CARG SI 20250620 CS;SIMPLE_INSTRUMENT;BLOCK;EUR;48;12.95000000;11200;PRC_DECOMP_MEMBER;;;;XEUR;11171232;271;MEMBER
06.06.2025;10:52:35.949;CBK FI 20270319 CS EU P 20.0000 0;FLEXIBLE_INSTRUMENT;BLOCK;EUR;4;2.70000000;16720;EXCHANGE_LAST;;1;1;XEUR;1152922655658097414;268;
06.06.2025;10:52:47.303;CBK FI 20270319 CS EU C 20.0000 0;FLEXIBLE_INSTRUMENT;BLOCK;EUR;5;10.34000000;4400;EXCHANGE_LAST;;1;1;XEUR;1152922655658097415;268;
06.06.2025;15:29:13.610;CBK SI 20250718 PS AM P 26.00 0;SIMPLE_INSTRUMENT;BLOCK;EUR;7;0.58000000;2750;EXCHANGE_LAST;;1;2;XEUR;13238300;268;
06.06.2025;09:15:20.008;CBKH.S.JUN25.SEP25.SPD;FUTURES_SPREAD;BLOCK;EUR;7;-0.14250000;1150;EXCHANGE_LAST;;1;1;XEUR;72102218748134600;10390;
06.06.2025;09:15:20.008;CBKH SI 20250620 CS;SIMPLE_INSTRUMENT;BLOCK;EUR;7;27.65000000;1150;PRC_DECOMP_MEMBER;;;;XEUR;11192082;10390;MEMBER
06.06.2025;09:15:20.008;CBKH SI 20250919 CS;SIMPLE_INSTRUMENT;BLOCK;EUR;7;27.79250000;1150;PRC_DECOMP_MEMBER;;;;XEUR;11722374;10390;MEMBER
06.06.2025;07:55:04.583;CFR SI 20251219 PS AM P 92.00 0;SIMPLE_INSTRUMENT;BLOCK;CHF;3;1.22000000;400;EXCHANGE_LAST;;1;1;XEUR;9996462;313;
06.06.2025;07:55:04.644;CFR SI 20260619 PS AM P 120.00 0;SIMPLE_INSTRUMENT;BLOCK;CHF;4;7.15000000;400;EXCHANGE_LAST;;1;1;XEUR;9996425;313;
06.06.2025;14:17:39.984;CFRE.O.250606.COMBO.000003;STANDARD_OPTION_STRATEGY;BLOCK;CHF;23;1.20000000;500;EXCHANGE_LAST;;1;1;XEUR;72728162986893724;156129;
06.06.2025;14:17:39.984;CFRE SI 20251219 PS EU C 160.00 0;SIMPLE_INSTRUMENT;BLOCK;CHF;23;8.31000000;500;PRC_DECOMP_EXCHANGE;;;;XEUR;9998122;156129;EXCHANGE
06.06.2025;14:17:39.984;CFRE SI 20251219 PS EU P 140.00 0;SIMPLE_INSTRUMENT;BLOCK;CHF;23;9.51000000;500;PRC_DECOMP_EXCHANGE;;;;XEUR;9998117;156129;EXCHANGE
06.06.2025;14:30:30.296;CRI5 SI 20250814 PS AM P 51.00 0;SIMPLE_INSTRUMENT;BLOCK;EUR;9;0.89150000;1621;EXCHANGE_LAST;;1;1;XEUR;13397509;320;
06.06.2025;14:30:35.599;CRI5 SI 20250814 PS AM P 51.00 0;SIMPLE_INSTRUMENT;BLOCK;EUR;10;0.89200000;1274;EXCHANGE_LAST;;1;1;XEUR;13397509;320;
06.06.2025;14:02:56.481;D4BK SI 20261218 CS;SIMPLE_INSTRUMENT;BLOCK;EUR;47;0.97000000;1020;EXCHANGE_LAST;;1;2;XEUR;4632322;51565;
06.06.2025;08:17:06.407;DAI SI 20251219 PS AM C 64.00 0;SIMPLE_INSTRUMENT;BLOCK;EUR;4;0.76000000;5500;EXCHANGE_LAST;;3;2;XEUR;7423844;443196;
06.06.2025;08:41:11.942;DAI SI 20250620 PS AM C 54.00 0;SIMPLE_INSTRUMENT;BLOCK;EUR;8;0.27000000;750;EXCHANGE_LAST;;1;1;XEUR;13049932;443196;
06.06.2025;13:45:26.450;DAI SI 20250620 PS AM C 54.00 0;SIMPLE_INSTRUMENT;BLOCK;EUR;21;0.23000000;750;EXCHANGE_LAST;;1;1;XEUR;13049932;443196;
06.06.2025;14:02:07.405;DAI SI 20250620 PS AM C 54.00 0;SIMPLE_INSTRUMENT;BLOCK;EUR;24;0.24000000;1396;EXCHANGE_LAST;;1;1;XEUR;13049932;443196;
06.06.2025;14:48:00.694;DAI.O.250606.BUL.000007;STANDARD_OPTION_STRATEGY;BLOCK;EUR;27;0.48000000;1000;EXCHANGE_LAST;;1;1;XEUR;73961106363666825;443196;
06.06.2025;14:48:00.694;DAI SI 20250620 PS AM C 54.00 0;SIMPLE_INSTRUMENT;BLOCK;EUR;27;0.29000000;1000;PRC_DECOMP_EXCHANGE;;;;XEUR;13049932;443196;EXCHANGE
06.06.2025;14:48:00.694;DAI SI 20250620 PS AM C 52.00 0;SIMPLE_INSTRUMENT;BLOCK;EUR;27;0.77000000;1000;PRC_DECOMP_EXCHANGE;;;;XEUR;7934269;443196;EXCHANGE
06.06.2025;12:44:33.832;DAIG.S.JUN25.SEP25.SPD;FUTURES_SPREAD;BLOCK;EUR;41;-0.28120000;6000;EXCHANGE_LAST;;1;1;XEUR;73961136428417134;443203;
06.06.2025;12:44:33.832;DAIG SI 20250919 CS;SIMPLE_INSTRUMENT;BLOCK;EUR;41;51.88130000;6000;PRC_DECOMP_EXCHANGE;;;;XEUR;11738579;443203;EXCHANGE
06.06.2025;12:44:33.832;DAIG SI 20250620 CS;SIMPLE_INSTRUMENT;BLOCK;EUR;41;51.60010000;6000;PRC_DECOMP_EXCHANGE;;;;XEUR;11207841;443203;EXCHANGE
06.06.2025;14:07:48.072;DAIG SI 20250620 CS;SIMPLE_INSTRUMENT;BLOCK;EUR;50;51.69300000;950;EXCHANGE_LAST;;1;1;XEUR;11207841;443203;
06.06.2025;14:50:53.513;DAIG.S.JUN25.SEP25.SPD;FUTURES_SPREAD;BLOCK;EUR;56;-0.28120000;5000;EXCHANGE_LAST;;1;2;XEUR;73961136428417134;443203;
06.06.2025;14:50:53.513;DAIG SI 20250919 CS;SIMPLE_INSTRUMENT;BLOCK;EUR;56;51.93120000;5000;PRC_DECOMP_MEMBER;;;;XEUR;11738579;443203;MEMBER
06.06.2025;14:50:53.513;DAIG SI 20250620 CS;SIMPLE_INSTRUMENT;BLOCK;EUR;56;51.65000000;5000;PRC_DECOMP_MEMBER;;;;XEUR;11207841;443203;MEMBER
06.06.2025;12:15:31.576;DIEH SI 20250620 CS;SIMPLE_INSTRUMENT;BLOCK;EUR;34;179.49080000;1250;EXCHANGE_LAST;;1;1;XEUR;12865994;1046762;
06.06.2025;12:32:08.223;DTE SI 20251219 PS AM P 30.00 0;SIMPLE_INSTRUMENT;BLOCK;EUR;8;0.59000000;2000;EXCHANGE_LAST;;1;1;XEUR;12052911;424;
06.06.2025;14:02:46.521;DTEF SI 20250919 CS;SIMPLE_INSTRUMENT;BLOCK;EUR;46;34.35250000;4000;EXCHANGE_LAST;;1;1;XEUR;11703581;430;
06.06.2025;15:03:29.899;DTEF SI 20250620 CS;SIMPLE_INSTRUMENT;BLOCK;EUR;58;33.80900000;9000;EXCHANGE_LAST;;1;1;XEUR;11173145;430;
06.06.2025;14:50:38.246;DUFF SI 20250919 CS;SIMPLE_INSTRUMENT;BLOCK;CHF;55;43.51000000;250;EXCHANGE_LAST;;1;1;XEUR;11730755;156160;
06.06.2025;15:18:07.620;E2NL SI 20250919 CS;SIMPLE_INSTRUMENT;BLOCK;EUR;60;0.47000000;1760;EXCHANGE_LAST;;1;1;XEUR;11357671;471;
06.06.2025;09:34:17.662;E2NT SI 20250620 CS;SIMPLE_INSTRUMENT;BLOCK;EUR;16;0.50000000;2648;EXCHANGE_LAST;;1;1;XEUR;10837409;470;
06.06.2025;09:36:51.219;E2NT SI 20291221 CS;SIMPLE_INSTRUMENT;BLOCK;EUR;18;0.74000000;2300;EXCHANGE_LAST;;1;1;XEUR;8378976;470;
06.06.2025;15:30:31.656;E2NT SI 20261218 CS;SIMPLE_INSTRUMENT;BLOCK;EUR;67;0.99500000;1000;EXCHANGE_LAST;;1;1;XEUR;4632357;470;
06.06.2025;07:43:11.922;EAD SI 20250620 PS AM C 174.00 0;SIMPLE_INSTRUMENT;BLOCK;EUR;1;1.03000000;892;EXCHANGE_LAST;;1;1;XEUR;13409873;465;
06.06.2025;15:17:39.472;ENLH SI 20250918 CS;SIMPLE_INSTRUMENT;BLOCK;EUR;59;7.85000000;4000;EXCHANGE_LAST;;1;1;XEUR;11694243;524976;
06.06.2025;09:07:06.392;ENR SI 20250718 PS AM C 94.00 0;SIMPLE_INSTRUMENT;BLOCK;EUR;2;3.85000000;1500;EXCHANGE_LAST;;1;1;XEUR;13335304;298530;
06.06.2025;10:08:28.725;ENR SI 20250718 PS AM C 94.00 0;SIMPLE_INSTRUMENT;BLOCK;EUR;3;3.90000000;750;EXCHANGE_LAST;;2;1;XEUR;13335304;298530;
06.06.2025;10:21:35.385;ENR SI 20250718 PS AM C 94.00 0;SIMPLE_INSTRUMENT;BLOCK;EUR;4;3.90000000;1000;EXCHANGE_LAST;;1;1;XEUR;13335304;298530;
06.06.2025;10:38:48.639;ENR SI 20251219 PS AM C 96.00 0;SIMPLE_INSTRUMENT;BLOCK;EUR;5;11.00000000;750;EXCHANGE_LAST;;1;2;XEUR;12778147;298530;
06.06.2025;09:34:14.612;ENTH SI 20250619 CS;SIMPLE_INSTRUMENT;BLOCK;EUR;15;13.25040000;6000;EXCHANGE_LAST;;1;1;XEUR;11165310;524973;
06.06.2025;12:48:01.883;ESL SI 20250718 PS AM C 255.00 0;SIMPLE_INSTRUMENT;BLOCK;EUR;17;4.90000000;250;EXCHANGE_LAST;;1;1;XEUR;13241315;481;
06.06.2025;09:24:57.808;F3IA SI 20261218 CS;SIMPLE_INSTRUMENT;BLOCK;EUR;12;0.40000000;762;EXCHANGE_LAST;;1;1;XEUR;6830373;390387;
06.06.2025;09:44:51.080;F3IA SI 20261218 CS;SIMPLE_INSTRUMENT;BLOCK;EUR;17;0.40000000;850;EXCHANGE_LAST;;1;1;XEUR;6830373;390387;
06.06.2025;09:48:46.423;F3IA SI 20261218 CS;SIMPLE_INSTRUMENT;BLOCK;EUR;21;0.40000000;500;EXCHANGE_LAST;;1;1;XEUR;6830373;390387;
06.06.2025;11:02:47.392;F3IA SI 20261218 CS;SIMPLE_INSTRUMENT;BLOCK;EUR;29;0.40000000;250;EXCHANGE_LAST;;1;1;XEUR;6830373;390387;
06.06.2025;07:53:47.841;FBTP SI 20250908 PS;SIMPLE_INSTRUMENT;BLOCK;EUR;1;120.85000000;282;EXCHANGE_LAST;;1;1;XEUR;12372474;636;
06.06.2025;08:30:05.153;FBTP SI 20250908 PS;SIMPLE_INSTRUMENT;EFP_FIN;EUR;2;120.92000000;806;EXCHANGE_LAST;;1;1;XEUR;12372474;636;
06.06.2025;08:34:08.156;FBTP SI 20250908 PS;SIMPLE_INSTRUMENT;EFP_FIN;EUR;3;120.88000000;1107;EXCHANGE_LAST;;1;1;XEUR;12372474;636;
06.06.2025;08:38:51.497;FBTP SI 20250908 PS;SIMPLE_INSTRUMENT;BLOCK;EUR;4;120.85000000;1940;EXCHANGE_LAST;;1;1;XEUR;12372474;636;
06.06.2025;08:47:37.346;FBTP SI 20250908 PS;SIMPLE_INSTRUMENT;EFP_FIN;EUR;5;120.90000000;516;EXCHANGE_LAST;;1;1;XEUR;12372474;636;
06.06.2025;09:12:30.392;FBTP SI 20250908 PS;SIMPLE_INSTRUMENT;EFP_FIN;EUR;6;120.87000000;481;EXCHANGE_LAST;;1;1;XEUR;12372474;636;
06.06.2025;09:23:29.619;FBTP SI 20250908 PS;SIMPLE_INSTRUMENT;EFP_FIN;EUR;7;120.75000000;481;EXCHANGE_LAST;;1;1;XEUR;12372474;636;
06.06.2025;09:24:00.381;FBTP SI 20250908 PS;SIMPLE_INSTRUMENT;EFP_FIN;EUR;8;120.75000000;115;EXCHANGE_LAST;;1;1;XEUR;12372474;636;
06.06.2025;09:30:43.639;FBTP SI 20250908 PS;SIMPLE_INSTRUMENT;EFP_FIN;EUR;9;120.86000000;990;EXCHANGE_LAST;;1;1;XEUR;12372474;636;
06.06.2025;09:38:36.094;FBTP SI 20250908 PS;SIMPLE_INSTRUMENT;EFP_FIN;EUR;10;120.85000000;590;EXCHANGE_LAST;;1;1;XEUR;12372474;636;
06.06.2025;09:45:56.279;FBTP SI 20250908 PS;SIMPLE_INSTRUMENT;EFP_FIN;EUR;11;120.85000000;430;EXCHANGE_LAST;;1;1;XEUR;12372474;636;
06.06.2025;10:10:58.888;FBTP SI 20250908 PS;SIMPLE_INSTRUMENT;EFP_FIN;EUR;12;120.86000000;548;EXCHANGE_LAST;;1;1;XEUR;12372474;636;
06.06.2025;10:44:44.340;FBTP SI 20250908 PS;SIMPLE_INSTRUMENT;EFP_FIN;EUR;13;120.87000000;185;EXCHANGE_LAST;;1;1;XEUR;12372474;636;
06.06.2025;11:08:42.018;FBTP SI 20250908 PS;SIMPLE_INSTRUMENT;EFP_FIN;EUR;14;120.79000000;462;EXCHANGE_LAST;;1;1;XEUR;12372474;636;
06.06.2025;11:23:49.709;FBTP SI 20250908 PS;SIMPLE_INSTRUMENT;EFP_FIN;EUR;15;120.82000000;712;EXCHANGE_LAST;;1;1;XEUR;12372474;636;
06.06.2025;11:26:45.142;FBTP SI 20250908 PS;SIMPLE_INSTRUMENT;EFP_FIN;EUR;16;120.81000000;932;EXCHANGE_LAST;;1;1;XEUR;12372474;636;
06.06.2025;11:31:52.833;FBTP SI 20250908 PS;SIMPLE_INSTRUMENT;EFP_FIN;EUR;17;120.83000000;370;EXCHANGE_LAST;;1;1;XEUR;12372474;636;
06.06.2025;11:38:29.212;FBTP SI 20250908 PS;SIMPLE_INSTRUMENT;BLOCK;EUR;18;120.82000000;384;EXCHANGE_LAST;;1;1;XEUR;12372474;636;
06.06.2025;12:19:49.152;FBTP SI 20250908 PS;SIMPLE_INSTRUMENT;EFP_FIN;EUR;19;120.86000000;274;EXCHANGE_LAST;;1;1;XEUR;12372474;636;
06.06.2025;12:25:05.612;FBTP SI 20250908 PS;SIMPLE_INSTRUMENT;EFP_FIN;EUR;20;120.95000000;2151;EXCHANGE_LAST;;1;1;XEUR;12372474;636;
06.06.2025;12:33:43.155;FBTP SI 20250908 PS;SIMPLE_INSTRUMENT;EFP_FIN;EUR;21;120.95000000;430;EXCHANGE_LAST;;1;1;XEUR;12372474;636;
06.06.2025;12:34:28.530;FBTP SI 20250908 PS;SIMPLE_INSTRUMENT;EFP_FIN;EUR;22;120.95000000;430;EXCHANGE_LAST;;1;1;XEUR;12372474;636;
06.06.2025;12:44:27.833;FBTP SI 20250908 PS;SIMPLE_INSTRUMENT;EFP_FIN;EUR;23;120.88000000;78;EXCHANGE_LAST;;1;1;XEUR;12372474;636;
06.06.2025;12:52:24.118;FBTP SI 20250908 PS;SIMPLE_INSTRUMENT;EFP_FIN;EUR;24;120.88000000;78;EXCHANGE_LAST;;1;1;XEUR;12372474;636;
06.06.2025;12:54:10.793;FBTP SI 20250908 PS;SIMPLE_INSTRUMENT;EFP_FIN;EUR;25;120.88000000;78;EXCHANGE_LAST;;1;1;XEUR;12372474;636;
06.06.2025;12:56:49.699;FBTP SI 20250908 PS;SIMPLE_INSTRUMENT;EFP_FIN;EUR;26;120.88000000;206;EXCHANGE_LAST;;1;1;XEUR;12372474;636;
06.06.2025;13:27:45.496;FBTP SI 20250908 PS;SIMPLE_INSTRUMENT;BLOCK;EUR;27;120.71000000;1435;EXCHANGE_LAST;;1;1;XEUR;12372474;636;
06.06.2025;13:38:12.681;FBTP SI 20250908 PS;SIMPLE_INSTRUMENT;EFP_FIN;EUR;28;120.70000000;118;EXCHANGE_LAST;;1;1;XEUR;12372474;636;
06.06.2025;14:34:55.323;FBTP SI 20250908 PS;SIMPLE_INSTRUMENT;EFP_FIN;EUR;29;120.75000000;860;EXCHANGE_LAST;;1;1;XEUR;12372474;636;
06.06.2025;14:48:24.100;FBTP SI 20250908 PS;SIMPLE_INSTRUMENT;EFP_FIN;EUR;30;120.73000000;848;EXCHANGE_LAST;;1;1;XEUR;12372474;636;
06.06.2025;15:05:59.144;FBTP SI 20250908 PS;SIMPLE_INSTRUMENT;EFP_FIN;EUR;31;120.71000000;934;EXCHANGE_LAST;;1;1;XEUR;12372474;636;
06.06.2025;15:19:31.522;FBTP SI 20250908 PS;SIMPLE_INSTRUMENT;EFP_FIN;EUR;32;120.71000000;213;EXCHANGE_LAST;;1;1;XEUR;12372474;636;
06.06.2025;15:21:44.446;FBTP SI 20250908 PS;SIMPLE_INSTRUMENT;EFP_FIN;EUR;33;120.71000000;156;EXCHANGE_LAST;;1;1;XEUR;12372474;636;
06.06.2025;15:54:23.122;FBTP SI 20250908 PS;SIMPLE_INSTRUMENT;EFS;EUR;34;120.76000000;451;EXCHANGE_LAST;;1;1;XEUR;12372474;636;
06.06.2025;07:20:56.763;FBTS SI 20250908 PS;SIMPLE_INSTRUMENT;EFP_FIN;EUR;2;107.92000000;254;EXCHANGE_LAST;;1;1;XEUR;12372476;639;
06.06.2025;08:25:48.977;FBTS SI 20250908 PS;SIMPLE_INSTRUMENT;EFP_FIN;EUR;8;107.93000000;188;EXCHANGE_LAST;;1;1;XEUR;12372476;639;
06.06.2025;08:40:43.033;FBTS SI 20250908 PS;SIMPLE_INSTRUMENT;EFP_FIN;EUR;9;107.94000000;937;EXCHANGE_LAST;;1;1;XEUR;12372476;639;
06.06.2025;12:44:57.416;FBTS SI 20250908 PS;SIMPLE_INSTRUMENT;EFP_FIN;EUR;19;107.94000000;2344;EXCHANGE_LAST;;1;1;XEUR;12372476;639;
06.06.2025;13:40:02.821;FBTS SI 20250908 PS;SIMPLE_INSTRUMENT;EFP_FIN;EUR;26;107.91000000;1062;EXCHANGE_LAST;;1;1;XEUR;12372476;639;
06.06.2025;13:41:46.875;FBTS SI 20250908 PS;SIMPLE_INSTRUMENT;EFP_FIN;EUR;27;107.90000000;1028;EXCHANGE_LAST;;1;1;XEUR;12372476;639;
06.06.2025;14:26:10.984;FBTS SI 20250908 PS;SIMPLE_INSTRUMENT;BLOCK;EUR;31;107.88000000;1194;EXCHANGE_LAST;;1;1;XEUR;12372476;639;
06.06.2025;14:39:28.519;FBTS SI 20250908 PS;SIMPLE_INSTRUMENT;EFP_FIN;EUR;33;107.88000000;1785;EXCHANGE_LAST;;1;1;XEUR;12372476;639;
06.06.2025;14:54:43.032;FBTS SI 20250908 PS;SIMPLE_INSTRUMENT;EFP_FIN;EUR;35;107.89000000;2677;EXCHANGE_LAST;;1;1;XEUR;12372476;639;
06.06.2025;15:05:01.451;FBTS SI 20250908 PS;SIMPLE_INSTRUMENT;EFP_FIN;EUR;37;107.89000000;297;EXCHANGE_LAST;;1;1;XEUR;12372476;639;
06.06.2025;15:11:14.535;FBTS SI 20250908 PS;SIMPLE_INSTRUMENT;EFP_FIN;EUR;41;107.88000000;297;EXCHANGE_LAST;;1;1;XEUR;12372476;639;
06.06.2025;15:23:03.069;FCEU SI 20250616 PS;SIMPLE_INSTRUMENT;BLOCK;USD;1;1.13943000;61;EXCHANGE_LAST;;1;1;XEUR;7879022;369376;
06.06.2025;07:18:10.368;FCPR SI 20250926 CS;SIMPLE_INSTRUMENT;BLOCK;USD;5;328.54000000;1489;EXCHANGE_LAST;;1;1;XEUR;11993443;587;
06.06.2025;07:18:23.335;FCPR SI 20250926 CS;SIMPLE_INSTRUMENT;BLOCK;USD;6;328.55000000;15;EXCHANGE_LAST;;1;1;XEUR;11993443;587;
06.06.2025;09:36:10.306;FD3D SI 20261218 CS;SIMPLE_INSTRUMENT;BLOCK;EUR;5;113.30000000;500;EXCHANGE_LAST;;1;1;XEUR;7158183;588;
06.06.2025;12:54:44.332;FD3D SI 20261218 CS;SIMPLE_INSTRUMENT;BLOCK;EUR;16;113.20000000;300;EXCHANGE_LAST;;1;1;XEUR;7158183;588;
06.06.2025;13:10:11.042;FD3D SI 20261218 CS;SIMPLE_INSTRUMENT;BLOCK;EUR;18;113.20000000;100;EXCHANGE_LAST;;1;1;XEUR;7158183;588;
06.06.2025;15:41:59.739;FDAX SI 20250620 CS;SIMPLE_INSTRUMENT;EFP_IDX;EUR;1;24320.00000000;100;EXCHANGE_LAST;;1;1;XEUR;7903800;589;
06.06.2025;15:54:26.259;FDAX SI 20250620 CS;SIMPLE_INSTRUMENT;EFP_IDX;EUR;2;24323.00000000;14;EXCHANGE_LAST;;1;1;XEUR;7903800;589;
06.06.2025;15:54:36.000;FDAX SI 20250620 CS;SIMPLE_INSTRUMENT;EFP_IDX;EUR;3;24324.00000000;11;EXCHANGE_LAST;;1;1;XEUR;7903800;589;
06.06.2025;15:54:49.878;FDAX SI 20250620 CS;SIMPLE_INSTRUMENT;EFP_IDX;EUR;4;24323.00000000;24;EXCHANGE_LAST;;1;1;XEUR;7903800;589;
06.06.2025;15:55:00.776;FDAX SI 20250620 CS;SIMPLE_INSTRUMENT;EFP_IDX;EUR;5;24324.00000000;21;EXCHANGE_LAST;;1;1;XEUR;7903800;589;
06.06.2025;10:33:33.837;FDAX SI 20250620 CS;SIMPLE_INSTRUMENT;VOLA;EUR;671088651;24300.00000000;25;EXCHANGE_LAST;;1;1;XEUR;7903800;589;
06.06.2025;10:35:23.179;FDAX SI 20250620 CS;SIMPLE_INSTRUMENT;VOLA;EUR;671088652;24300.00000000;6;EXCHANGE_LAST;;1;1;XEUR;7903800;589;
06.06.2025;13:22:14.325;FDAX SI 20250620 CS;SIMPLE_INSTRUMENT;VOLA;EUR;671088662;24318.00000000;23;EXCHANGE_LAST;;1;1;XEUR;7903800;589;
06.06.2025;13:22:16.370;FDAX SI 20250620 CS;SIMPLE_INSTRUMENT;VOLA;EUR;671088663;24318.00000000;12;EXCHANGE_LAST;;1;1;XEUR;7903800;589;
06.06.2025;15:09:57.640;FDAX SI 20250620 CS;SIMPLE_INSTRUMENT;VOLA;EUR;671088667;24330.00000000;10;EXCHANGE_LAST;;1;1;XEUR;7903800;589;
06.06.2025;08:52:37.548;FEBD SI 20261218 CS;SIMPLE_INSTRUMENT;BLOCK;EUR;2;10.60000000;629;EXCHANGE_LAST;;1;2;XEUR;7158212;597;
06.06.2025;09:03:26.001;FEBD SI 20271217 CS;SIMPLE_INSTRUMENT;BLOCK;EUR;3;9.77000000;500;EXCHANGE_LAST;;1;1;XEUR;7776307;597;
06.06.2025;10:28:37.746;FEBD SI 20271217 CS;SIMPLE_INSTRUMENT;BLOCK;EUR;10;9.77000000;500;EXCHANGE_LAST;;1;1;XEUR;7776307;597;
06.06.2025;11:57:25.753;FEBD SI 20251219 CS;SIMPLE_INSTRUMENT;BLOCK;EUR;13;11.28000000;1096;EXCHANGE_LAST;;1;1;XEUR;5914075;597;
06.06.2025;13:59:23.864;FEBD SI 20261218 CS;SIMPLE_INSTRUMENT;BLOCK;EUR;21;10.66000000;500;EXCHANGE_LAST;;1;1;XEUR;7158212;597;
06.06.2025;07:14:42.618;FESB SI 20250620 CS;SIMPLE_INSTRUMENT;BLOCK;EUR;41;203.20000000;7041;EXCHANGE_LAST;;1;1;XEUR;11880665;605;
06.06.2025;09:54:54.449;FESB SI 20250620 CS;SIMPLE_INSTRUMENT;BLOCK;EUR;75;202.90000000;2520;EXCHANGE_LAST;;1;1;XEUR;11880665;605;
06.06.2025;14:48:19.272;FESB SI 20250620 CS;SIMPLE_INSTRUMENT;BLOCK;EUR;88;204.00000000;10000;EXCHANGE_LAST;;1;1;XEUR;11880665;605;
06.06.2025;15:50:13.989;FESB SI 20250620 CS;SIMPLE_INSTRUMENT;EFP_IDX;EUR;95;204.35000000;400;EXCHANGE_LAST;;1;1;XEUR;11880665;605;
06.06.2025;15:50:36.277;FESB SI 20250620 CS;SIMPLE_INSTRUMENT;EFP_IDX;EUR;96;204.30000000;1600;EXCHANGE_LAST;;1;1;XEUR;11880665;605;
06.06.2025;15:50:50.247;FESB SI 20250620 CS;SIMPLE_INSTRUMENT;EFP_IDX;EUR;97;204.35000000;600;EXCHANGE_LAST;;1;1;XEUR;11880665;605;
06.06.2025;15:51:11.174;FESB SI 20250620 CS;SIMPLE_INSTRUMENT;EFP_IDX;EUR;98;204.30000000;2400;EXCHANGE_LAST;;1;1;XEUR;11880665;605;
06.06.2025;15:50:46.967;FESB SI 20250620 CS;SIMPLE_INSTRUMENT;EFP_IDX;EUR;99;204.35000000;600;EXCHANGE_LAST;;1;1;XEUR;11880665;605;
06.06.2025;15:50:38.933;FESB SI 20250620 CS;SIMPLE_INSTRUMENT;EFP_IDX;EUR;100;204.30000000;2400;EXCHANGE_LAST;;1;1;XEUR;11880665;605;
06.06.2025;07:58:47.148;FESB SI 20250620 CS;SIMPLE_INSTRUMENT;VOLA;EUR;603979780;203.80000000;300;EXCHANGE_LAST;;1;1;XEUR;11880665;605;
06.06.2025;16:02:52.680;FESB SI 20250620 CS;SIMPLE_INSTRUMENT;VOLA;EUR;603979825;204.75000000;300;EXCHANGE_LAST;;1;1;XEUR;11880665;605;
06.06.2025;10:02:48.621;FESX SI 20250620 CS;SIMPLE_INSTRUMENT;BLOCK;EUR;1;5411.00000000;2399;EXCHANGE_LAST;;1;1;XEUR;7904020;675;
06.06.2025;11:50:24.584;FESX SI 20250620 CS;SIMPLE_INSTRUMENT;BLOCK;EUR;2;5400.00000000;2970;EXCHANGE_LAST;;1;1;XEUR;7904020;675;
06.06.2025;15:41:31.336;FESX SI 20250620 CS;SIMPLE_INSTRUMENT;EFP_IDX;EUR;3;5430.00000000;150;EXCHANGE_LAST;;1;1;XEUR;7904020;675;
06.06.2025;15:41:37.674;FESX SI 20250620 CS;SIMPLE_INSTRUMENT;EFP_IDX;EUR;4;5431.00000000;180;EXCHANGE_LAST;;1;1;XEUR;7904020;675;
06.06.2025;15:52:53.675;FESX SI 20250620 CS;SIMPLE_INSTRUMENT;EFP_IDX;EUR;5;5431.00000000;202;EXCHANGE_LAST;;1;1;XEUR;7904020;675;
06.06.2025;15:52:59.849;FESX SI 20250620 CS;SIMPLE_INSTRUMENT;EFP_IDX;EUR;6;5430.00000000;168;EXCHANGE_LAST;;1;1;XEUR;7904020;675;
06.06.2025;15:54:15.805;FESX SI 20250620 CS;SIMPLE_INSTRUMENT;EFP_IDX;EUR;7;5431.00000000;136;EXCHANGE_LAST;;1;1;XEUR;7904020;675;
06.06.2025;15:52:10.681;FESX SI 20250620 CS;SIMPLE_INSTRUMENT;EFP_IDX;EUR;8;5430.00000000;114;EXCHANGE_LAST;;1;1;XEUR;7904020;675;
06.06.2025;08:32:51.864;FESX SI 20250620 CS;SIMPLE_INSTRUMENT;VOLA;EUR;637534235;5403.00000000;106;EXCHANGE_LAST;;1;1;XEUR;7904020;675;
06.06.2025;08:33:27.401;FESX SI 20250620 CS;SIMPLE_INSTRUMENT;VOLA;EUR;637534236;5403.00000000;105;EXCHANGE_LAST;;1;1;XEUR;7904020;675;
06.06.2025;08:36:13.551;FESX SI 20250620 CS;SIMPLE_INSTRUMENT;VOLA;EUR;637534240;5403.00000000;30;EXCHANGE_LAST;;1;1;XEUR;7904020;675;
06.06.2025;08:39:39.017;FESX SI 20250620 CS;SIMPLE_INSTRUMENT;VOLA;EUR;637534246;5405.00000000;20;EXCHANGE_LAST;;1;1;XEUR;7904020;675;
06.06.2025;09:43:35.644;FESX SI 20250620 CS;SIMPLE_INSTRUMENT;VOLA;EUR;637534260;5405.00000000;10;EXCHANGE_LAST;;1;1;XEUR;7904020;675;
06.06.2025;09:59:36.456;FESX SI 20250620 CS;SIMPLE_INSTRUMENT;VOLA;EUR;637534267;5400.00000000;460;EXCHANGE_LAST;;1;1;XEUR;7904020;675;
06.06.2025;10:01:12.569;FESX SI 20250620 CS;SIMPLE_INSTRUMENT;VOLA;EUR;637534269;5400.00000000;800;EXCHANGE_LAST;;1;1;XEUR;7904020;675;
06.06.2025;10:02:34.429;FESX SI 20250620 CS;SIMPLE_INSTRUMENT;VOLA;EUR;637534270;5400.00000000;120;EXCHANGE_LAST;;1;1;XEUR;7904020;675;
06.06.2025;12:50:37.560;FESX SI 20250620 CS;SIMPLE_INSTRUMENT;VOLA;EUR;637534307;5400.00000000;460;EXCHANGE_LAST;;1;1;XEUR;7904020;675;
06.06.2025;13:44:17.957;FESX SI 20250620 CS;SIMPLE_INSTRUMENT;VOLA;EUR;637534317;5430.00000000;350;EXCHANGE_LAST;;1;1;XEUR;7904020;675;
06.06.2025;14:44:43.599;FESX SI 20250620 CS;SIMPLE_INSTRUMENT;VOLA;EUR;637534331;5423.00000000;231;EXCHANGE_LAST;;1;1;XEUR;7904020;675;
06.06.2025;14:54:45.878;FESX SI 20250620 CS;SIMPLE_INSTRUMENT;VOLA;EUR;637534333;5425.00000000;230;EXCHANGE_LAST;;1;1;XEUR;7904020;675;
06.06.2025;16:36:50.209;FESX SI 20250620 CS;SIMPLE_INSTRUMENT;VOLA;EUR;637534356;5425.00000000;500;EXCHANGE_LAST;;1;1;XEUR;7904020;675;
06.06.2025;16:40:11.585;FESX SI 20250620 CS;SIMPLE_INSTRUMENT;VOLA;EUR;637534357;5425.00000000;465;EXCHANGE_LAST;;1;1;XEUR;7904020;675;
06.06.2025;06:59:24.724;FEU3 SI 20260615 CS;SIMPLE_INSTRUMENT;BLOCK;EUR;1;98.18000000;5000;EXCHANGE_LAST;;1;1;XEUR;5330262;702;
06.06.2025;08:11:15.688;FEXD.S.DEC27.DEC29.SPD;FUTURES_SPREAD;BLOCK;EUR;1;6.60000000;500;EXCHANGE_LAST;;1;2;XEUR;72060570450264170;693;
06.06.2025;08:11:15.688;FEXD SI 20291221 CS;SIMPLE_INSTRUMENT;BLOCK;EUR;1;145.50000000;500;PRC_DECOMP_MEMBER;;;;XEUR;4631968;693;MEMBER
06.06.2025;08:11:15.688;FEXD SI 20271217 CS;SIMPLE_INSTRUMENT;BLOCK;EUR;1;152.10000000;500;PRC_DECOMP_MEMBER;;;;XEUR;2848338;693;MEMBER
06.06.2025;12:33:13.575;FEXD SI 20271217 CS;SIMPLE_INSTRUMENT;BLOCK;EUR;14;152.00000000;120;EXCHANGE_LAST;;1;1;XEUR;2848338;693;
06.06.2025;12:33:19.575;FEXD SI 20271217 CS;SIMPLE_INSTRUMENT;BLOCK;EUR;15;152.10000000;120;EXCHANGE_LAST;;1;1;XEUR;2848338;693;
06.06.2025;13:11:32.455;FEXD SI 20261218 CS;SIMPLE_INSTRUMENT;BLOCK;EUR;19;156.70000000;800;EXCHANGE_LAST;;1;1;XEUR;2163053;693;
06.06.2025;13:11:52.764;FEXD SI 20291221 CS;SIMPLE_INSTRUMENT;BLOCK;EUR;20;146.00000000;800;EXCHANGE_LAST;;1;1;XEUR;4631968;693;
06.06.2025;14:40:44.939;FEXD SI 20271217 CS;SIMPLE_INSTRUMENT;BLOCK;EUR;22;152.30000000;300;EXCHANGE_LAST;;1;1;XEUR;2848338;693;
06.06.2025;14:43:53.464;FEXD SI 20261218 CS;SIMPLE_INSTRUMENT;BLOCK;EUR;23;156.60000000;500;EXCHANGE_LAST;;1;1;XEUR;2163053;693;
06.06.2025;14:44:15.199;FEXD SI 20281215 CS;SIMPLE_INSTRUMENT;BLOCK;EUR;24;148.90000000;500;EXCHANGE_LAST;;1;1;XEUR;3680985;693;
06.06.2025;15:29:26.635;FEXD SI 20261218 CS;SIMPLE_INSTRUMENT;BLOCK;EUR;25;156.60000000;500;EXCHANGE_LAST;;1;1;XEUR;2163053;693;
06.06.2025;15:29:40.803;FEXD SI 20281215 CS;SIMPLE_INSTRUMENT;BLOCK;EUR;26;148.90000000;500;EXCHANGE_LAST;;1;1;XEUR;3680985;693;
06.06.2025;07:19:03.254;FGBL SI 20250908 PS;SIMPLE_INSTRUMENT;EFS;EUR;1;130.44000000;250;EXCHANGE_LAST;;1;1;XEUR;12372482;688;
06.06.2025;07:30:23.967;FGBL SI 20250908 PS;SIMPLE_INSTRUMENT;EFS;EUR;2;130.58000000;243;EXCHANGE_LAST;;1;1;XEUR;12372482;688;
06.06.2025;07:31:01.970;FGBL SI 20250908 PS;SIMPLE_INSTRUMENT;EFS;EUR;3;130.57000000;631;EXCHANGE_LAST;;1;1;XEUR;12372482;688;
06.06.2025;07:31:47.203;FGBL SI 20250908 PS;SIMPLE_INSTRUMENT;EFS;EUR;4;130.43000000;1702;EXCHANGE_LAST;;1;1;XEUR;12372482;688;
06.06.2025;07:37:50.614;FGBL SI 20250908 PS;SIMPLE_INSTRUMENT;EFS;EUR;5;130.58000000;1262;EXCHANGE_LAST;;1;1;XEUR;12372482;688;
06.06.2025;07:43:58.528;FGBL SI 20250908 PS;SIMPLE_INSTRUMENT;EFS;EUR;7;130.51000000;243;EXCHANGE_LAST;;1;1;XEUR;12372482;688;
06.06.2025;07:44:22.637;FGBL SI 20250908 PS;SIMPLE_INSTRUMENT;EFS;EUR;8;130.63000000;130;EXCHANGE_LAST;;1;1;XEUR;12372482;688;
06.06.2025;07:46:20.932;FGBL SI 20250908 PS;SIMPLE_INSTRUMENT;EFS;EUR;9;130.61000000;849;EXCHANGE_LAST;;1;1;XEUR;12372482;688;
06.06.2025;07:49:36.620;FGBL SI 20250908 PS;SIMPLE_INSTRUMENT;EFS;EUR;10;130.63000000;300;EXCHANGE_LAST;;1;1;XEUR;12372482;688;
06.06.2025;07:51:49.032;FGBL SI 20250908 PS;SIMPLE_INSTRUMENT;EFS;EUR;11;130.63000000;1702;EXCHANGE_LAST;;1;1;XEUR;12372482;688;
06.06.2025;07:51:54.488;FGBL SI 20250908 PS;SIMPLE_INSTRUMENT;EFS;EUR;12;130.63000000;243;EXCHANGE_LAST;;1;1;XEUR;12372482;688;
06.06.2025;07:53:26.426;FGBL SI 20250908 PS;SIMPLE_INSTRUMENT;EFS;EUR;13;130.69000000;424;EXCHANGE_LAST;;1;1;XEUR;12372482;688;
06.06.2025;07:54:24.701;FGBL SI 20250908 PS;SIMPLE_INSTRUMENT;EFS;EUR;14;130.70000000;424;EXCHANGE_LAST;;1;1;XEUR;12372482;688;
06.06.2025;07:54:58.328;FGBL SI 20250908 PS;SIMPLE_INSTRUMENT;EFS;EUR;15;130.59000000;841;EXCHANGE_LAST;;1;1;XEUR;12372482;688;
06.06.2025;07:56:14.654;FGBL SI 20250908 PS;SIMPLE_INSTRUMENT;EFS;EUR;16;130.63000000;849;EXCHANGE_LAST;;1;1;XEUR;12372482;688;
06.06.2025;07:57:48.969;FGBL SI 20250908 PS;SIMPLE_INSTRUMENT;EFS;EUR;17;130.70000000;424;EXCHANGE_LAST;;1;1;XEUR;12372482;688;
06.06.2025;07:58:27.642;FGBL SI 20250908 PS;SIMPLE_INSTRUMENT;EFS;EUR;18;130.70000000;238;EXCHANGE_LAST;;1;1;XEUR;12372482;688;
06.06.2025;08:16:29.517;FGBL SI 20250908 PS;SIMPLE_INSTRUMENT;EFS;EUR;19;130.71000000;267;EXCHANGE_LAST;;1;1;XEUR;12372482;688;
06.06.2025;08:17:32.149;FGBL SI 20250908 PS;SIMPLE_INSTRUMENT;EFS;EUR;20;130.63000000;975;EXCHANGE_LAST;;1;1;XEUR;12372482;688;
06.06.2025;08:22:41.129;FGBL SI 20250908 PS;SIMPLE_INSTRUMENT;EFP_FIN;EUR;21;130.72000000;1486;EXCHANGE_LAST;;1;1;XEUR;12372482;688;
06.06.2025;08:23:16.191;FGBL SI 20250908 PS;SIMPLE_INSTRUMENT;EFS;EUR;22;130.71000000;300;EXCHANGE_LAST;;1;1;XEUR;12372482;688;
06.06.2025;08:23:32.252;FGBL SI 20250908 PS;SIMPLE_INSTRUMENT;EFS;EUR;23;130.71000000;300;EXCHANGE_LAST;;1;1;XEUR;12372482;688;
06.06.2025;08:27:13.044;FGBL SI 20250908 PS;SIMPLE_INSTRUMENT;EFS;EUR;24;130.71000000;193;EXCHANGE_LAST;;1;1;XEUR;12372482;688;
06.06.2025;08:41:46.099;FGBL SI 20250908 PS;SIMPLE_INSTRUMENT;BLOCK;EUR;25;130.71000000;3863;EXCHANGE_LAST;;1;1;XEUR;12372482;688;
06.06.2025;08:33:10.634;FGBL SI 20250908 PS;SIMPLE_INSTRUMENT;EFS;EUR;26;130.70000000;242;EXCHANGE_LAST;;1;1;XEUR;12372482;688;
06.06.2025;08:37:59.129;FGBL SI 20250908 PS;SIMPLE_INSTRUMENT;EFS;EUR;27;130.69000000;210;EXCHANGE_LAST;;1;1;XEUR;12372482;688;
06.06.2025;08:37:59.173;FGBL SI 20250908 PS;SIMPLE_INSTRUMENT;EFS;EUR;28;130.69000000;210;EXCHANGE_LAST;;1;1;XEUR;12372482;688;
06.06.2025;08:44:39.391;FGBL SI 20250908 PS;SIMPLE_INSTRUMENT;EFS;EUR;29;130.72000000;420;EXCHANGE_LAST;;1;1;XEUR;12372482;688;
06.06.2025;08:45:49.711;FGBL SI 20250908 PS;SIMPLE_INSTRUMENT;EFP_FIN;EUR;30;130.68000000;1417;EXCHANGE_LAST;;1;1;XEUR;12372482;688;
06.06.2025;08:53:13.130;FGBL SI 20250908 PS;SIMPLE_INSTRUMENT;EFS;EUR;31;130.76000000;840;EXCHANGE_LAST;;1;1;XEUR;12372482;688;
06.06.2025;08:53:43.878;FGBL SI 20250908 PS;SIMPLE_INSTRUMENT;EFP_FIN;EUR;32;130.75000000;944;EXCHANGE_LAST;;1;1;XEUR;12372482;688;
06.06.2025;08:55:20.116;FGBL SI 20250908 PS;SIMPLE_INSTRUMENT;EFS;EUR;33;130.76000000;212;EXCHANGE_LAST;;1;1;XEUR;12372482;688;
06.06.2025;09:07:53.917;FGBL SI 20250908 PS;SIMPLE_INSTRUMENT;EFP_FIN;EUR;34;130.68000000;770;EXCHANGE_LAST;;1;1;XEUR;12372482;688;
06.06.2025;09:11:11.594;FGBL SI 20250908 PS;SIMPLE_INSTRUMENT;EFS;EUR;35;130.71000000;420;EXCHANGE_LAST;;1;1;XEUR;12372482;688;
06.06.2025;09:11:46.625;FGBL SI 20250908 PS;SIMPLE_INSTRUMENT;EFS;EUR;36;130.71000000;420;EXCHANGE_LAST;;1;1;XEUR;12372482;688;
06.06.2025;09:11:56.635;FGBL SI 20250908 PS;SIMPLE_INSTRUMENT;EFS;EUR;37;130.71000000;210;EXCHANGE_LAST;;1;1;XEUR;12372482;688;
06.06.2025;09:12:41.688;FGBL SI 20250908 PS;SIMPLE_INSTRUMENT;EFS;EUR;38;130.71000000;210;EXCHANGE_LAST;;1;1;XEUR;12372482;688;
06.06.2025;09:15:33.815;FGBL SI 20250908 PS;SIMPLE_INSTRUMENT;EFS;EUR;39;130.70000000;100;EXCHANGE_LAST;;1;1;XEUR;12372482;688;
06.06.2025;09:18:19.444;FGBL SI 20250908 PS;SIMPLE_INSTRUMENT;EFS;EUR;40;130.62000000;420;EXCHANGE_LAST;;1;1;XEUR;12372482;688;
06.06.2025;09:19:08.283;FGBL SI 20250908 PS;SIMPLE_INSTRUMENT;EFS;EUR;41;130.62000000;420;EXCHANGE_LAST;;1;1;XEUR;12372482;688;
06.06.2025;09:20:47.588;FGBL SI 20250908 PS;SIMPLE_INSTRUMENT;EFS;EUR;42;130.69000000;420;EXCHANGE_LAST;;1;1;XEUR;12372482;688;
06.06.2025;09:21:21.495;FGBL SI 20250908 PS;SIMPLE_INSTRUMENT;EFS;EUR;43;130.69000000;294;EXCHANGE_LAST;;1;1;XEUR;12372482;688;
06.06.2025;09:21:50.181;FGBL SI 20250908 PS;SIMPLE_INSTRUMENT;EFS;EUR;44;130.75000000;1062;EXCHANGE_LAST;;1;1;XEUR;12372482;688;
06.06.2025;09:22:21.722;FGBL SI 20250908 PS;SIMPLE_INSTRUMENT;EFS;EUR;45;130.70000000;816;EXCHANGE_LAST;;1;1;XEUR;12372482;688;
06.06.2025;09:22:31.737;FGBL SI 20250908 PS;SIMPLE_INSTRUMENT;EFS;EUR;46;130.72000000;420;EXCHANGE_LAST;;1;1;XEUR;12372482;688;
06.06.2025;09:25:40.248;FGBL SI 20250908 PS;SIMPLE_INSTRUMENT;EFS;EUR;47;130.67000000;420;EXCHANGE_LAST;;1;1;XEUR;12372482;688;
06.06.2025;09:27:18.064;FGBL SI 20250908 PS;SIMPLE_INSTRUMENT;EFP_FIN;EUR;48;130.68000000;385;EXCHANGE_LAST;;1;1;XEUR;12372482;688;
06.06.2025;09:30:58.236;FGBL SI 20250908 PS;SIMPLE_INSTRUMENT;EFS;EUR;49;130.70000000;420;EXCHANGE_LAST;;1;1;XEUR;12372482;688;
06.06.2025;09:32:15.011;FGBL SI 20250908 PS;SIMPLE_INSTRUMENT;EFS;EUR;50;130.71000000;420;EXCHANGE_LAST;;1;1;XEUR;12372482;688;
06.06.2025;09:33:13.342;FGBL SI 20250908 PS;SIMPLE_INSTRUMENT;EFS;EUR;51;130.70000000;420;EXCHANGE_LAST;;1;1;XEUR;12372482;688;
06.06.2025;09:33:48.193;FGBL SI 20250908 PS;SIMPLE_INSTRUMENT;EFS;EUR;52;130.70000000;420;EXCHANGE_LAST;;1;1;XEUR;12372482;688;
06.06.2025;09:34:36.210;FGBL SI 20250908 PS;SIMPLE_INSTRUMENT;EFS;EUR;53;130.62000000;420;EXCHANGE_LAST;;1;1;XEUR;12372482;688;
06.06.2025;09:36:23.909;FGBL SI 20250908 PS;SIMPLE_INSTRUMENT;EFS;EUR;54;130.67000000;420;EXCHANGE_LAST;;1;1;XEUR;12372482;688;
06.06.2025;09:39:01.143;FGBL SI 20250908 PS;SIMPLE_INSTRUMENT;EFP_FIN;EUR;55;130.72000000;193;EXCHANGE_LAST;;1;1;XEUR;12372482;688;
06.06.2025;09:43:54.019;FGBL SI 20250908 PS;SIMPLE_INSTRUMENT;EFP_FIN;EUR;56;130.70000000;161;EXCHANGE_LAST;;1;1;XEUR;12372482;688;
06.06.2025;09:48:07.101;FGBL SI 20250908 PS;SIMPLE_INSTRUMENT;EFP_FIN;EUR;57;130.70000000;284;EXCHANGE_LAST;;1;1;XEUR;12372482;688;
06.06.2025;09:49:20.257;FGBL SI 20250908 PS;SIMPLE_INSTRUMENT;EFP_FIN;EUR;58;130.72000000;770;EXCHANGE_LAST;;1;1;XEUR;12372482;688;
06.06.2025;09:49:36.867;FGBL SI 20250908 PS;SIMPLE_INSTRUMENT;EFP_FIN;EUR;59;130.70000000;81;EXCHANGE_LAST;;1;1;XEUR;12372482;688;
06.06.2025;09:55:18.090;FGBL SI 20250908 PS;SIMPLE_INSTRUMENT;EFS;EUR;60;130.75000000;485;EXCHANGE_LAST;;1;1;XEUR;12372482;688;
06.06.2025;09:56:46.397;FGBL SI 20250908 PS;SIMPLE_INSTRUMENT;EFS;EUR;61;130.71000000;210;EXCHANGE_LAST;;1;1;XEUR;12372482;688;
06.06.2025;09:58:22.612;FGBL SI 20250908 PS;SIMPLE_INSTRUMENT;EFS;EUR;62;130.71000000;840;EXCHANGE_LAST;;1;1;XEUR;12372482;688;
06.06.2025;09:59:56.723;FGBL SI 20250908 PS;SIMPLE_INSTRUMENT;EFS;EUR;63;130.70000000;420;EXCHANGE_LAST;;1;1;XEUR;12372482;688;
06.06.2025;10:04:56.331;FGBL SI 20250908 PS;SIMPLE_INSTRUMENT;EFS;EUR;64;130.72000000;171;EXCHANGE_LAST;;1;1;XEUR;12372482;688;
06.06.2025;10:04:11.841;FGBL SI 20250908 PS;SIMPLE_INSTRUMENT;EFS;EUR;65;130.72000000;210;EXCHANGE_LAST;;1;1;XEUR;12372482;688;
06.06.2025;10:05:52.265;FGBL SI 20250908 PS;SIMPLE_INSTRUMENT;EFP_FIN;EUR;66;130.66000000;162;EXCHANGE_LAST;;1;1;XEUR;12372482;688;
06.06.2025;10:08:43.665;FGBL SI 20250908 PS;SIMPLE_INSTRUMENT;EFP_FIN;EUR;67;130.66000000;81;EXCHANGE_LAST;;1;1;XEUR;12372482;688;
06.06.2025;10:08:21.063;FGBL SI 20250908 PS;SIMPLE_INSTRUMENT;EFS;EUR;68;130.68000000;491;EXCHANGE_LAST;;1;1;XEUR;12372482;688;
06.06.2025;10:08:27.660;FGBL SI 20250908 PS;SIMPLE_INSTRUMENT;EFP_FIN;EUR;69;130.66000000;122;EXCHANGE_LAST;;1;1;XEUR;12372482;688;
06.06.2025;10:13:07.216;FGBL SI 20250908 PS;SIMPLE_INSTRUMENT;EFS;EUR;70;130.68000000;420;EXCHANGE_LAST;;1;1;XEUR;12372482;688;
06.06.2025;10:13:58.274;FGBL SI 20250908 PS;SIMPLE_INSTRUMENT;EFP_FIN;EUR;71;130.63000000;385;EXCHANGE_LAST;;1;1;XEUR;12372482;688;
06.06.2025;10:14:21.428;FGBL SI 20250908 PS;SIMPLE_INSTRUMENT;EFS;EUR;72;130.68000000;210;EXCHANGE_LAST;;1;1;XEUR;12372482;688;
06.06.2025;10:17:04.580;FGBL SI 20250908 PS;SIMPLE_INSTRUMENT;EFP_FIN;EUR;73;130.72000000;385;EXCHANGE_LAST;;1;1;XEUR;12372482;688;
06.06.2025;10:24:10.794;FGBL SI 20250908 PS;SIMPLE_INSTRUMENT;EFS;EUR;74;130.69000000;2124;EXCHANGE_LAST;;1;1;XEUR;12372482;688;
06.06.2025;10:38:12.564;FGBL SI 20250908 PS;SIMPLE_INSTRUMENT;EFP_FIN;EUR;75;130.69000000;1925;EXCHANGE_LAST;;1;1;XEUR;12372482;688;
06.06.2025;10:41:17.612;FGBL SI 20250908 PS;SIMPLE_INSTRUMENT;EFS;EUR;76;130.72000000;242;EXCHANGE_LAST;;1;1;XEUR;12372482;688;
06.06.2025;10:41:53.306;FGBL SI 20250908 PS;SIMPLE_INSTRUMENT;EFP_FIN;EUR;77;130.68000000;282;EXCHANGE_LAST;;1;1;XEUR;12372482;688;
06.06.2025;10:58:16.573;FGBL SI 20250908 PS;SIMPLE_INSTRUMENT;EFS;EUR;78;130.66000000;152;EXCHANGE_LAST;;1;1;XEUR;12372482;688;
06.06.2025;10:59:39.315;FGBL SI 20250908 PS;SIMPLE_INSTRUMENT;EFP_FIN;EUR;79;130.68000000;187;EXCHANGE_LAST;;1;1;XEUR;12372482;688;
06.06.2025;10:59:40.251;FGBL SI 20250908 PS;SIMPLE_INSTRUMENT;EFP_FIN;EUR;80;130.72000000;1386;EXCHANGE_LAST;;1;1;XEUR;12372482;688;
06.06.2025;11:02:48.999;FGBL SI 20250908 PS;SIMPLE_INSTRUMENT;EFP_FIN;EUR;81;130.71000000;390;EXCHANGE_LAST;;1;1;XEUR;12372482;688;
06.06.2025;11:03:46.234;FGBL SI 20250908 PS;SIMPLE_INSTRUMENT;EFP_FIN;EUR;82;130.68000000;65;EXCHANGE_LAST;;1;1;XEUR;12372482;688;
06.06.2025;11:12:57.399;FGBL SI 20250908 PS;SIMPLE_INSTRUMENT;EFS;EUR;83;130.70000000;153;EXCHANGE_LAST;;1;1;XEUR;12372482;688;
06.06.2025;11:17:10.611;FGBL SI 20250908 PS;SIMPLE_INSTRUMENT;EFS;EUR;84;130.69000000;420;EXCHANGE_LAST;;1;1;XEUR;12372482;688;
06.06.2025;11:19:52.914;FGBL SI 20250908 PS;SIMPLE_INSTRUMENT;EFS;EUR;85;130.70000000;210;EXCHANGE_LAST;;1;1;XEUR;12372482;688;
06.06.2025;11:20:07.926;FGBL SI 20250908 PS;SIMPLE_INSTRUMENT;EFS;EUR;86;130.70000000;210;EXCHANGE_LAST;;1;1;XEUR;12372482;688;
06.06.2025;11:22:07.425;FGBL SI 20250908 PS;SIMPLE_INSTRUMENT;EFS;EUR;87;130.72000000;421;EXCHANGE_LAST;;1;1;XEUR;12372482;688;
06.06.2025;11:31:48.556;FGBL SI 20250908 PS;SIMPLE_INSTRUMENT;EFS;EUR;88;130.70000000;420;EXCHANGE_LAST;;1;1;XEUR;12372482;688;
06.06.2025;11:37:14.097;FGBL SI 20250908 PS;SIMPLE_INSTRUMENT;EFS;EUR;89;130.72000000;210;EXCHANGE_LAST;;1;1;XEUR;12372482;688;
06.06.2025;11:39:01.237;FGBL SI 20250908 PS;SIMPLE_INSTRUMENT;EFP_FIN;EUR;90;130.71000000;500;EXCHANGE_LAST;;1;1;XEUR;12372482;688;
06.06.2025;11:41:46.192;FGBL SI 20250908 PS;SIMPLE_INSTRUMENT;EFS;EUR;91;130.70000000;291;EXCHANGE_LAST;;1;1;XEUR;12372482;688;
06.06.2025;11:52:52.701;FGBL SI 20250908 PS;SIMPLE_INSTRUMENT;EFP_FIN;EUR;92;130.69000000;350;EXCHANGE_LAST;;1;1;XEUR;12372482;688;
06.06.2025;11:59:37.908;FGBL SI 20250908 PS;SIMPLE_INSTRUMENT;EFP_FIN;EUR;93;130.66000000;770;EXCHANGE_LAST;;1;1;XEUR;12372482;688;
06.06.2025;11:59:59.327;FGBL SI 20250908 PS;SIMPLE_INSTRUMENT;EFS;EUR;94;130.67000000;336;EXCHANGE_LAST;;1;1;XEUR;12372482;688;
06.06.2025;12:16:25.961;FGBL SI 20250908 PS;SIMPLE_INSTRUMENT;EFP_FIN;EUR;95;130.64000000;770;EXCHANGE_LAST;;1;1;XEUR;12372482;688;
06.06.2025;12:18:25.567;FGBL SI 20250908 PS;SIMPLE_INSTRUMENT;EFP_FIN;EUR;96;130.70000000;252;EXCHANGE_LAST;;1;1;XEUR;12372482;688;
06.06.2025;12:20:03.811;FGBL SI 20250908 PS;SIMPLE_INSTRUMENT;EFS;EUR;97;130.69000000;426;EXCHANGE_LAST;;1;1;XEUR;12372482;688;
06.06.2025;12:29:02.572;FGBL SI 20250908 PS;SIMPLE_INSTRUMENT;EFS;EUR;98;130.72000000;210;EXCHANGE_LAST;;1;1;XEUR;12372482;688;
06.06.2025;12:45:19.798;FGBL SI 20250908 PS;SIMPLE_INSTRUMENT;EFS;EUR;99;130.57000000;210;EXCHANGE_LAST;;1;1;XEUR;12372482;688;
06.06.2025;12:46:32.346;FGBL SI 20250908 PS;SIMPLE_INSTRUMENT;EFS;EUR;100;130.55000000;210;EXCHANGE_LAST;;1;1;XEUR;12372482;688;
06.06.2025;12:47:06.742;FGBL SI 20250908 PS;SIMPLE_INSTRUMENT;EFS;EUR;101;130.52000000;210;EXCHANGE_LAST;;1;1;XEUR;12372482;688;
06.06.2025;12:49:31.380;FGBL SI 20250908 PS;SIMPLE_INSTRUMENT;EFS;EUR;102;130.54000000;210;EXCHANGE_LAST;;1;1;XEUR;12372482;688;
06.06.2025;12:52:38.586;FGBL SI 20250908 PS;SIMPLE_INSTRUMENT;EFS;EUR;103;130.55000000;210;EXCHANGE_LAST;;1;1;XEUR;12372482;688;
06.06.2025;12:54:02.046;FGBL SI 20250908 PS;SIMPLE_INSTRUMENT;EFS;EUR;104;130.45000000;210;EXCHANGE_LAST;;1;1;XEUR;12372482;688;
06.06.2025;12:54:30.316;FGBL SI 20250908 PS;SIMPLE_INSTRUMENT;EFS;EUR;105;130.42000000;210;EXCHANGE_LAST;;1;1;XEUR;12372482;688;
06.06.2025;12:55:50.579;FGBL SI 20250908 PS;SIMPLE_INSTRUMENT;EFS;EUR;106;130.41000000;421;EXCHANGE_LAST;;1;1;XEUR;12372482;688;
06.06.2025;13:09:05.401;FGBL SI 20250908 PS;SIMPLE_INSTRUMENT;EFS;EUR;107;130.38000000;210;EXCHANGE_LAST;;1;1;XEUR;12372482;688;
06.06.2025;13:14:41.096;FGBL SI 20250908 PS;SIMPLE_INSTRUMENT;EFS;EUR;108;130.44000000;210;EXCHANGE_LAST;;1;1;XEUR;12372482;688;
06.06.2025;13:15:16.016;FGBL SI 20250908 PS;SIMPLE_INSTRUMENT;EFS;EUR;109;130.44000000;210;EXCHANGE_LAST;;1;1;XEUR;12372482;688;
06.06.2025;13:17:47.262;FGBL SI 20250908 PS;SIMPLE_INSTRUMENT;EFS;EUR;110;130.43000000;421;EXCHANGE_LAST;;1;1;XEUR;12372482;688;
06.06.2025;13:27:35.398;FGBL SI 20250908 PS;SIMPLE_INSTRUMENT;EFP_FIN;EUR;111;130.37000000;1007;EXCHANGE_LAST;;1;1;XEUR;12372482;688;
06.06.2025;13:27:52.497;FGBL SI 20250908 PS;SIMPLE_INSTRUMENT;EFP_FIN;EUR;112;130.44000000;1237;EXCHANGE_LAST;;1;1;XEUR;12372482;688;
06.06.2025;13:29:49.792;FGBL SI 20250908 PS;SIMPLE_INSTRUMENT;EFS;EUR;113;130.40000000;727;EXCHANGE_LAST;;1;1;XEUR;12372482;688;
06.06.2025;13:41:56.464;FGBL SI 20250908 PS;SIMPLE_INSTRUMENT;EFS;EUR;114;130.43000000;243;EXCHANGE_LAST;;1;1;XEUR;12372482;688;
06.06.2025;13:52:39.036;FGBL SI 20250908 PS;SIMPLE_INSTRUMENT;EFS;EUR;115;130.40000000;243;EXCHANGE_LAST;;1;1;XEUR;12372482;688;
06.06.2025;13:59:31.344;FGBL SI 20250908 PS;SIMPLE_INSTRUMENT;EFS;EUR;116;130.41000000;427;EXCHANGE_LAST;;1;1;XEUR;12372482;688;
06.06.2025;14:00:51.294;FGBL SI 20250908 PS;SIMPLE_INSTRUMENT;EFS;EUR;117;130.38000000;421;EXCHANGE_LAST;;1;1;XEUR;12372482;688;
06.06.2025;14:04:37.851;FGBL SI 20250908 PS;SIMPLE_INSTRUMENT;EFS;EUR;118;130.41000000;256;EXCHANGE_LAST;;1;1;XEUR;12372482;688;
06.06.2025;14:12:16.272;FGBL SI 20250908 PS;SIMPLE_INSTRUMENT;EFS;EUR;119;130.41000000;972;EXCHANGE_LAST;;1;1;XEUR;12372482;688;
06.06.2025;14:17:24.765;FGBL SI 20250908 PS;SIMPLE_INSTRUMENT;EFP_FIN;EUR;120;130.41000000;65;EXCHANGE_LAST;;1;1;XEUR;12372482;688;
06.06.2025;14:23:23.129;FGBL SI 20250908 PS;SIMPLE_INSTRUMENT;EFS;EUR;121;130.42000000;243;EXCHANGE_LAST;;1;1;XEUR;12372482;688;
06.06.2025;14:25:59.670;FGBL SI 20250908 PS;SIMPLE_INSTRUMENT;EFS;EUR;122;130.42000000;427;EXCHANGE_LAST;;1;1;XEUR;12372482;688;
06.06.2025;14:27:07.882;FGBL SI 20250908 PS;SIMPLE_INSTRUMENT;EFS;EUR;123;130.40000000;487;EXCHANGE_LAST;;1;1;XEUR;12372482;688;
06.06.2025;14:31:20.689;FGBL SI 20250908 PS;SIMPLE_INSTRUMENT;EFS;EUR;124;130.37000000;243;EXCHANGE_LAST;;1;1;XEUR;12372482;688;
06.06.2025;14:31:51.099;FGBL SI 20250908 PS;SIMPLE_INSTRUMENT;EFS;EUR;125;130.48000000;637;EXCHANGE_LAST;;1;1;XEUR;12372482;688;
06.06.2025;14:32:30.102;FGBL SI 20250908 PS;SIMPLE_INSTRUMENT;EFS;EUR;126;130.48000000;637;EXCHANGE_LAST;;1;1;XEUR;12372482;688;
06.06.2025;14:32:17.023;FGBL SI 20250908 PS;SIMPLE_INSTRUMENT;EFS;EUR;127;130.47000000;421;EXCHANGE_LAST;;1;1;XEUR;12372482;688;
06.06.2025;14:33:04.601;FGBL SI 20250908 PS;SIMPLE_INSTRUMENT;EFS;EUR;128;130.47000000;842;EXCHANGE_LAST;;1;1;XEUR;12372482;688;
06.06.2025;14:35:54.394;FGBL SI 20250908 PS;SIMPLE_INSTRUMENT;EFS;EUR;129;130.47000000;841;EXCHANGE_LAST;;1;1;XEUR;12372482;688;
06.06.2025;14:36:39.299;FGBL SI 20250908 PS;SIMPLE_INSTRUMENT;EFS;EUR;130;130.47000000;841;EXCHANGE_LAST;;1;1;XEUR;12372482;688;
06.06.2025;14:37:09.132;FGBL SI 20250908 PS;SIMPLE_INSTRUMENT;EFS;EUR;131;130.47000000;421;EXCHANGE_LAST;;1;1;XEUR;12372482;688;
06.06.2025;14:37:41.233;FGBL SI 20250908 PS;SIMPLE_INSTRUMENT;EFS;EUR;132;130.47000000;421;EXCHANGE_LAST;;1;1;XEUR;12372482;688;
06.06.2025;14:38:10.218;FGBL SI 20250908 PS;SIMPLE_INSTRUMENT;EFS;EUR;133;130.47000000;421;EXCHANGE_LAST;;1;1;XEUR;12372482;688;
06.06.2025;14:38:42.424;FGBL SI 20250908 PS;SIMPLE_INSTRUMENT;EFS;EUR;134;130.47000000;210;EXCHANGE_LAST;;1;1;XEUR;12372482;688;
06.06.2025;14:39:10.081;FGBL SI 20250908 PS;SIMPLE_INSTRUMENT;EFS;EUR;135;130.47000000;210;EXCHANGE_LAST;;1;1;XEUR;12372482;688;
06.06.2025;14:39:52.969;FGBL SI 20250908 PS;SIMPLE_INSTRUMENT;EFP_FIN;EUR;136;130.48000000;292;EXCHANGE_LAST;;1;1;XEUR;12372482;688;
06.06.2025;14:40:11.682;FGBL SI 20250908 PS;SIMPLE_INSTRUMENT;EFS;EUR;137;130.48000000;421;EXCHANGE_LAST;;1;1;XEUR;12372482;688;
06.06.2025;14:40:45.171;FGBL SI 20250908 PS;SIMPLE_INSTRUMENT;EFS;EUR;138;130.48000000;210;EXCHANGE_LAST;;1;1;XEUR;12372482;688;
06.06.2025;14:48:54.312;FGBL SI 20250908 PS;SIMPLE_INSTRUMENT;EFS;EUR;139;130.46000000;486;EXCHANGE_LAST;;1;1;XEUR;12372482;688;
06.06.2025;14:55:32.949;FGBL SI 20250908 PS;SIMPLE_INSTRUMENT;EFS;EUR;140;130.46000000;421;EXCHANGE_LAST;;1;1;XEUR;12372482;688;
06.06.2025;14:56:57.903;FGBL SI 20250908 PS;SIMPLE_INSTRUMENT;EFS;EUR;141;130.46000000;421;EXCHANGE_LAST;;1;1;XEUR;12372482;688;
06.06.2025;14:57:03.684;FGBL SI 20250908 PS;SIMPLE_INSTRUMENT;EFS;EUR;142;130.47000000;171;EXCHANGE_LAST;;1;1;XEUR;12372482;688;
06.06.2025;15:05:48.723;FGBL SI 20250908 PS;SIMPLE_INSTRUMENT;EFP_FIN;EUR;143;130.45000000;234;EXCHANGE_LAST;;1;1;XEUR;12372482;688;
06.06.2025;15:09:39.389;FGBL SI 20250908 PS;SIMPLE_INSTRUMENT;EFS;EUR;144;130.43000000;972;EXCHANGE_LAST;;1;1;XEUR;12372482;688;
06.06.2025;15:12:39.921;FGBL SI 20250908 PS;SIMPLE_INSTRUMENT;EFS;EUR;145;130.45000000;126;EXCHANGE_LAST;;1;1;XEUR;12372482;688;
06.06.2025;15:19:20.418;FGBL SI 20250908 PS;SIMPLE_INSTRUMENT;EFS;EUR;146;130.38000000;320;EXCHANGE_LAST;;1;1;XEUR;12372482;688;
06.06.2025;15:24:50.064;FGBL SI 20250908 PS;SIMPLE_INSTRUMENT;EFS;EUR;147;130.38000000;421;EXCHANGE_LAST;;1;1;XEUR;12372482;688;
06.06.2025;15:25:44.440;FGBL SI 20250908 PS;SIMPLE_INSTRUMENT;EFS;EUR;148;130.37000000;365;EXCHANGE_LAST;;1;1;XEUR;12372482;688;
06.06.2025;15:26:31.939;FGBL SI 20250908 PS;SIMPLE_INSTRUMENT;EFP_FIN;EUR;149;130.38000000;57;EXCHANGE_LAST;;1;1;XEUR;12372482;688;
06.06.2025;15:32:10.801;FGBL SI 20250908 PS;SIMPLE_INSTRUMENT;EFS;EUR;150;130.38000000;214;EXCHANGE_LAST;;1;1;XEUR;12372482;688;
06.06.2025;15:36:20.620;FGBL SI 20250908 PS;SIMPLE_INSTRUMENT;EFS;EUR;151;130.44000000;421;EXCHANGE_LAST;;1;1;XEUR;12372482;688;
06.06.2025;15:37:54.817;FGBL SI 20250908 PS;SIMPLE_INSTRUMENT;EFS;EUR;152;130.38000000;31;EXCHANGE_LAST;;1;1;XEUR;12372482;688;
06.06.2025;15:38:24.493;FGBL SI 20250908 PS;SIMPLE_INSTRUMENT;EFS;EUR;153;130.37000000;486;EXCHANGE_LAST;;1;1;XEUR;12372482;688;
06.06.2025;15:39:49.058;FGBL SI 20250908 PS;SIMPLE_INSTRUMENT;EFP_FIN;EUR;154;130.47000000;937;EXCHANGE_LAST;;1;1;XEUR;12372482;688;
06.06.2025;15:40:33.533;FGBL SI 20250908 PS;SIMPLE_INSTRUMENT;EFP_FIN;EUR;155;130.47000000;937;EXCHANGE_LAST;;1;1;XEUR;12372482;688;
06.06.2025;15:45:29.807;FGBL SI 20250908 PS;SIMPLE_INSTRUMENT;EFP_FIN;EUR;156;130.44000000;77;EXCHANGE_LAST;;1;1;XEUR;12372482;688;
06.06.2025;15:48:51.862;FGBL SI 20250908 PS;SIMPLE_INSTRUMENT;EFP_FIN;EUR;157;130.38000000;81;EXCHANGE_LAST;;1;1;XEUR;12372482;688;
06.06.2025;15:55:28.674;FGBL SI 20250908 PS;SIMPLE_INSTRUMENT;EFS;EUR;158;130.38000000;421;EXCHANGE_LAST;;1;1;XEUR;12372482;688;
06.06.2025;16:00:25.692;FGBL SI 20250908 PS;SIMPLE_INSTRUMENT;EFS;EUR;159;130.45000000;231;EXCHANGE_LAST;;1;1;XEUR;12372482;688;
06.06.2025;06:14:28.859;FGBL SI 20250908 PS;SIMPLE_INSTRUMENT;VOLA;EUR;268435458;130.25000000;16;EXCHANGE_LAST;;1;1;XEUR;12372482;688;
06.06.2025;08:31:33.180;FGBL SI 20250908 PS;SIMPLE_INSTRUMENT;VOLA;EUR;268435469;130.71000000;42;EXCHANGE_LAST;;1;1;XEUR;12372482;688;
06.06.2025;08:32:39.185;FGBL SI 20250908 PS;SIMPLE_INSTRUMENT;VOLA;EUR;268435470;130.71000000;41;EXCHANGE_LAST;;1;1;XEUR;12372482;688;
06.06.2025;08:53:23.128;FGBL SI 20250908 PS;SIMPLE_INSTRUMENT;VOLA;EUR;268435484;130.70000000;40;EXCHANGE_LAST;;1;1;XEUR;12372482;688;
06.06.2025;08:53:07.126;FGBL SI 20250908 PS;SIMPLE_INSTRUMENT;VOLA;EUR;268435485;130.70000000;40;EXCHANGE_LAST;;1;1;XEUR;12372482;688;
06.06.2025;09:53:43.404;FGBL SI 20250908 PS;SIMPLE_INSTRUMENT;VOLA;EUR;268435501;130.70000000;20;EXCHANGE_LAST;;1;1;XEUR;12372482;688;
06.06.2025;14:07:20.889;FGBL SI 20250908 PS;SIMPLE_INSTRUMENT;VOLA;EUR;268435521;130.40000000;130;EXCHANGE_LAST;;1;1;XEUR;12372482;688;
06.06.2025;14:27:12.628;FGBL SI 20250908 PS;SIMPLE_INSTRUMENT;VOLA;EUR;268435525;130.47000000;125;EXCHANGE_LAST;;1;1;XEUR;12372482;688;
06.06.2025;15:32:12.911;FGBL SI 20250908 PS;SIMPLE_INSTRUMENT;VOLA;EUR;268435531;130.35000000;35;EXCHANGE_LAST;;1;1;XEUR;12372482;688;
06.06.2025;07:06:25.387;FGBM SI 20250908 PS;SIMPLE_INSTRUMENT;EFS;EUR;1;117.64000000;881;EXCHANGE_LAST;;1;1;XEUR;12372483;689;
06.06.2025;07:27:33.634;FGBM SI 20250908 PS;SIMPLE_INSTRUMENT;EFS;EUR;2;117.74000000;880;EXCHANGE_LAST;;1;1;XEUR;12372483;689;
06.06.2025;07:31:20.230;FGBM SI 20250908 PS;SIMPLE_INSTRUMENT;EFS;EUR;3;117.66000000;3438;EXCHANGE_LAST;;1;1;XEUR;12372483;689;
06.06.2025;07:35:58.312;FGBM SI 20250908 PS;SIMPLE_INSTRUMENT;EFS;EUR;4;117.73000000;2551;EXCHANGE_LAST;;1;1;XEUR;12372483;689;
06.06.2025;07:36:42.465;FGBM SI 20250908 PS;SIMPLE_INSTRUMENT;EFS;EUR;5;117.58000000;429;EXCHANGE_LAST;;1;1;XEUR;12372483;689;
06.06.2025;07:50:57.790;FGBM SI 20250908 PS;SIMPLE_INSTRUMENT;EFS;EUR;6;117.79000000;490;EXCHANGE_LAST;;1;1;XEUR;12372483;689;
06.06.2025;07:48:57.589;FGBM SI 20250908 PS;SIMPLE_INSTRUMENT;EFP_FIN;EUR;7;117.77000000;357;EXCHANGE_LAST;;1;1;XEUR;12372483;689;
06.06.2025;07:51:15.626;FGBM SI 20250908 PS;SIMPLE_INSTRUMENT;EFP_FIN;EUR;8;117.79000000;258;EXCHANGE_LAST;;1;1;XEUR;12372483;689;
06.06.2025;07:50:56.029;FGBM SI 20250908 PS;SIMPLE_INSTRUMENT;EFS;EUR;9;117.75000000;687;EXCHANGE_LAST;;1;1;XEUR;12372483;689;
06.06.2025;07:52:22.253;FGBM SI 20250908 PS;SIMPLE_INSTRUMENT;EFS;EUR;10;117.75000000;1655;EXCHANGE_LAST;;1;1;XEUR;12372483;689;
06.06.2025;07:52:55.036;FGBM SI 20250908 PS;SIMPLE_INSTRUMENT;EFS;EUR;11;117.77000000;3438;EXCHANGE_LAST;;1;1;XEUR;12372483;689;
06.06.2025;07:56:50.652;FGBM SI 20250908 PS;SIMPLE_INSTRUMENT;EFP_FIN;EUR;12;117.79000000;205;EXCHANGE_LAST;;1;1;XEUR;12372483;689;
06.06.2025;08:07:57.615;FGBM SI 20250908 PS;SIMPLE_INSTRUMENT;EFP_FIN;EUR;13;117.81000000;660;EXCHANGE_LAST;;1;1;XEUR;12372483;689;
06.06.2025;08:20:23.035;FGBM SI 20250908 PS;SIMPLE_INSTRUMENT;EFS;EUR;14;117.81000000;859;EXCHANGE_LAST;;1;1;XEUR;12372483;689;
06.06.2025;08:21:00.039;FGBM SI 20250908 PS;SIMPLE_INSTRUMENT;EFS;EUR;15;117.81000000;859;EXCHANGE_LAST;;1;1;XEUR;12372483;689;
06.06.2025;08:41:36.099;FGBM SI 20250908 PS;SIMPLE_INSTRUMENT;BLOCK;EUR;16;117.80000000;7623;EXCHANGE_LAST;;1;1;XEUR;12372483;689;
06.06.2025;08:38:40.914;FGBM SI 20250908 PS;SIMPLE_INSTRUMENT;EFP_FIN;EUR;17;117.81000000;315;EXCHANGE_LAST;;1;1;XEUR;12372483;689;
06.06.2025;08:39:15.619;FGBM SI 20250908 PS;SIMPLE_INSTRUMENT;EFP_FIN;EUR;18;117.81000000;77;EXCHANGE_LAST;;1;1;XEUR;12372483;689;
06.06.2025;08:40:02.866;FGBM SI 20250908 PS;SIMPLE_INSTRUMENT;EFP_FIN;EUR;19;117.81000000;86;EXCHANGE_LAST;;1;1;XEUR;12372483;689;
06.06.2025;08:41:57.082;FGBM SI 20250908 PS;SIMPLE_INSTRUMENT;EFP_FIN;EUR;20;117.81000000;367;EXCHANGE_LAST;;1;1;XEUR;12372483;689;
06.06.2025;08:43:34.344;FGBM SI 20250908 PS;SIMPLE_INSTRUMENT;EFS;EUR;21;117.80000000;880;EXCHANGE_LAST;;1;1;XEUR;12372483;689;
06.06.2025;08:44:54.403;FGBM SI 20250908 PS;SIMPLE_INSTRUMENT;EFS;EUR;22;117.80000000;880;EXCHANGE_LAST;;1;1;XEUR;12372483;689;
06.06.2025;08:44:59.409;FGBM SI 20250908 PS;SIMPLE_INSTRUMENT;EFS;EUR;23;117.80000000;880;EXCHANGE_LAST;;1;1;XEUR;12372483;689;
06.06.2025;08:47:04.968;FGBM SI 20250908 PS;SIMPLE_INSTRUMENT;BLOCK;EUR;24;117.80000000;3000;EXCHANGE_LAST;;1;1;XEUR;12372483;689;
06.06.2025;08:51:58.867;FGBM SI 20250908 PS;SIMPLE_INSTRUMENT;EFS;EUR;25;117.82000000;1655;EXCHANGE_LAST;;1;1;XEUR;12372483;689;
06.06.2025;08:58:44.046;FGBM SI 20250606 PS;SIMPLE_INSTRUMENT;EFP_FIN;EUR;26;118.58000000;426;EXCHANGE_LAST;;1;1;XEUR;11820390;689;
06.06.2025;09:07:11.343;FGBM SI 20250908 PS;SIMPLE_INSTRUMENT;EFS;EUR;27;117.80000000;880;EXCHANGE_LAST;;1;1;XEUR;12372483;689;
06.06.2025;09:07:11.894;FGBM SI 20250908 PS;SIMPLE_INSTRUMENT;EFS;EUR;28;117.81000000;150;EXCHANGE_LAST;;1;1;XEUR;12372483;689;
06.06.2025;09:08:07.942;FGBM SI 20250908 PS;SIMPLE_INSTRUMENT;EFS;EUR;29;117.81000000;440;EXCHANGE_LAST;;1;1;XEUR;12372483;689;
06.06.2025;09:12:36.516;FGBM SI 20250908 PS;SIMPLE_INSTRUMENT;EFS;EUR;30;117.80000000;981;EXCHANGE_LAST;;1;1;XEUR;12372483;689;
06.06.2025;09:13:26.730;FGBM SI 20250908 PS;SIMPLE_INSTRUMENT;EFS;EUR;31;117.79000000;880;EXCHANGE_LAST;;1;1;XEUR;12372483;689;
06.06.2025;09:13:31.736;FGBM SI 20250908 PS;SIMPLE_INSTRUMENT;EFS;EUR;32;117.80000000;880;EXCHANGE_LAST;;1;1;XEUR;12372483;689;
06.06.2025;09:13:41.746;FGBM SI 20250908 PS;SIMPLE_INSTRUMENT;EFS;EUR;33;117.80000000;880;EXCHANGE_LAST;;1;1;XEUR;12372483;689;
06.06.2025;09:13:51.759;FGBM SI 20250908 PS;SIMPLE_INSTRUMENT;EFS;EUR;34;117.77000000;880;EXCHANGE_LAST;;1;1;XEUR;12372483;689;
06.06.2025;09:20:39.320;FGBM SI 20250908 PS;SIMPLE_INSTRUMENT;EFS;EUR;35;117.82000000;2147;EXCHANGE_LAST;;1;1;XEUR;12372483;689;
06.06.2025;09:22:09.973;FGBM SI 20250908 PS;SIMPLE_INSTRUMENT;EFS;EUR;36;117.77000000;1169;EXCHANGE_LAST;;1;1;XEUR;12372483;689;
06.06.2025;09:37:11.965;FGBM SI 20250908 PS;SIMPLE_INSTRUMENT;EFP_FIN;EUR;37;117.82000000;866;EXCHANGE_LAST;;1;1;XEUR;12372483;689;
06.06.2025;09:37:36.713;FGBM SI 20250908 PS;SIMPLE_INSTRUMENT;EFS;EUR;38;117.79000000;440;EXCHANGE_LAST;;1;1;XEUR;12372483;689;
06.06.2025;09:40:07.474;FGBM SI 20250908 PS;SIMPLE_INSTRUMENT;EFP_FIN;EUR;39;117.78000000;165;EXCHANGE_LAST;;1;1;XEUR;12372483;689;
06.06.2025;09:44:00.050;FGBM SI 20250908 PS;SIMPLE_INSTRUMENT;EFS;EUR;40;117.82000000;440;EXCHANGE_LAST;;1;1;XEUR;12372483;689;
06.06.2025;09:54:24.608;FGBM SI 20250908 PS;SIMPLE_INSTRUMENT;EFS;EUR;41;117.82000000;1961;EXCHANGE_LAST;;1;1;XEUR;12372483;689;
06.06.2025;10:02:36.806;FGBM SI 20250908 PS;SIMPLE_INSTRUMENT;EFP_FIN;EUR;42;117.77000000;61;EXCHANGE_LAST;;1;1;XEUR;12372483;689;
06.06.2025;10:00:52.489;FGBM SI 20250908 PS;SIMPLE_INSTRUMENT;EFS;EUR;43;117.81000000;440;EXCHANGE_LAST;;1;1;XEUR;12372483;689;
06.06.2025;10:00:55.141;FGBM SI 20250908 PS;SIMPLE_INSTRUMENT;EFS;EUR;44;117.81000000;1275;EXCHANGE_LAST;;1;1;XEUR;12372483;689;
06.06.2025;10:01:16.655;FGBM SI 20250908 PS;SIMPLE_INSTRUMENT;EFS;EUR;45;117.81000000;103;EXCHANGE_LAST;;1;1;XEUR;12372483;689;
06.06.2025;10:01:10.716;FGBM SI 20250908 PS;SIMPLE_INSTRUMENT;EFS;EUR;46;117.82000000;440;EXCHANGE_LAST;;1;1;XEUR;12372483;689;
06.06.2025;10:03:39.823;FGBM SI 20250908 PS;SIMPLE_INSTRUMENT;EFP_FIN;EUR;47;117.77000000;111;EXCHANGE_LAST;;1;1;XEUR;12372483;689;
06.06.2025;10:04:39.498;FGBM SI 20250908 PS;SIMPLE_INSTRUMENT;EFP_FIN;EUR;48;117.81000000;1116;EXCHANGE_LAST;;1;1;XEUR;12372483;689;
06.06.2025;10:06:20.023;FGBM SI 20250908 PS;SIMPLE_INSTRUMENT;EFS;EUR;49;117.83000000;859;EXCHANGE_LAST;;1;1;XEUR;12372483;689;
06.06.2025;10:13:32.602;FGBM SI 20250908 PS;SIMPLE_INSTRUMENT;EFP_FIN;EUR;50;117.77000000;83;EXCHANGE_LAST;;1;1;XEUR;12372483;689;
06.06.2025;10:11:44.284;FGBM SI 20250908 PS;SIMPLE_INSTRUMENT;EFP_FIN;EUR;51;117.77000000;77;EXCHANGE_LAST;;1;1;XEUR;12372483;689;
06.06.2025;10:13:06.831;FGBM SI 20250908 PS;SIMPLE_INSTRUMENT;EFP_FIN;EUR;52;117.77000000;248;EXCHANGE_LAST;;1;1;XEUR;12372483;689;
06.06.2025;10:13:26.077;FGBM SI 20250908 PS;SIMPLE_INSTRUMENT;EFP_FIN;EUR;53;117.80000000;1317;EXCHANGE_LAST;;1;1;XEUR;12372483;689;
06.06.2025;10:13:55.106;FGBM SI 20250908 PS;SIMPLE_INSTRUMENT;EFP_FIN;EUR;54;117.84000000;429;EXCHANGE_LAST;;1;1;XEUR;12372483;689;
06.06.2025;10:18:20.905;FGBM SI 20250908 PS;SIMPLE_INSTRUMENT;EFP_FIN;EUR;55;117.80000000;600;EXCHANGE_LAST;;1;1;XEUR;12372483;689;
06.06.2025;10:20:54.028;FGBM SI 20250908 PS;SIMPLE_INSTRUMENT;EFS;EUR;56;117.81000000;859;EXCHANGE_LAST;;1;1;XEUR;12372483;689;
06.06.2025;10:36:39.247;FGBM SI 20250908 PS;SIMPLE_INSTRUMENT;EFP_FIN;EUR;57;117.82000000;165;EXCHANGE_LAST;;1;1;XEUR;12372483;689;
06.06.2025;10:50:11.424;FGBM SI 20250908 PS;SIMPLE_INSTRUMENT;EFP_FIN;EUR;58;117.82000000;357;EXCHANGE_LAST;;1;1;XEUR;12372483;689;
06.06.2025;10:55:51.396;FGBM SI 20250908 PS;SIMPLE_INSTRUMENT;EFP_FIN;EUR;59;117.82000000;858;EXCHANGE_LAST;;1;1;XEUR;12372483;689;
06.06.2025;10:58:02.571;FGBM SI 20250908 PS;SIMPLE_INSTRUMENT;EFS;EUR;60;117.81000000;618;EXCHANGE_LAST;;1;1;XEUR;12372483;689;
06.06.2025;11:03:18.299;FGBM SI 20250908 PS;SIMPLE_INSTRUMENT;EFP_FIN;EUR;61;117.82000000;195;EXCHANGE_LAST;;1;1;XEUR;12372483;689;
06.06.2025;11:13:29.608;FGBM SI 20250908 PS;SIMPLE_INSTRUMENT;EFS;EUR;62;117.81000000;618;EXCHANGE_LAST;;1;1;XEUR;12372483;689;
06.06.2025;11:18:14.245;FGBM SI 20250908 PS;SIMPLE_INSTRUMENT;EFS;EUR;63;117.81000000;853;EXCHANGE_LAST;;1;1;XEUR;12372483;689;
06.06.2025;11:18:29.224;FGBM SI 20250908 PS;SIMPLE_INSTRUMENT;EFS;EUR;64;117.81000000;853;EXCHANGE_LAST;;1;1;XEUR;12372483;689;
06.06.2025;11:29:26.077;FGBM SI 20250908 PS;SIMPLE_INSTRUMENT;EFS;EUR;65;117.81000000;863;EXCHANGE_LAST;;1;1;XEUR;12372483;689;
06.06.2025;11:53:21.532;FGBM SI 20250908 PS;SIMPLE_INSTRUMENT;EFP_FIN;EUR;66;117.81000000;258;EXCHANGE_LAST;;1;1;XEUR;12372483;689;
06.06.2025;11:59:42.489;FGBM SI 20250908 PS;SIMPLE_INSTRUMENT;EFS;EUR;67;117.78000000;880;EXCHANGE_LAST;;1;1;XEUR;12372483;689;
06.06.2025;12:06:07.718;FGBM SI 20250908 PS;SIMPLE_INSTRUMENT;EFS;EUR;68;117.79000000;440;EXCHANGE_LAST;;1;1;XEUR;12372483;689;
06.06.2025;12:07:42.774;FGBM SI 20250908 PS;SIMPLE_INSTRUMENT;EFP_FIN;EUR;69;117.78000000;1191;EXCHANGE_LAST;;1;1;XEUR;12372483;689;
06.06.2025;12:10:02.874;FGBM SI 20250908 PS;SIMPLE_INSTRUMENT;EFS;EUR;70;117.80000000;880;EXCHANGE_LAST;;1;1;XEUR;12372483;689;
06.06.2025;12:11:57.956;FGBM SI 20250908 PS;SIMPLE_INSTRUMENT;EFS;EUR;71;117.79000000;440;EXCHANGE_LAST;;1;1;XEUR;12372483;689;
06.06.2025;12:16:28.151;FGBM SI 20250908 PS;SIMPLE_INSTRUMENT;EFS;EUR;72;117.80000000;880;EXCHANGE_LAST;;1;1;XEUR;12372483;689;
06.06.2025;13:00:18.831;FGBM SI 20250908 PS;SIMPLE_INSTRUMENT;EFP_FIN;EUR;73;117.62000000;101;EXCHANGE_LAST;;1;1;XEUR;12372483;689;
06.06.2025;13:11:11.741;FGBM SI 20250908 PS;SIMPLE_INSTRUMENT;EFS;EUR;74;117.61000000;427;EXCHANGE_LAST;;1;1;XEUR;12372483;689;
06.06.2025;13:14:26.009;FGBM SI 20250908 PS;SIMPLE_INSTRUMENT;EFP_FIN;EUR;75;117.65000000;1975;EXCHANGE_LAST;;1;1;XEUR;12372483;689;
06.06.2025;13:19:12.935;FGBM SI 20250908 PS;SIMPLE_INSTRUMENT;EFP_FIN;EUR;76;117.63000000;69;EXCHANGE_LAST;;1;1;XEUR;12372483;689;
06.06.2025;13:18:39.174;FGBM SI 20250908 PS;SIMPLE_INSTRUMENT;EFS;EUR;77;117.63000000;881;EXCHANGE_LAST;;1;1;XEUR;12372483;689;
06.06.2025;13:19:14.203;FGBM SI 20250908 PS;SIMPLE_INSTRUMENT;EFS;EUR;78;117.61000000;881;EXCHANGE_LAST;;1;1;XEUR;12372483;689;
06.06.2025;13:33:26.033;FGBM SI 20250908 PS;SIMPLE_INSTRUMENT;EFP_FIN;EUR;79;117.62000000;195;EXCHANGE_LAST;;1;1;XEUR;12372483;689;
06.06.2025;13:38:08.791;FGBM SI 20250908 PS;SIMPLE_INSTRUMENT;EFS;EUR;80;117.61000000;881;EXCHANGE_LAST;;1;1;XEUR;12372483;689;
06.06.2025;13:38:53.379;FGBM SI 20250908 PS;SIMPLE_INSTRUMENT;EFS;EUR;81;117.64000000;881;EXCHANGE_LAST;;1;1;XEUR;12372483;689;
06.06.2025;13:40:28.600;FGBM SI 20250908 PS;SIMPLE_INSTRUMENT;EFS;EUR;82;117.62000000;2000;EXCHANGE_LAST;;1;1;XEUR;12372483;689;
06.06.2025;13:47:31.235;FGBM SI 20250908 PS;SIMPLE_INSTRUMENT;EFP_FIN;EUR;83;117.63000000;258;EXCHANGE_LAST;;1;1;XEUR;12372483;689;
06.06.2025;13:52:59.038;FGBM SI 20250908 PS;SIMPLE_INSTRUMENT;EFS;EUR;84;117.64000000;982;EXCHANGE_LAST;;1;1;XEUR;12372483;689;
06.06.2025;13:53:26.938;FGBM SI 20250908 PS;SIMPLE_INSTRUMENT;EFP_FIN;EUR;85;117.63000000;1459;EXCHANGE_LAST;;1;1;XEUR;12372483;689;
06.06.2025;14:04:20.173;FGBM SI 20250908 PS;SIMPLE_INSTRUMENT;EFP_FIN;EUR;86;117.63000000;944;EXCHANGE_LAST;;1;1;XEUR;12372483;689;
06.06.2025;13:56:53.023;FGBM SI 20250908 PS;SIMPLE_INSTRUMENT;EFP_FIN;EUR;87;117.63000000;859;EXCHANGE_LAST;;1;1;XEUR;12372483;689;
06.06.2025;13:58:42.956;FGBM SI 20250908 PS;SIMPLE_INSTRUMENT;EFP_FIN;EUR;88;117.61000000;336;EXCHANGE_LAST;;1;1;XEUR;12372483;689;
06.06.2025;14:00:11.807;FGBM SI 20250908 PS;SIMPLE_INSTRUMENT;EFS;EUR;89;117.62000000;829;EXCHANGE_LAST;;1;1;XEUR;12372483;689;
06.06.2025;14:19:10.576;FGBM SI 20250908 PS;SIMPLE_INSTRUMENT;EFP_FIN;EUR;90;117.65000000;292;EXCHANGE_LAST;;1;1;XEUR;12372483;689;
06.06.2025;14:10:40.474;FGBM SI 20250908 PS;SIMPLE_INSTRUMENT;EFS;EUR;91;117.64000000;859;EXCHANGE_LAST;;1;1;XEUR;12372483;689;
06.06.2025;14:13:08.112;FGBM SI 20250908 PS;SIMPLE_INSTRUMENT;EFP_FIN;EUR;92;117.63000000;215;EXCHANGE_LAST;;1;1;XEUR;12372483;689;
06.06.2025;14:14:46.086;FGBM SI 20250908 PS;SIMPLE_INSTRUMENT;EFP_FIN;EUR;93;117.60000000;68;EXCHANGE_LAST;;1;1;XEUR;12372483;689;
06.06.2025;14:26:04.151;FGBM SI 20250908 PS;SIMPLE_INSTRUMENT;EFS;EUR;94;117.66000000;861;EXCHANGE_LAST;;1;1;XEUR;12372483;689;
06.06.2025;14:29:05.116;FGBM SI 20250908 PS;SIMPLE_INSTRUMENT;EFP_FIN;EUR;95;117.63000000;186;EXCHANGE_LAST;;1;1;XEUR;12372483;689;
06.06.2025;14:30:23.685;FGBM SI 20250908 PS;SIMPLE_INSTRUMENT;EFS;EUR;96;117.61000000;983;EXCHANGE_LAST;;1;1;XEUR;12372483;689;
06.06.2025;14:31:40.591;FGBM SI 20250908 PS;SIMPLE_INSTRUMENT;EFS;EUR;97;117.67000000;881;EXCHANGE_LAST;;1;1;XEUR;12372483;689;
06.06.2025;14:31:45.597;FGBM SI 20250908 PS;SIMPLE_INSTRUMENT;EFS;EUR;98;117.67000000;441;EXCHANGE_LAST;;1;1;XEUR;12372483;689;
06.06.2025;14:32:10.621;FGBM SI 20250908 PS;SIMPLE_INSTRUMENT;EFS;EUR;99;117.67000000;441;EXCHANGE_LAST;;1;1;XEUR;12372483;689;
06.06.2025;14:32:15.626;FGBM SI 20250908 PS;SIMPLE_INSTRUMENT;EFS;EUR;100;117.68000000;881;EXCHANGE_LAST;;1;1;XEUR;12372483;689;
06.06.2025;14:38:30.893;FGBM SI 20250908 PS;SIMPLE_INSTRUMENT;EFS;EUR;101;117.66000000;881;EXCHANGE_LAST;;1;1;XEUR;12372483;689;
06.06.2025;14:48:01.607;FGBM SI 20250908 PS;SIMPLE_INSTRUMENT;EFS;EUR;102;117.65000000;440;EXCHANGE_LAST;;1;1;XEUR;12372483;689;
06.06.2025;14:52:22.498;FGBM SI 20250908 PS;SIMPLE_INSTRUMENT;EFP_FIN;EUR;103;117.62000000;215;EXCHANGE_LAST;;1;1;XEUR;12372483;689;
06.06.2025;14:55:06.816;FGBM SI 20250908 PS;SIMPLE_INSTRUMENT;EFP_FIN;EUR;104;117.64000000;1167;EXCHANGE_LAST;;1;1;XEUR;12372483;689;
06.06.2025;15:16:20.607;FGBM SI 20250908 PS;SIMPLE_INSTRUMENT;EFS;EUR;105;117.61000000;86;EXCHANGE_LAST;;1;1;XEUR;12372483;689;
06.06.2025;15:23:10.679;FGBM SI 20250908 PS;SIMPLE_INSTRUMENT;EFS;EUR;106;117.63000000;1762;EXCHANGE_LAST;;1;1;XEUR;12372483;689;
06.06.2025;15:23:52.453;FGBM SI 20250908 PS;SIMPLE_INSTRUMENT;EFS;EUR;107;117.64000000;881;EXCHANGE_LAST;;1;1;XEUR;12372483;689;
06.06.2025;15:25:17.384;FGBM SI 20250908 PS;SIMPLE_INSTRUMENT;EFS;EUR;108;117.63000000;440;EXCHANGE_LAST;;1;1;XEUR;12372483;689;
06.06.2025;15:25:47.819;FGBM SI 20250908 PS;SIMPLE_INSTRUMENT;EFS;EUR;109;117.60000000;828;EXCHANGE_LAST;;1;1;XEUR;12372483;689;
06.06.2025;15:26:52.246;FGBM SI 20250908 PS;SIMPLE_INSTRUMENT;EFS;EUR;110;117.64000000;440;EXCHANGE_LAST;;1;1;XEUR;12372483;689;
06.06.2025;15:56:54.334;FGBM SI 20250908 PS;SIMPLE_INSTRUMENT;EFS;EUR;111;117.61000000;334;EXCHANGE_LAST;;1;1;XEUR;12372483;689;
06.06.2025;15:59:16.135;FGBM SI 20250908 PS;SIMPLE_INSTRUMENT;EFS;EUR;112;117.65000000;466;EXCHANGE_LAST;;1;1;XEUR;12372483;689;
06.06.2025;07:40:00.304;FGBS SI 20250908 PS;SIMPLE_INSTRUMENT;EFP_FIN;EUR;3;107.26500000;385;EXCHANGE_LAST;;1;1;XEUR;12372484;690;
06.06.2025;07:47:01.857;FGBS SI 20250908 PS;SIMPLE_INSTRUMENT;EFP_FIN;EUR;4;107.27000000;1122;EXCHANGE_LAST;;1;1;XEUR;12372484;690;
06.06.2025;08:12:31.424;FGBS SI 20250908 PS;SIMPLE_INSTRUMENT;EFP_FIN;EUR;5;107.27000000;1834;EXCHANGE_LAST;;1;1;XEUR;12372484;690;
06.06.2025;08:19:14.031;FGBS SI 20250908 PS;SIMPLE_INSTRUMENT;EFS;EUR;6;107.28500000;2387;EXCHANGE_LAST;;1;1;XEUR;12372484;690;
06.06.2025;08:21:09.039;FGBS SI 20250908 PS;SIMPLE_INSTRUMENT;EFS;EUR;7;107.28500000;2387;EXCHANGE_LAST;;1;1;XEUR;12372484;690;
06.06.2025;08:28:58.343;FGBS SI 20250908 PS;SIMPLE_INSTRUMENT;EFP_FIN;EUR;8;107.28000000;309;EXCHANGE_LAST;;1;1;XEUR;12372484;690;
06.06.2025;08:27:32.046;FGBS SI 20250908 PS;SIMPLE_INSTRUMENT;EFS;EUR;9;107.28000000;1089;EXCHANGE_LAST;;1;1;XEUR;12372484;690;
06.06.2025;08:32:05.967;FGBS SI 20250908 PS;SIMPLE_INSTRUMENT;EFP_FIN;EUR;10;107.28000000;465;EXCHANGE_LAST;;1;1;XEUR;12372484;690;
06.06.2025;08:39:05.498;FGBS SI 20250908 PS;SIMPLE_INSTRUMENT;BLOCK;EUR;11;107.28000000;9482;EXCHANGE_LAST;;1;1;XEUR;12372484;690;
06.06.2025;08:45:24.402;FGBS SI 20250908 PS;SIMPLE_INSTRUMENT;EFP_FIN;EUR;12;107.28000000;93;EXCHANGE_LAST;;1;1;XEUR;12372484;690;
06.06.2025;08:46:45.063;FGBS SI 20250606 PS;SIMPLE_INSTRUMENT;EFP_FIN;EUR;13;107.20000000;300;EXCHANGE_LAST;;1;1;XEUR;11820391;690;
06.06.2025;09:01:38.502;FGBS SI 20250908 PS;SIMPLE_INSTRUMENT;EFP_FIN;EUR;14;107.28000000;153;EXCHANGE_LAST;;1;1;XEUR;12372484;690;
06.06.2025;09:10:26.118;FGBS SI 20250606 PS;SIMPLE_INSTRUMENT;EFP_FIN;EUR;15;107.20000000;938;EXCHANGE_LAST;;1;1;XEUR;11820391;690;
06.06.2025;09:06:55.723;FGBS SI 20250606 PS;SIMPLE_INSTRUMENT;EFP_FIN;EUR;16;107.20000000;469;EXCHANGE_LAST;;1;1;XEUR;11820391;690;
06.06.2025;09:07:28.836;FGBS SI 20250606 PS;SIMPLE_INSTRUMENT;EFP_FIN;EUR;17;107.20000000;469;EXCHANGE_LAST;;1;1;XEUR;11820391;690;
06.06.2025;09:07:58.025;FGBS SI 20250606 PS;SIMPLE_INSTRUMENT;EFP_FIN;EUR;18;107.20000000;938;EXCHANGE_LAST;;1;1;XEUR;11820391;690;
06.06.2025;09:12:56.737;FGBS SI 20250908 PS;SIMPLE_INSTRUMENT;EFP_FIN;EUR;19;107.26500000;208;EXCHANGE_LAST;;1;1;XEUR;12372484;690;
06.06.2025;09:12:56.737;FGBS SI 20250908 PS;SIMPLE_INSTRUMENT;EFP_FIN;EUR;20;107.26500000;277;EXCHANGE_LAST;;1;1;XEUR;12372484;690;
06.06.2025;09:42:53.440;FGBS SI 20250908 PS;SIMPLE_INSTRUMENT;EFP_FIN;EUR;21;107.26000000;233;EXCHANGE_LAST;;1;1;XEUR;12372484;690;
06.06.2025;09:53:31.282;FGBS SI 20250908 PS;SIMPLE_INSTRUMENT;EFS;EUR;22;107.28000000;2726;EXCHANGE_LAST;;1;1;XEUR;12372484;690;
06.06.2025;10:01:05.663;FGBS SI 20250908 PS;SIMPLE_INSTRUMENT;EFP_FIN;EUR;23;107.26500000;448;EXCHANGE_LAST;;1;1;XEUR;12372484;690;
06.06.2025;10:34:47.508;FGBS SI 20250908 PS;SIMPLE_INSTRUMENT;EFP_FIN;EUR;24;107.28000000;2326;EXCHANGE_LAST;;1;1;XEUR;12372484;690;
06.06.2025;10:56:43.567;FGBS SI 20250908 PS;SIMPLE_INSTRUMENT;EFS;EUR;25;107.28500000;856;EXCHANGE_LAST;;1;1;XEUR;12372484;690;
06.06.2025;11:10:45.607;FGBS SI 20250908 PS;SIMPLE_INSTRUMENT;EFS;EUR;26;107.28500000;859;EXCHANGE_LAST;;1;1;XEUR;12372484;690;
06.06.2025;11:16:54.976;FGBS SI 20250908 PS;SIMPLE_INSTRUMENT;EFS;EUR;27;107.28500000;2388;EXCHANGE_LAST;;1;1;XEUR;12372484;690;
06.06.2025;11:17:11.232;FGBS SI 20250908 PS;SIMPLE_INSTRUMENT;EFS;EUR;28;107.28500000;2388;EXCHANGE_LAST;;1;1;XEUR;12372484;690;
06.06.2025;11:22:10.786;FGBS SI 20250908 PS;SIMPLE_INSTRUMENT;EFS;EUR;29;107.27000000;420;EXCHANGE_LAST;;1;1;XEUR;12372484;690;
06.06.2025;12:16:00.890;FGBS SI 20250908 PS;SIMPLE_INSTRUMENT;EFP_FIN;EUR;33;107.28000000;930;EXCHANGE_LAST;;1;1;XEUR;12372484;690;
06.06.2025;13:02:36.231;FGBS SI 20250908 PS;SIMPLE_INSTRUMENT;EFS;EUR;34;107.21500000;2393;EXCHANGE_LAST;;1;1;XEUR;12372484;690;
06.06.2025;13:30:23.867;FGBS SI 20250908 PS;SIMPLE_INSTRUMENT;EFS;EUR;35;107.21000000;2387;EXCHANGE_LAST;;1;1;XEUR;12372484;690;
06.06.2025;13:36:49.889;FGBS SI 20250908 PS;SIMPLE_INSTRUMENT;EFS;EUR;36;107.21000000;2387;EXCHANGE_LAST;;1;1;XEUR;12372484;690;
06.06.2025;13:41:15.537;FGBS SI 20250908 PS;SIMPLE_INSTRUMENT;EFS;EUR;37;107.21000000;1365;EXCHANGE_LAST;;1;1;XEUR;12372484;690;
06.06.2025;13:49:19.561;FGBS SI 20250908 PS;SIMPLE_INSTRUMENT;EFS;EUR;38;107.20500000;2396;EXCHANGE_LAST;;1;1;XEUR;12372484;690;
06.06.2025;13:49:31.113;FGBS SI 20250908 PS;SIMPLE_INSTRUMENT;EFP_FIN;EUR;39;107.21000000;462;EXCHANGE_LAST;;1;1;XEUR;12372484;690;
06.06.2025;13:52:55.036;FGBS SI 20250908 PS;SIMPLE_INSTRUMENT;EFS;EUR;40;107.22000000;1364;EXCHANGE_LAST;;1;1;XEUR;12372484;690;
06.06.2025;13:59:37.463;FGBS SI 20250908 PS;SIMPLE_INSTRUMENT;EFP_FIN;EUR;41;107.22000000;206;EXCHANGE_LAST;;1;1;XEUR;12372484;690;
06.06.2025;14:00:05.987;FGBS SI 20250908 PS;SIMPLE_INSTRUMENT;EFS;EUR;42;107.21500000;1201;EXCHANGE_LAST;;1;1;XEUR;12372484;690;
06.06.2025;14:00:29.158;FGBS SI 20250908 PS;SIMPLE_INSTRUMENT;EFS;EUR;43;107.21500000;1201;EXCHANGE_LAST;;1;1;XEUR;12372484;690;
06.06.2025;14:13:52.247;FGBS SI 20250908 PS;SIMPLE_INSTRUMENT;EFP_FIN;EUR;44;107.20500000;108;EXCHANGE_LAST;;1;1;XEUR;12372484;690;
06.06.2025;14:19:04.337;FGBS SI 20250908 PS;SIMPLE_INSTRUMENT;EFP_FIN;EUR;45;107.21000000;462;EXCHANGE_LAST;;1;1;XEUR;12372484;690;
06.06.2025;14:29:18.681;FGBS SI 20250908 PS;SIMPLE_INSTRUMENT;EFS;EUR;46;107.21000000;1365;EXCHANGE_LAST;;1;1;XEUR;12372484;690;
06.06.2025;14:48:21.611;FGBS SI 20250908 PS;SIMPLE_INSTRUMENT;EFP_FIN;EUR;47;107.22500000;1411;EXCHANGE_LAST;;1;1;XEUR;12372484;690;
06.06.2025;15:01:46.206;FGBS SI 20250908 PS;SIMPLE_INSTRUMENT;EFP_FIN;EUR;48;107.20000000;1059;EXCHANGE_LAST;;1;1;XEUR;12372484;690;
06.06.2025;15:01:56.647;FGBS SI 20250908 PS;SIMPLE_INSTRUMENT;EFP_FIN;EUR;49;107.23000000;2117;EXCHANGE_LAST;;1;1;XEUR;12372484;690;
06.06.2025;15:08:41.046;FGBS SI 20250908 PS;SIMPLE_INSTRUMENT;EFP_FIN;EUR;50;107.22000000;706;EXCHANGE_LAST;;1;1;XEUR;12372484;690;
06.06.2025;15:23:20.893;FGBS SI 20250908 PS;SIMPLE_INSTRUMENT;EFP_FIN;EUR;51;107.23000000;1059;EXCHANGE_LAST;;1;1;XEUR;12372484;690;
06.06.2025;15:27:35.189;FGBS SI 20250908 PS;SIMPLE_INSTRUMENT;EFP_FIN;EUR;52;107.21500000;2104;EXCHANGE_LAST;;1;1;XEUR;12372484;690;
06.06.2025;15:45:02.855;FGBS SI 20250908 PS;SIMPLE_INSTRUMENT;EFP_FIN;EUR;53;107.22500000;141;EXCHANGE_LAST;;1;1;XEUR;12372484;690;
06.06.2025;15:49:14.764;FGBS SI 20250908 PS;SIMPLE_INSTRUMENT;EFP_FIN;EUR;54;107.22000000;136;EXCHANGE_LAST;;1;1;XEUR;12372484;690;
06.06.2025;07:19:01.868;FGBX SI 20250908 PS;SIMPLE_INSTRUMENT;EFS;EUR;1;120.52000000;123;EXCHANGE_LAST;;1;1;XEUR;12372485;691;
06.06.2025;07:50:10.734;FGBX SI 20250908 PS;SIMPLE_INSTRUMENT;EFS;EUR;3;121.14000000;123;EXCHANGE_LAST;;1;1;XEUR;12372485;691;
06.06.2025;07:51:36.089;FGBX SI 20250908 PS;SIMPLE_INSTRUMENT;EFS;EUR;4;121.36000000;102;EXCHANGE_LAST;;1;1;XEUR;12372485;691;
06.06.2025;07:55:31.198;FGBX SI 20250908 PS;SIMPLE_INSTRUMENT;BLOCK;EUR;5;121.34000000;102;EXCHANGE_LAST;;1;1;XEUR;12372485;691;
06.06.2025;08:02:17.861;FGBX SI 20250908 PS;SIMPLE_INSTRUMENT;EFP_FIN;EUR;6;121.14000000;202;EXCHANGE_LAST;;1;1;XEUR;12372485;691;
06.06.2025;08:16:26.016;FGBX SI 20250908 PS;SIMPLE_INSTRUMENT;EFS;EUR;7;121.14000000;113;EXCHANGE_LAST;;1;1;XEUR;12372485;691;
06.06.2025;09:01:38.502;FGBX SI 20250908 PS;SIMPLE_INSTRUMENT;EFP_FIN;EUR;10;121.06000000;140;EXCHANGE_LAST;;1;1;XEUR;12372485;691;
06.06.2025;09:01:38.482;FGBX SI 20250908 PS;SIMPLE_INSTRUMENT;EFP_FIN;EUR;11;121.06000000;112;EXCHANGE_LAST;;1;1;XEUR;12372485;691;
06.06.2025;09:12:56.737;FGBX SI 20250908 PS;SIMPLE_INSTRUMENT;EFP_FIN;EUR;12;121.26000000;120;EXCHANGE_LAST;;1;1;XEUR;12372485;691;
06.06.2025;09:12:56.737;FGBX SI 20250908 PS;SIMPLE_INSTRUMENT;EFP_FIN;EUR;13;121.10000000;120;EXCHANGE_LAST;;1;1;XEUR;12372485;691;
06.06.2025;10:05:14.333;FGBX SI 20250908 PS;SIMPLE_INSTRUMENT;EFS;EUR;14;121.02000000;72;EXCHANGE_LAST;;1;1;XEUR;12372485;691;
06.06.2025;10:21:32.385;FGBX SI 20250908 PS;SIMPLE_INSTRUMENT;EFS;EUR;15;120.84000000;901;EXCHANGE_LAST;;1;1;XEUR;12372485;691;
06.06.2025;11:41:14.946;FGBX SI 20250908 PS;SIMPLE_INSTRUMENT;EFS;EUR;16;120.92000000;360;EXCHANGE_LAST;;1;1;XEUR;12372485;691;
06.06.2025;11:54:40.851;FGBX SI 20250908 PS;SIMPLE_INSTRUMENT;EFP_FIN;EUR;17;120.94000000;97;EXCHANGE_LAST;;1;1;XEUR;12372485;691;
06.06.2025;13:03:00.192;FGBX SI 20250908 PS;SIMPLE_INSTRUMENT;EFS;EUR;20;120.46000000;181;EXCHANGE_LAST;;1;1;XEUR;12372485;691;
06.06.2025;13:03:12.812;FGBX SI 20250908 PS;SIMPLE_INSTRUMENT;EFS;EUR;21;120.46000000;517;EXCHANGE_LAST;;1;1;XEUR;12372485;691;
06.06.2025;13:06:28.822;FGBX SI 20250908 PS;SIMPLE_INSTRUMENT;EFP_FIN;EUR;22;120.94000000;92;EXCHANGE_LAST;;1;1;XEUR;12372485;691;
06.06.2025;13:32:04.874;FGBX SI 20250908 PS;SIMPLE_INSTRUMENT;EFS;EUR;23;120.44000000;181;EXCHANGE_LAST;;1;1;XEUR;12372485;691;
06.06.2025;13:36:54.072;FGBX SI 20250908 PS;SIMPLE_INSTRUMENT;EFS;EUR;24;120.36000000;1035;EXCHANGE_LAST;;1;1;XEUR;12372485;691;
06.06.2025;13:38:50.182;FGBX SI 20250908 PS;SIMPLE_INSTRUMENT;EFP_FIN;EUR;25;120.50000000;50;EXCHANGE_LAST;;1;1;XEUR;12372485;691;
06.06.2025;14:12:28.647;FGBX SI 20250908 PS;SIMPLE_INSTRUMENT;EFS;EUR;28;120.56000000;412;EXCHANGE_LAST;;1;1;XEUR;12372485;691;
06.06.2025;14:13:10.062;FGBX SI 20250908 PS;SIMPLE_INSTRUMENT;EFP_FIN;EUR;29;120.48000000;1613;EXCHANGE_LAST;;1;1;XEUR;12372485;691;
06.06.2025;14:24:30.666;FGBX SI 20250908 PS;SIMPLE_INSTRUMENT;EFS;EUR;30;120.62000000;103;EXCHANGE_LAST;;1;1;XEUR;12372485;691;
06.06.2025;14:29:04.163;FGBX SI 20250908 PS;SIMPLE_INSTRUMENT;EFS;EUR;32;120.72000000;172;EXCHANGE_LAST;;1;1;XEUR;12372485;691;
06.06.2025;14:49:03.186;FGBX SI 20250908 PS;SIMPLE_INSTRUMENT;EFP_FIN;EUR;34;120.50000000;1234;EXCHANGE_LAST;;1;1;XEUR;12372485;691;
06.06.2025;14:57:53.552;FGBX SI 20250908 PS;SIMPLE_INSTRUMENT;EFS;EUR;36;120.84000000;72;EXCHANGE_LAST;;1;1;XEUR;12372485;691;
06.06.2025;15:07:12.563;FGBX SI 20250908 PS;SIMPLE_INSTRUMENT;EFS;EUR;38;120.84000000;550;EXCHANGE_LAST;;1;1;XEUR;12372485;691;
06.06.2025;15:09:17.064;FGBX SI 20250908 PS;SIMPLE_INSTRUMENT;EFS;EUR;39;120.86000000;271;EXCHANGE_LAST;;1;1;XEUR;12372485;691;
06.06.2025;15:11:05.146;FGBX SI 20250908 PS;SIMPLE_INSTRUMENT;EFP_FIN;EUR;40;120.48000000;1613;EXCHANGE_LAST;;1;1;XEUR;12372485;691;
06.06.2025;15:19:41.650;FGBX SI 20250908 PS;SIMPLE_INSTRUMENT;EFS;EUR;42;120.64000000;136;EXCHANGE_LAST;;1;1;XEUR;12372485;691;
06.06.2025;15:22:08.981;FGBX SI 20250908 PS;SIMPLE_INSTRUMENT;EFP_FIN;EUR;43;120.62000000;678;EXCHANGE_LAST;;1;1;XEUR;12372485;691;
06.06.2025;16:41:58.401;FGBX SI 20250908 PS;SIMPLE_INSTRUMENT;EFS;EUR;46;120.70000000;208;EXCHANGE_LAST;;1;1;XEUR;12372485;691;
06.06.2025;12:02:18.323;FGBX SI 20250908 PS;SIMPLE_INSTRUMENT;VOLA;EUR;268435508;120.92000000;21;EXCHANGE_LAST;;1;1;XEUR;12372485;691;
06.06.2025;12:02:39.327;FGBX SI 20250908 PS;SIMPLE_INSTRUMENT;VOLA;EUR;268435509;120.92000000;20;EXCHANGE_LAST;;1;1;XEUR;12372485;691;
06.06.2025;06:55:38.534;FMAE SI 20250620 CS;SIMPLE_INSTRUMENT;EFP_IDX;EUR;33;397.33400000;400;EXCHANGE_LAST;;1;1;XEUR;7939684;48921;
06.06.2025;06:14:50.498;FMAP SI 20250620 CS;SIMPLE_INSTRUMENT;BLOCK;USD;21;376.15000000;158;EXCHANGE_LAST;;1;1;XEUR;7939644;48141;
06.06.2025;10:02:19.134;FMAS SI 20250620 CS;SIMPLE_INSTRUMENT;BLOCK;USD;78;679.30000000;206;EXCHANGE_LAST;;1;1;XEUR;7938712;7061;
06.06.2025;00:21:46.044;FMAU SI 20250620 CS;SIMPLE_INSTRUMENT;BLOCK;USD;1;6147.18100000;66;EXCHANGE_LAST;;1;1;XEUR;7939462;45287;
06.06.2025;06:43:43.034;FMBZ SI 20250620 CS;SIMPLE_INSTRUMENT;BLOCK;USD;28;542.81600000;349;EXCHANGE_LAST;;1;1;XEUR;7940814;402910;
06.06.2025;01:15:20.154;FMCH SI 20250620 CS;SIMPLE_INSTRUMENT;EFP_IDX;USD;3;591.03200000;102;EXCHANGE_LAST;;1;1;XEUR;7940815;402909;
06.06.2025;01:37:35.534;FMCH SI 20250620 CS;SIMPLE_INSTRUMENT;BLOCK;USD;4;590.80000000;79;EXCHANGE_LAST;;1;1;XEUR;7940815;402909;
06.06.2025;01:47:38.860;FMCH SI 20250620 CS;SIMPLE_INSTRUMENT;BLOCK;USD;5;592.30000000;450;EXCHANGE_LAST;;1;1;XEUR;7940815;402909;
06.06.2025;05:54:28.101;FMCH SI 20250620 CS;SIMPLE_INSTRUMENT;BLOCK;USD;12;587.50000000;1702;EXCHANGE_LAST;;1;1;XEUR;7940815;402909;
06.06.2025;05:55:26.782;FMCH SI 20250919 CS;SIMPLE_INSTRUMENT;BLOCK;USD;13;593.49300000;1685;EXCHANGE_LAST;;1;1;XEUR;8429949;402909;
06.06.2025;06:08:12.515;FMCH SI 20250620 CS;SIMPLE_INSTRUMENT;BLOCK;USD;17;589.00000000;1020;EXCHANGE_LAST;;1;1;XEUR;7940815;402909;
06.06.2025;06:09:25.508;FMCH SI 20250919 CS;SIMPLE_INSTRUMENT;BLOCK;USD;18;595.06700000;1010;EXCHANGE_LAST;;1;1;XEUR;8429949;402909;
06.06.2025;06:11:18.349;FMCH SI 20250620 CS;SIMPLE_INSTRUMENT;BLOCK;USD;19;588.00000000;1022;EXCHANGE_LAST;;1;1;XEUR;7940815;402909;
06.06.2025;06:12:17.681;FMCH SI 20250919 CS;SIMPLE_INSTRUMENT;BLOCK;USD;20;593.99800000;1013;EXCHANGE_LAST;;1;1;XEUR;8429949;402909;
06.06.2025;07:46:15.632;FMCH SI 20250620 CS;SIMPLE_INSTRUMENT;BLOCK;USD;44;591.21000000;105;EXCHANGE_LAST;;1;1;XEUR;7940815;402909;
06.06.2025;07:53:58.402;FMCH SI 20250620 CS;SIMPLE_INSTRUMENT;BLOCK;USD;46;587.60000000;681;EXCHANGE_LAST;;1;1;XEUR;7940815;402909;
06.06.2025;07:54:06.943;FMCH SI 20250919 CS;SIMPLE_INSTRUMENT;BLOCK;USD;47;593.59400000;674;EXCHANGE_LAST;;1;1;XEUR;8429949;402909;
06.06.2025;08:07:57.297;FMCH SI 20250620 CS;SIMPLE_INSTRUMENT;BLOCK;USD;56;587.20000000;1238;EXCHANGE_LAST;;1;1;XEUR;7940815;402909;
06.06.2025;08:08:05.036;FMCH SI 20250919 CS;SIMPLE_INSTRUMENT;BLOCK;USD;57;593.18900000;1225;EXCHANGE_LAST;;1;1;XEUR;8429949;402909;
06.06.2025;08:09:11.616;FMCH SI 20250620 CS;SIMPLE_INSTRUMENT;BLOCK;USD;58;588.00000000;53;EXCHANGE_LAST;;1;1;XEUR;7940815;402909;
06.06.2025;08:09:22.527;FMCH SI 20250919 CS;SIMPLE_INSTRUMENT;BLOCK;USD;59;593.99800000;53;EXCHANGE_LAST;;1;1;XEUR;8429949;402909;
06.06.2025;14:11:22.693;FMCH SI 20250620 CS;SIMPLE_INSTRUMENT;BLOCK;USD;84;587.00000000;1363;EXCHANGE_LAST;;1;1;XEUR;7940815;402909;
06.06.2025;14:11:42.881;FMCH SI 20250919 CS;SIMPLE_INSTRUMENT;BLOCK;USD;85;593.01700000;1350;EXCHANGE_LAST;;1;1;XEUR;8429949;402909;
06.06.2025;10:35:03.288;FME SI 20271217 PS AM P 52.00 0;SIMPLE_INSTRUMENT;BLOCK;EUR;2;9.60000000;600;EXCHANGE_LAST;;1;1;XEUR;8992887;663;
06.06.2025;06:52:43.843;FMEA SI 20250620 CS;SIMPLE_INSTRUMENT;BLOCK;USD;29;751.08000000;488;EXCHANGE_LAST;;1;1;XEUR;7938804;12395;
06.06.2025;07:20:18.913;FMEA SI 20250620 CS;SIMPLE_INSTRUMENT;BLOCK;USD;42;751.20000000;1332;EXCHANGE_LAST;;1;1;XEUR;7938804;12395;
06.06.2025;07:20:19.503;FMEA SI 20250919 CS;SIMPLE_INSTRUMENT;BLOCK;USD;43;759.38800000;1318;EXCHANGE_LAST;;1;1;XEUR;8427804;12395;
06.06.2025;08:05:50.883;FMEA SI 20250620 CS;SIMPLE_INSTRUMENT;BLOCK;USD;52;751.10000000;1332;EXCHANGE_LAST;;1;1;XEUR;7938804;12395;
06.06.2025;08:05:22.748;FMEA SI 20250919 CS;SIMPLE_INSTRUMENT;BLOCK;USD;54;759.28700000;1318;EXCHANGE_LAST;;1;1;XEUR;8427804;12395;
06.06.2025;08:25:11.268;FMEA SI 20250620 CS;SIMPLE_INSTRUMENT;BLOCK;USD;60;751.10000000;666;EXCHANGE_LAST;;1;1;XEUR;7938804;12395;
06.06.2025;08:25:04.838;FMEA SI 20250919 CS;SIMPLE_INSTRUMENT;BLOCK;USD;61;759.28700000;659;EXCHANGE_LAST;;1;1;XEUR;8427804;12395;
06.06.2025;09:06:51.466;FMEA SI 20250620 CS;SIMPLE_INSTRUMENT;BLOCK;USD;71;751.10000000;3995;EXCHANGE_LAST;;1;1;XEUR;7938804;12395;
06.06.2025;09:08:48.031;FMEA SI 20250919 CS;SIMPLE_INSTRUMENT;BLOCK;USD;72;759.28700000;3952;EXCHANGE_LAST;;1;1;XEUR;8427804;12395;
06.06.2025;12:55:10.754;FMEA SI 20250620 CS;SIMPLE_INSTRUMENT;BLOCK;USD;81;752.30000000;1329;EXCHANGE_LAST;;1;1;XEUR;7938804;12395;
06.06.2025;12:56:13.834;FMEA SI 20250919 CS;SIMPLE_INSTRUMENT;BLOCK;USD;82;760.57500000;1315;EXCHANGE_LAST;;1;1;XEUR;8427804;12395;
06.06.2025;15:24:13.745;FMEA SI 20250620 CS;SIMPLE_INSTRUMENT;BLOCK;USD;91;752.80000000;665;EXCHANGE_LAST;;1;1;XEUR;7938804;12395;
06.06.2025;15:24:21.035;FMEA SI 20250919 CS;SIMPLE_INSTRUMENT;BLOCK;USD;92;761.15600000;658;EXCHANGE_LAST;;1;1;XEUR;8427804;12395;
06.06.2025;15:24:33.884;FMEA SI 20250919 CS;SIMPLE_INSTRUMENT;BLOCK;USD;93;761.23100000;329;EXCHANGE_LAST;;1;1;XEUR;8427804;12395;
06.06.2025;15:24:38.598;FMEA SI 20250620 CS;SIMPLE_INSTRUMENT;BLOCK;USD;94;752.80000000;333;EXCHANGE_LAST;;1;1;XEUR;7938804;12395;
06.06.2025;08:53:31.032;FMEE SI 20250620 CS;SIMPLE_INSTRUMENT;BLOCK;USD;67;353.03500000;115;EXCHANGE_LAST;;1;1;XEUR;7938810;12396;
06.06.2025;06:57:30.862;FMEN SI 20250919 CS;SIMPLE_INSTRUMENT;EFP_IDX;EUR;35;525.27000000;60;EXCHANGE_LAST;;1;1;XEUR;8428145;30652;
06.06.2025;07:07:36.700;FMEN SI 20250620 CS;SIMPLE_INSTRUMENT;EFP_IDX;EUR;39;523.17600000;10;EXCHANGE_LAST;;1;1;XEUR;7939172;30652;
06.06.2025;15:09:40.822;FMEN SI 20250620 CS;SIMPLE_INSTRUMENT;BLOCK;EUR;89;526.20000000;52;EXCHANGE_LAST;;1;1;XEUR;7939172;30652;
06.06.2025;15:17:26.436;FMEN SI 20250620 CS;SIMPLE_INSTRUMENT;BLOCK;EUR;90;526.00000000;293;EXCHANGE_LAST;;1;1;XEUR;7939172;30652;
06.06.2025;06:38:50.682;FMES SI 20250620 CS;SIMPLE_INSTRUMENT;EFP_IDX;EUR;27;619.87600000;25;EXCHANGE_LAST;;1;1;XEUR;7940344;221291;
06.06.2025;06:33:53.182;FMEU SI 20250620 CS;SIMPLE_INSTRUMENT;EFP_IDX;EUR;26;372.43000000;238;EXCHANGE_LAST;;1;1;XEUR;7938710;7058;
06.06.2025;08:45:58.563;FMGO SI 20250620 CS;SIMPLE_INSTRUMENT;EFP_IDX;USD;66;5588.96000000;15;EXCHANGE_LAST;;1;1;XEUR;8609371;583623;
06.06.2025;14:10:59.321;FMGO SI 20250620 CS;SIMPLE_INSTRUMENT;BLOCK;USD;83;5620.00000000;44;EXCHANGE_LAST;;1;1;XEUR;8609371;583623;
06.06.2025;01:49:28.323;FMHK SI 20250620 CS;SIMPLE_INSTRUMENT;BLOCK;USD;6;65975.67600000;10;EXCHANGE_LAST;;1;1;XEUR;7939458;45282;
06.06.2025;01:50:10.440;FMHK SI 20250620 CS;SIMPLE_INSTRUMENT;BLOCK;USD;7;66389.00000000;126;EXCHANGE_LAST;;1;1;XEUR;7939458;45282;
06.06.2025;01:51:33.177;FMHK SI 20250620 CS;SIMPLE_INSTRUMENT;BLOCK;USD;8;66500.00000000;26;EXCHANGE_LAST;;1;1;XEUR;7939458;45282;
06.06.2025;07:51:22.786;FMHK SI 20250620 CS;SIMPLE_INSTRUMENT;BLOCK;USD;45;66181.00000000;23;EXCHANGE_LAST;;1;1;XEUR;7939458;45282;
06.06.2025;00:29:57.274;FMID SI 20250620 CS;SIMPLE_INSTRUMENT;EFP_IDX;USD;1;1555.86000000;65;EXCHANGE_LAST;;1;1;XEUR;7939464;45289;
06.06.2025;01:06:52.619;FMIN SI 20250620 CS;SIMPLE_INSTRUMENT;BLOCK;USD;2;1285.12600000;50;EXCHANGE_LAST;;1;1;XEUR;7938852;12404;
06.06.2025;02:03:48.037;FMIN SI 20250620 CS;SIMPLE_INSTRUMENT;BLOCK;USD;9;1284.80000000;23;EXCHANGE_LAST;;1;1;XEUR;7938852;12404;
06.06.2025;03:59:32.153;FMIN SI 20250620 CS;SIMPLE_INSTRUMENT;EFP_IDX;USD;10;1284.54700000;39;EXCHANGE_LAST;;1;1;XEUR;7938852;12404;
06.06.2025;05:14:33.254;FMIN SI 20250620 CS;SIMPLE_INSTRUMENT;BLOCK;USD;11;1285.06000000;118;EXCHANGE_LAST;;1;1;XEUR;7938852;12404;
06.06.2025;06:55:50.137;FMIN SI 20250620 CS;SIMPLE_INSTRUMENT;BLOCK;USD;32;1285.18900000;118;EXCHANGE_LAST;;1;1;XEUR;7938852;12404;
06.06.2025;08:03:16.944;FMIN SI 20250620 CS;SIMPLE_INSTRUMENT;BLOCK;USD;50;1296.15000000;1467;EXCHANGE_LAST;;1;1;XEUR;7938852;12404;
06.06.2025;08:03:26.575;FMIN SI 20250919 CS;SIMPLE_INSTRUMENT;BLOCK;USD;51;1311.57400000;1449;EXCHANGE_LAST;;1;1;XEUR;8427825;12404;
06.06.2025;08:58:28.319;FMIN SI 20250620 CS;SIMPLE_INSTRUMENT;BLOCK;USD;68;1297.10000000;78;EXCHANGE_LAST;;1;1;XEUR;7938852;12404;
06.06.2025;08:58:39.781;FMIN SI 20250919 CS;SIMPLE_INSTRUMENT;BLOCK;USD;69;1312.53500000;77;EXCHANGE_LAST;;1;1;XEUR;8427825;12404;
06.06.2025;08:59:37.464;FMIN SI 20250620 CS;SIMPLE_INSTRUMENT;BLOCK;USD;70;1285.06000000;233;EXCHANGE_LAST;;1;1;XEUR;7938852;12404;
06.06.2025;09:38:18.878;FMIN SI 20250620 CS;SIMPLE_INSTRUMENT;BLOCK;USD;73;1299.00000000;50;EXCHANGE_LAST;;1;1;XEUR;7938852;12404;
06.06.2025;09:38:34.378;FMIN SI 20250919 CS;SIMPLE_INSTRUMENT;BLOCK;USD;74;1314.32800000;50;EXCHANGE_LAST;;1;1;XEUR;8427825;12404;
06.06.2025;14:19:01.165;FMMU SI 20250620 CS;SIMPLE_INSTRUMENT;BLOCK;EUR;86;340.50000000;8810;EXCHANGE_LAST;;2;1;XEUR;7939646;48138;
06.06.2025;14:19:09.309;FMMU SI 20250919 CS;SIMPLE_INSTRUMENT;BLOCK;EUR;87;342.40700000;8761;EXCHANGE_LAST;;1;2;XEUR;8428543;48138;
06.06.2025;08:07:40.608;FMMY SI 20250620 CS;SIMPLE_INSTRUMENT;BLOCK;USD;53;389.50000000;4028;EXCHANGE_LAST;;2;2;XEUR;7938853;12405;
06.06.2025;08:07:41.411;FMMY SI 20250919 CS;SIMPLE_INSTRUMENT;BLOCK;USD;55;393.78500000;3984;EXCHANGE_LAST;;2;2;XEUR;8427826;12405;
06.06.2025;08:36:31.399;FMMY SI 20250620 CS;SIMPLE_INSTRUMENT;BLOCK;USD;62;389.50000000;257;EXCHANGE_LAST;;1;1;XEUR;7938853;12405;
06.06.2025;08:36:31.985;FMMY SI 20250919 CS;SIMPLE_INSTRUMENT;BLOCK;USD;63;393.78500000;254;EXCHANGE_LAST;;1;1;XEUR;8427826;12405;
06.06.2025;09:55:26.768;FMMY SI 20250620 CS;SIMPLE_INSTRUMENT;BLOCK;USD;76;389.80000000;514;EXCHANGE_LAST;;1;1;XEUR;7938853;12405;
06.06.2025;09:55:27.338;FMMY SI 20250919 CS;SIMPLE_INSTRUMENT;BLOCK;USD;77;394.08800000;508;EXCHANGE_LAST;;1;1;XEUR;8427826;12405;
06.06.2025;07:55:35.058;FMTH SI 20250620 CS;SIMPLE_INSTRUMENT;BLOCK;USD;48;1040.50000000;1058;EXCHANGE_LAST;;1;1;XEUR;7938883;12681;
06.06.2025;07:56:04.225;FMTH SI 20250919 CS;SIMPLE_INSTRUMENT;BLOCK;USD;49;1051.94600000;1046;EXCHANGE_LAST;;1;1;XEUR;8427842;12681;
06.06.2025;08:43:18.318;FMTW SI 20250620 CS;SIMPLE_INSTRUMENT;BLOCK;USD;3;852.00000000;885;EXCHANGE_LAST;;2;2;XEUR;7939790;51884;
06.06.2025;08:44:23.952;FMTW SI 20250919 CS;SIMPLE_INSTRUMENT;BLOCK;USD;4;860.43500000;876;EXCHANGE_LAST;;2;2;XEUR;8428623;51884;
06.06.2025;06:51:54.605;FMWL SI 20250620 CS;SIMPLE_INSTRUMENT;EFP_IDX;USD;2;977.22900000;91;EXCHANGE_LAST;;1;1;XEUR;7940144;124312;
06.06.2025;06:33:22.357;FMWN SI 20250620 CS;SIMPLE_INSTRUMENT;EFP_IDX;EUR;25;554.81000000;77;EXCHANGE_LAST;;1;1;XEUR;7939177;30654;
06.06.2025;06:59:15.918;FMWN SI 20250620 CS;SIMPLE_INSTRUMENT;EFP_IDX;EUR;36;554.45300000;45;EXCHANGE_LAST;;1;1;XEUR;7939177;30654;
06.06.2025;07:04:35.472;FMWN SI 20250620 CS;SIMPLE_INSTRUMENT;BLOCK;EUR;37;554.45300000;210;EXCHANGE_LAST;;1;1;XEUR;7939177;30654;
06.06.2025;06:01:32.298;FMWO SI 20250620 CS;SIMPLE_INSTRUMENT;EFP_IDX;USD;14;12424.08000000;64;EXCHANGE_LAST;;1;1;XEUR;7938711;7059;
06.06.2025;06:54:05.957;FMWO SI 20250620 CS;SIMPLE_INSTRUMENT;EFP_IDX;USD;31;12420.58000000;56;EXCHANGE_LAST;;1;1;XEUR;7938711;7059;
06.06.2025;07:04:37.654;FMWO SI 20250620 CS;SIMPLE_INSTRUMENT;EFP_IDX;USD;38;12421.58000000;122;EXCHANGE_LAST;;1;1;XEUR;7938711;7059;
06.06.2025;12:13:08.662;FMWO SI 20250620 CS;SIMPLE_INSTRUMENT;BLOCK;USD;79;12450.00000000;1606;EXCHANGE_LAST;;1;2;XEUR;7938711;7059;
06.06.2025;12:13:17.474;FMWO SI 20260320 CS;SIMPLE_INSTRUMENT;BLOCK;USD;80;12862.71800000;1555;EXCHANGE_LAST;;2;1;XEUR;9208921;7059;
06.06.2025;06:57:15.219;FMWR SI 20250620 CS;SIMPLE_INSTRUMENT;BLOCK;USD;34;474.33500000;125;EXCHANGE_LAST;;1;1;XEUR;7940150;124319;
06.06.2025;07:13:02.600;FMWT SI 20250620 CS;SIMPLE_INSTRUMENT;EFP_IDX;USD;40;614.67400000;154;EXCHANGE_LAST;;1;1;XEUR;7940151;124318;
06.06.2025;06:27:37.412;FMWZ SI 20250919 CS;SIMPLE_INSTRUMENT;EFP_IDX;USD;24;1351.48500000;140;EXCHANGE_LAST;;1;1;XEUR;9508170;674556;
06.06.2025;06:57:11.173;FOAT SI 20250908 PS;SIMPLE_INSTRUMENT;EFP_FIN;EUR;1;123.94000000;496;EXCHANGE_LAST;;1;1;XEUR;12372486;749;
06.06.2025;07:57:29.966;FOAT SI 20250908 PS;SIMPLE_INSTRUMENT;EFP_FIN;EUR;2;124.32000000;1584;EXCHANGE_LAST;;1;1;XEUR;12372486;749;
06.06.2025;08:11:37.943;FOAT SI 20250908 PS;SIMPLE_INSTRUMENT;EFP_FIN;EUR;3;124.27000000;1027;EXCHANGE_LAST;;1;1;XEUR;12372486;749;
06.06.2025;08:18:01.042;FOAT SI 20250908 PS;SIMPLE_INSTRUMENT;EFP_FIN;EUR;4;124.31000000;369;EXCHANGE_LAST;;1;1;XEUR;12372486;749;
06.06.2025;08:28:02.077;FOAT SI 20250908 PS;SIMPLE_INSTRUMENT;EFP_FIN;EUR;5;124.12000000;1598;EXCHANGE_LAST;;1;1;XEUR;12372486;749;
06.06.2025;08:34:17.785;FOAT SI 20250908 PS;SIMPLE_INSTRUMENT;EFP_FIN;EUR;6;124.25000000;199;EXCHANGE_LAST;;1;1;XEUR;12372486;749;
06.06.2025;08:40:39.149;FOAT SI 20250908 PS;SIMPLE_INSTRUMENT;EFP_FIN;EUR;7;124.30000000;238;EXCHANGE_LAST;;1;1;XEUR;12372486;749;
06.06.2025;08:42:18.671;FOAT SI 20250908 PS;SIMPLE_INSTRUMENT;EFP_FIN;EUR;8;124.33000000;436;EXCHANGE_LAST;;1;1;XEUR;12372486;749;
06.06.2025;09:01:38.502;FOAT SI 20250908 PS;SIMPLE_INSTRUMENT;EFP_FIN;EUR;9;124.28000000;1584;EXCHANGE_LAST;;1;1;XEUR;12372486;749;
06.06.2025;09:04:44.113;FOAT SI 20250908 PS;SIMPLE_INSTRUMENT;EFP_FIN;EUR;10;124.32000000;669;EXCHANGE_LAST;;1;1;XEUR;12372486;749;
06.06.2025;09:14:39.167;FOAT SI 20250908 PS;SIMPLE_INSTRUMENT;EFP_FIN;EUR;11;124.35000000;79;EXCHANGE_LAST;;1;1;XEUR;12372486;749;
06.06.2025;09:09:46.280;FOAT SI 20250908 PS;SIMPLE_INSTRUMENT;EFP_FIN;EUR;12;124.37000000;1188;EXCHANGE_LAST;;1;1;XEUR;12372486;749;
06.06.2025;09:17:48.207;FOAT SI 20250908 PS;SIMPLE_INSTRUMENT;EFP_FIN;EUR;13;124.40000000;1188;EXCHANGE_LAST;;1;1;XEUR;12372486;749;
06.06.2025;09:45:08.897;FOAT SI 20250908 PS;SIMPLE_INSTRUMENT;EFP_FIN;EUR;14;124.34000000;990;EXCHANGE_LAST;;1;1;XEUR;12372486;749;
06.06.2025;09:59:41.364;FOAT SI 20250908 PS;SIMPLE_INSTRUMENT;EFP_FIN;EUR;15;124.29000000;475;EXCHANGE_LAST;;1;1;XEUR;12372486;749;
06.06.2025;10:00:24.204;FOAT SI 20250908 PS;SIMPLE_INSTRUMENT;EFP_FIN;EUR;16;124.27000000;870;EXCHANGE_LAST;;1;1;XEUR;12372486;749;
06.06.2025;10:11:58.956;FOAT SI 20250908 PS;SIMPLE_INSTRUMENT;EFP_FIN;EUR;17;124.32000000;792;EXCHANGE_LAST;;1;1;XEUR;12372486;749;
06.06.2025;10:19:18.144;FOAT SI 20250908 PS;SIMPLE_INSTRUMENT;EFP_FIN;EUR;18;124.32000000;792;EXCHANGE_LAST;;1;1;XEUR;12372486;749;
06.06.2025;10:40:22.987;FOAT SI 20250908 PS;SIMPLE_INSTRUMENT;EFP_FIN;EUR;19;124.15000000;450;EXCHANGE_LAST;;1;1;XEUR;12372486;749;
06.06.2025;10:46:19.675;FOAT SI 20250908 PS;SIMPLE_INSTRUMENT;EFS;EUR;20;124.33000000;1777;EXCHANGE_LAST;;1;1;XEUR;12372486;749;
06.06.2025;10:49:54.378;FOAT SI 20250908 PS;SIMPLE_INSTRUMENT;EFP_FIN;EUR;21;124.34000000;396;EXCHANGE_LAST;;1;1;XEUR;12372486;749;
06.06.2025;10:50:10.542;FOAT SI 20250908 PS;SIMPLE_INSTRUMENT;EFP_FIN;EUR;22;124.28000000;792;EXCHANGE_LAST;;1;1;XEUR;12372486;749;
06.06.2025;11:02:23.378;FOAT SI 20250908 PS;SIMPLE_INSTRUMENT;EFP_FIN;EUR;23;124.35000000;208;EXCHANGE_LAST;;1;1;XEUR;12372486;749;
06.06.2025;11:05:13.006;FOAT SI 20250908 PS;SIMPLE_INSTRUMENT;EFP_FIN;EUR;24;124.31000000;203;EXCHANGE_LAST;;1;1;XEUR;12372486;749;
06.06.2025;11:06:32.011;FOAT SI 20250908 PS;SIMPLE_INSTRUMENT;EFP_FIN;EUR;25;124.31000000;202;EXCHANGE_LAST;;1;1;XEUR;12372486;749;
06.06.2025;11:10:33.979;FOAT SI 20250908 PS;SIMPLE_INSTRUMENT;EFP_FIN;EUR;26;124.35000000;362;EXCHANGE_LAST;;1;1;XEUR;12372486;749;
06.06.2025;11:29:43.322;FOAT SI 20250908 PS;SIMPLE_INSTRUMENT;EFP_FIN;EUR;27;124.30000000;1981;EXCHANGE_LAST;;1;1;XEUR;12372486;749;
06.06.2025;11:32:34.089;FOAT SI 20250908 PS;SIMPLE_INSTRUMENT;EFP_FIN;EUR;28;124.26000000;992;EXCHANGE_LAST;;1;1;XEUR;12372486;749;
06.06.2025;11:39:56.304;FOAT SI 20250908 PS;SIMPLE_INSTRUMENT;BLOCK;EUR;29;124.30000000;503;EXCHANGE_LAST;;1;1;XEUR;12372486;749;
06.06.2025;11:42:58.774;FOAT SI 20250908 PS;SIMPLE_INSTRUMENT;BLOCK;EUR;30;124.27000000;1295;EXCHANGE_LAST;;1;1;XEUR;12372486;749;
06.06.2025;11:48:26.639;FOAT SI 20250908 PS;SIMPLE_INSTRUMENT;EFP_FIN;EUR;31;124.24000000;1188;EXCHANGE_LAST;;1;1;XEUR;12372486;749;
06.06.2025;11:58:30.158;FOAT SI 20250908 PS;SIMPLE_INSTRUMENT;EFP_FIN;EUR;32;124.24000000;640;EXCHANGE_LAST;;1;1;XEUR;12372486;749;
06.06.2025;12:17:22.791;FOAT SI 20250908 PS;SIMPLE_INSTRUMENT;EFP_FIN;EUR;33;124.27000000;571;EXCHANGE_LAST;;1;1;XEUR;12372486;749;
06.06.2025;12:31:25.452;FOAT SI 20250908 PS;SIMPLE_INSTRUMENT;EFP_FIN;EUR;34;124.30000000;126;EXCHANGE_LAST;;1;1;XEUR;12372486;749;
06.06.2025;12:35:17.532;FOAT SI 20250908 PS;SIMPLE_INSTRUMENT;EFP_FIN;EUR;35;124.30000000;126;EXCHANGE_LAST;;1;1;XEUR;12372486;749;
06.06.2025;12:52:09.970;FOAT SI 20250908 PS;SIMPLE_INSTRUMENT;EFP_FIN;EUR;36;124.28000000;198;EXCHANGE_LAST;;1;1;XEUR;12372486;749;
06.06.2025;12:59:17.691;FOAT SI 20250908 PS;SIMPLE_INSTRUMENT;EFP_FIN;EUR;37;124.30000000;232;EXCHANGE_LAST;;1;1;XEUR;12372486;749;
06.06.2025;13:08:17.451;FOAT SI 20250908 PS;SIMPLE_INSTRUMENT;EFP_FIN;EUR;38;124.01000000;198;EXCHANGE_LAST;;1;1;XEUR;12372486;749;
06.06.2025;13:19:06.161;FOAT SI 20250908 PS;SIMPLE_INSTRUMENT;BLOCK;EUR;39;124.03000000;1028;EXCHANGE_LAST;;1;1;XEUR;12372486;749;
06.06.2025;13:32:40.649;FOAT SI 20250908 PS;SIMPLE_INSTRUMENT;EFP_FIN;EUR;40;124.01000000;83;EXCHANGE_LAST;;1;1;XEUR;12372486;749;
06.06.2025;13:42:06.447;FOAT SI 20250908 PS;SIMPLE_INSTRUMENT;EFP_FIN;EUR;41;124.03000000;830;EXCHANGE_LAST;;1;1;XEUR;12372486;749;
06.06.2025;14:02:38.968;FOAT SI 20250908 PS;SIMPLE_INSTRUMENT;EFP_FIN;EUR;42;124.30000000;162;EXCHANGE_LAST;;1;1;XEUR;12372486;749;
06.06.2025;14:02:58.388;FOAT SI 20250908 PS;SIMPLE_INSTRUMENT;EFP_FIN;EUR;43;124.30000000;558;EXCHANGE_LAST;;1;1;XEUR;12372486;749;
06.06.2025;14:03:22.981;FOAT SI 20250908 PS;SIMPLE_INSTRUMENT;EFP_FIN;EUR;44;124.30000000;234;EXCHANGE_LAST;;1;1;XEUR;12372486;749;
06.06.2025;14:04:34.202;FOAT SI 20250908 PS;SIMPLE_INSTRUMENT;EFP_FIN;EUR;45;124.06000000;96;EXCHANGE_LAST;;1;1;XEUR;12372486;749;
06.06.2025;14:34:33.338;FOAT SI 20250908 PS;SIMPLE_INSTRUMENT;EFP_FIN;EUR;46;124.02000000;792;EXCHANGE_LAST;;1;1;XEUR;12372486;749;
06.06.2025;15:10:59.706;FOAT SI 20250908 PS;SIMPLE_INSTRUMENT;EFP_FIN;EUR;47;124.10000000;396;EXCHANGE_LAST;;1;1;XEUR;12372486;749;
06.06.2025;15:13:02.959;FOAT SI 20250908 PS;SIMPLE_INSTRUMENT;EFP_FIN;EUR;48;124.10000000;396;EXCHANGE_LAST;;1;1;XEUR;12372486;749;
06.06.2025;15:16:55.370;FOAT SI 20250908 PS;SIMPLE_INSTRUMENT;EFP_FIN;EUR;49;124.12000000;1584;EXCHANGE_LAST;;1;1;XEUR;12372486;749;
06.06.2025;15:41:07.511;FSEG SI 20250620 CS;SIMPLE_INSTRUMENT;EFP_IDX;EUR;27;203.70000000;3;EXCHANGE_LAST;;1;1;XEUR;11913120;109977;
06.06.2025;15:41:43.681;FSEG SI 20250620 CS;SIMPLE_INSTRUMENT;EFP_IDX;EUR;28;203.60000000;12;EXCHANGE_LAST;;1;1;XEUR;11913120;109977;
06.06.2025;15:42:28.552;FSEG SI 20250620 CS;SIMPLE_INSTRUMENT;EFP_IDX;EUR;29;203.60000000;18;EXCHANGE_LAST;;1;1;XEUR;11913120;109977;
06.06.2025;15:42:47.931;FSEG SI 20250620 CS;SIMPLE_INSTRUMENT;EFP_IDX;EUR;30;203.70000000;2;EXCHANGE_LAST;;1;1;XEUR;11913120;109977;
06.06.2025;15:41:49.746;FSMI SI 20250620 CS;SIMPLE_INSTRUMENT;EFP_IDX;CHF;1;12366.00000000;67;EXCHANGE_LAST;;1;1;XEUR;7904351;757;
06.06.2025;07:04:21.776;FST3 SI 20250917 CS;SIMPLE_INSTRUMENT;BLOCK;EUR;2;98.23500000;4000;EXCHANGE_LAST;;1;1;XEUR;8924071;620947;
06.06.2025;15:45:31.428;FSTF SI 20250620 CS;SIMPLE_INSTRUMENT;BLOCK;EUR;8;876.80000000;350;EXCHANGE_LAST;;1;1;XEUR;11881329;718;
06.06.2025;15:43:08.868;FSTM SI 20250620 CS;SIMPLE_INSTRUMENT;BLOCK;EUR;7;468.80000000;440;EXCHANGE_LAST;;1;1;XEUR;11881316;705;
06.06.2025;10:14:45.223;FXXP SI 20250620 CS;SIMPLE_INSTRUMENT;VOLA;EUR;603979797;552.00000000;385;EXCHANGE_LAST;;1;1;XEUR;7904812;816;
06.06.2025;08:30:03.447;G3ZF SI 20261218 CS;SIMPLE_INSTRUMENT;BLOCK;EUR;1;1.49000000;1250;EXCHANGE_LAST;;1;1;XEUR;6825108;144760;
06.06.2025;09:09:19.085;G3ZF SI 20261218 CS;SIMPLE_INSTRUMENT;BLOCK;EUR;6;1.49000000;500;EXCHANGE_LAST;;1;1;XEUR;6825108;144760;
06.06.2025;09:23:18.708;G3ZF SI 20271217 CS;SIMPLE_INSTRUMENT;BLOCK;EUR;10;1.27000000;700;EXCHANGE_LAST;;2;1;XEUR;8413561;144760;
06.06.2025;10:08:14.323;G3ZF SI 20281215 CS;SIMPLE_INSTRUMENT;BLOCK;EUR;22;1.12000000;400;EXCHANGE_LAST;;1;1;XEUR;9955522;144760;
06.06.2025;08:40:04.881;GOBG SI 20250620 CS;SIMPLE_INSTRUMENT;BLOCK;EUR;2;99.00000000;700;EXCHANGE_LAST;;1;1;XEUR;11176731;873;
06.06.2025;13:36:10.306;HEI.O.250606.STD.000002;STANDARD_OPTION_STRATEGY;BLOCK;EUR;4;23.75000000;300;EXCHANGE_LAST;;1;1;XEUR;72061197515515803;839;
06.06.2025;13:36:10.306;HEI SI 20250919 PS AM P 180.00 0;SIMPLE_INSTRUMENT;BLOCK;EUR;4;10.95000000;300;PRC_DECOMP_EXCHANGE;;;;XEUR;11882900;839;EXCHANGE
06.06.2025;13:36:10.306;HEI SI 20250919 PS AM C 180.00 0;SIMPLE_INSTRUMENT;BLOCK;EUR;4;12.80000000;300;PRC_DECOMP_EXCHANGE;;;;XEUR;11882903;839;EXCHANGE
06.06.2025;10:30:45.751;I5NN SI 20271217 CS;SIMPLE_INSTRUMENT;BLOCK;EUR;26;0.93000000;250;EXCHANGE_LAST;;1;1;XEUR;12866000;1046760;
06.06.2025;10:30:55.752;I5NN SI 20271217 CS;SIMPLE_INSTRUMENT;BLOCK;EUR;27;0.95000000;750;EXCHANGE_LAST;;1;1;XEUR;12866000;1046760;
06.06.2025;09:52:16.452;IES5 SI 20250918 PS AM P 4.80 0;SIMPLE_INSTRUMENT;BLOCK;EUR;7;0.18000000;2000;EXCHANGE_LAST;;3;1;XEUR;11864038;900;
06.06.2025;12:08:55.068;IES5.O.250606.STD.000002;STANDARD_OPTION_STRATEGY;BLOCK;EUR;8;1.23000000;600;EXCHANGE_LAST;;1;1;XEUR;72061459508503917;900;
06.06.2025;12:08:55.068;IES5 SI 20261217 PS AM P 4.80 0;SIMPLE_INSTRUMENT;BLOCK;EUR;8;0.66000000;600;PRC_DECOMP_EXCHANGE;;;;XEUR;9745519;900;EXCHANGE
06.06.2025;12:08:55.068;IES5 SI 20261217 PS AM C 4.80 0;SIMPLE_INSTRUMENT;BLOCK;EUR;8;0.57000000;600;PRC_DECOMP_EXCHANGE;;;;XEUR;9745520;900;EXCHANGE
06.06.2025;14:43:13.350;IES5.O.250606.BRT.000003;STANDARD_OPTION_STRATEGY;BLOCK;EUR;11;0.26000000;1500;EXCHANGE_LAST;;1;1;XEUR;72061459508503918;900;
06.06.2025;14:43:13.350;IES5 SI 20270617 PS AM P 4.00 0;SIMPLE_INSTRUMENT;BLOCK;EUR;11;0.40000000;1500;PRC_DECOMP_EXCHANGE;;;;XEUR;11338324;900;EXCHANGE
06.06.2025;14:43:13.350;IES5 SI 20260319 PS AM P 4.00 0;SIMPLE_INSTRUMENT;BLOCK;EUR;11;0.14000000;1500;PRC_DECOMP_EXCHANGE;;;;XEUR;12988738;900;EXCHANGE
06.06.2025;08:59:25.260;IFX SI 20251219 PS AM C 36.00 0;SIMPLE_INSTRUMENT;BLOCK;EUR;1;3.89000000;1000;EXCHANGE_LAST;;1;1;XEUR;5933328;902;
06.06.2025;10:29:27.017;IFX SI 20250919 PS AM C 36.00 0;SIMPLE_INSTRUMENT;BLOCK;EUR;3;2.81000000;1000;EXCHANGE_LAST;;1;1;XEUR;11884144;902;
06.06.2025;15:16:10.013;IFX SI 20251219 PS AM C 38.00 0;SIMPLE_INSTRUMENT;BLOCK;EUR;6;3.29000000;1000;EXCHANGE_LAST;;1;1;XEUR;11684913;902;
06.06.2025;08:05:47.485;LISP SI 20261218 PS AM C 13400.0 0;SIMPLE_INSTRUMENT;BLOCK;CHF;5;975.00000000;200;EXCHANGE_LAST;;1;1;XEUR;13531912;1149;
06.06.2025;10:22:56.611;LOR SI 20250919 PS AM P 340.00 0;SIMPLE_INSTRUMENT;BLOCK;EUR;9;6.35000000;150;EXCHANGE_LAST;;1;1;XEUR;11887784;1140;
06.06.2025;13:11:30.223;LOR.O.250606.BLT.000004;STANDARD_OPTION_STRATEGY;BLOCK;EUR;18;14.35000000;250;EXCHANGE_LAST;;1;1;XEUR;72062490300666375;1140;
06.06.2025;13:11:30.223;LOR SI 20260320 PS AM C 360.00 0;SIMPLE_INSTRUMENT;BLOCK;EUR;18;48.39000000;250;PRC_DECOMP_EXCHANGE;;;;XEUR;13011852;1140;EXCHANGE
06.06.2025;13:11:30.223;LOR SI 20250919 PS AM C 360.00 0;SIMPLE_INSTRUMENT;BLOCK;EUR;18;34.04000000;250;PRC_DECOMP_EXCHANGE;;;;XEUR;11887782;1140;EXCHANGE
06.06.2025;14:08:01.048;LOR SI 20251219 PS AM C 380.00 0;SIMPLE_INSTRUMENT;BLOCK;EUR;21;29.89000000;150;EXCHANGE_LAST;;1;1;XEUR;12449166;1140;
06.06.2025;15:59:41.450;LOR FI 20250718 PS EU C 385.0000 0;FLEXIBLE_INSTRUMENT;BLOCK;EUR;22;10.06000000;108;EXCHANGE_LAST;;1;1;XEUR;1152926400869578431;1140;
