#Date;TrdTime;Contract;ContractType;TrdTyp;Currency;TesId;Prc;Qty;TrdInd;Aggressor;Buy;Sell;Exch;InstrumentId;RelatedProdId;PrcDecomp
07.03.2025;10:43:32.561;2FE SI 20250320 PS AM P 395.00 0;SIMPLE_INSTRUMENT;BLOCK;EUR;6;3.60000000;300;EXCHANGE_LAST;;1;1;XEUR;12808291;57129;
07.03.2025;15:39:48.616;A3NN SI 20261218 CS;SIMPLE_INSTRUMENT;BLOCK;EUR;73;1.00000000;600;EXCHANGE_LAST;;3;2;XEUR;7365502;464375;
07.03.2025;09:54:09.224;ADEN SI 20250620 PS AM P 22.00 0;SIMPLE_INSTRUMENT;BLOCK;CHF;20;0.50000000;2000;EXCHANGE_LAST;;1;1;XEUR;11347907;44;
07.03.2025;14:55:51.102;ADS SI 20250919 PS AM P 180.00 0;SIMPLE_INSTRUMENT;BLOCK;EUR;22;3.60000000;500;EXCHANGE_LAST;;1;1;XEUR;11870810;50;
07.03.2025;15:04:04.267;ADS.O.250307.STD.000008;STANDARD_OPTION_STRATEGY;BLOCK;EUR;24;50.25000000;300;EXCHANGE_LAST;;1;1;XEUR;72057808786332594;50;
07.03.2025;15:04:04.267;ADS SI 20251219 PS AM P 240.00 0;SIMPLE_INSTRUMENT;BLOCK;EUR;24;26.02000000;300;PRC_DECOMP_EXCHANGE;;;;XEUR;5919900;50;EXCHANGE
07.03.2025;15:04:04.267;ADS SI 20251219 PS AM C 240.00 0;SIMPLE_INSTRUMENT;BLOCK;EUR;24;24.23000000;300;PRC_DECOMP_EXCHANGE;;;;XEUR;5919899;50;EXCHANGE
07.03.2025;09:56:49.100;ALV.O.250307.PBUT.000006;STANDARD_OPTION_STRATEGY;BLOCK;EUR;1;2.50000000;500;EXCHANGE_LAST;;1;1;XEUR;72057911865569622;74;
07.03.2025;09:56:49.100;ALV SI 20250516 PS AM P 300.00 0;SIMPLE_INSTRUMENT;BLOCK;EUR;1;3.27000000;1000;PRC_DECOMP_EXCHANGE;;;;XEUR;12812788;74;EXCHANGE
07.03.2025;09:56:49.100;ALV SI 20250516 PS AM P 280.00 0;SIMPLE_INSTRUMENT;BLOCK;EUR;1;1.90000000;500;PRC_DECOMP_EXCHANGE;;;;XEUR;12812813;74;EXCHANGE
07.03.2025;09:56:49.100;ALV SI 20250516 PS AM P 320.00 0;SIMPLE_INSTRUMENT;BLOCK;EUR;1;7.14000000;500;PRC_DECOMP_EXCHANGE;;;;XEUR;12812767;74;EXCHANGE
07.03.2025;10:33:11.235;ALV SI 20250620 PS AM P 300.00 0;SIMPLE_INSTRUMENT;BLOCK;EUR;2;4.90000000;500;EXCHANGE_LAST;;1;1;XEUR;11349304;74;
07.03.2025;10:45:45.153;ALV SI 20250620 PS AM C 340.00 0;SIMPLE_INSTRUMENT;BLOCK;EUR;5;14.15000000;350;EXCHANGE_LAST;;1;1;XEUR;11349413;74;
07.03.2025;11:16:54.249;ALV SI 20251219 PS AM P 260.00 0;SIMPLE_INSTRUMENT;BLOCK;EUR;6;4.55000000;2900;EXCHANGE_LAST;;1;1;XEUR;10976920;74;
07.03.2025;11:16:58.249;ALV SI 20260619 PS AM P 300.00 0;SIMPLE_INSTRUMENT;BLOCK;EUR;7;17.70000000;1700;EXCHANGE_LAST;;1;1;XEUR;12604563;74;
07.03.2025;12:34:26.438;ALV SI 20250919 PS AM P 340.00 0;SIMPLE_INSTRUMENT;BLOCK;EUR;10;21.60000000;300;EXCHANGE_LAST;;1;1;XEUR;11871543;74;
07.03.2025;12:35:39.112;ALVG SI 20250321 CS;SIMPLE_INSTRUMENT;BLOCK;EUR;54;342.85000000;1000;EXCHANGE_LAST;;1;1;XEUR;10693113;85;
07.03.2025;08:25:32.361;AMS SI 20250919 PS AM P 10.00 0;SIMPLE_INSTRUMENT;BLOCK;CHF;2;2.28000000;500;EXCHANGE_LAST;;1;1;XEUR;11997327;10807;
07.03.2025;08:52:10.745;ANN SI 20250620 PS AM C 28.00 0;SIMPLE_INSTRUMENT;BLOCK;EUR;4;1.18000000;10000;EXCHANGE_LAST;;1;4;XEUR;7921071;45202;
07.03.2025;09:15:04.801;ANN SI 20250919 PS AM P 22.00 0;SIMPLE_INSTRUMENT;BLOCK;EUR;6;1.42000000;750;EXCHANGE_LAST;;1;1;XEUR;11906399;45202;
07.03.2025;09:33:58.013;ANN SI 20250620 PS AM C 28.00 0;SIMPLE_INSTRUMENT;BLOCK;EUR;11;1.18000000;12500;EXCHANGE_LAST;;3;3;XEUR;7921071;45202;
07.03.2025;10:05:37.126;ANN SI 20261218 PS AM P 20.00 0;SIMPLE_INSTRUMENT;BLOCK;EUR;15;2.16000000;750;EXCHANGE_LAST;;1;1;XEUR;7758061;45202;
07.03.2025;11:03:28.308;ANN SI 20250620 PS AM C 28.00 0;SIMPLE_INSTRUMENT;BLOCK;EUR;21;1.12000000;6000;EXCHANGE_LAST;;2;1;XEUR;7921071;45202;
07.03.2025;13:32:58.695;ANN SI 20250516 PS AM P 18.00 0;SIMPLE_INSTRUMENT;BLOCK;EUR;33;0.18000000;8000;EXCHANGE_LAST;;1;3;XEUR;12838381;45202;
07.03.2025;13:38:58.397;ANN SI 20251219 PS AM P 26.00 0;SIMPLE_INSTRUMENT;BLOCK;EUR;40;3.65000000;5500;EXCHANGE_LAST;;3;1;XEUR;12469704;45202;
07.03.2025;14:59:54.658;ANN SI 20250321 PS AM P 25.00 0;SIMPLE_INSTRUMENT;BLOCK;EUR;41;0.64000000;3600;EXCHANGE_LAST;;1;1;XEUR;12233563;45202;
07.03.2025;14:59:53.987;ANN SI 20250321 PS AM P 25.00 0;SIMPLE_INSTRUMENT;BLOCK;EUR;42;0.65000000;1200;EXCHANGE_LAST;;1;1;XEUR;12233563;45202;
07.03.2025;15:17:49.398;ANN SI 20250321 PS AM P 25.00 0;SIMPLE_INSTRUMENT;BLOCK;EUR;44;0.65000000;5000;EXCHANGE_LAST;;3;1;XEUR;12233563;45202;
07.03.2025;12:09:30.550;ASG5 SI 20250417 PS AM C 32.50 0;SIMPLE_INSTRUMENT;BLOCK;EUR;9;0.74000000;5000;EXCHANGE_LAST;;1;1;XEUR;12607106;109;
07.03.2025;12:31:08.393;ASM SI 20260619 PS AM P 640.00 0;SIMPLE_INSTRUMENT;BLOCK;EUR;10;86.75000000;200;EXCHANGE_LAST;;1;1;XEUR;9538542;107;
07.03.2025;15:32:00.780;ASM SI 20250919 PS AM C 720.00 0;SIMPLE_INSTRUMENT;BLOCK;EUR;22;55.00000000;150;EXCHANGE_LAST;;1;1;XEUR;11872157;107;
07.03.2025;15:51:23.788;ASM SI 20261218 PS AM P 640.00 0;SIMPLE_INSTRUMENT;BLOCK;EUR;23;104.30000000;150;EXCHANGE_LAST;;1;1;XEUR;7152934;107;
07.03.2025;13:17:19.507;ASMH SI 20250620 CS;SIMPLE_INSTRUMENT;BLOCK;EUR;55;676.20000000;2000;EXCHANGE_LAST;;1;1;XEUR;11191365;3979;
07.03.2025;13:25:57.513;AXA SI 20250620 PS AM C 42.00 0;SIMPLE_INSTRUMENT;BLOCK;EUR;34;0.33000000;3000;EXCHANGE_LAST;;1;1;XEUR;11350287;127;
07.03.2025;13:28:27.446;AXA SI 20250919 PS AM P 36.00 0;SIMPLE_INSTRUMENT;BLOCK;EUR;38;1.81000000;4000;EXCHANGE_LAST;;2;1;XEUR;11872539;127;
07.03.2025;13:45:47.172;B2MW SI 20251219 CS;SIMPLE_INSTRUMENT;BLOCK;EUR;60;4.39000000;100;EXCHANGE_LAST;;1;1;XEUR;3681121;128;
07.03.2025;16:31:06.063;B2MW SI 20251219 CS;SIMPLE_INSTRUMENT;BLOCK;EUR;87;4.40000000;150;EXCHANGE_LAST;;1;2;XEUR;3681121;128;
07.03.2025;11:31:30.749;B2NP SI 20261218 CS;SIMPLE_INSTRUMENT;BLOCK;EUR;45;4.90000000;150;EXCHANGE_LAST;;1;1;XEUR;6798320;131;
07.03.2025;16:32:45.485;B2NP SI 20261218 CS;SIMPLE_INSTRUMENT;BLOCK;EUR;88;4.86500000;50;EXCHANGE_LAST;;1;1;XEUR;6798320;131;
07.03.2025;15:48:51.099;B2SN SI 20261218 CS;SIMPLE_INSTRUMENT;BLOCK;EUR;83;2.24000000;288;EXCHANGE_LAST;;1;1;XEUR;6798344;133;
07.03.2025;10:12:01.382;BAN SI 20251219 PS AM P 46.00 0;SIMPLE_INSTRUMENT;ENLIGHT;CHF;24;2.30000000;250;EXCHANGE_LAST;;1;1;XEUR;12484522;298535;
07.03.2025;15:37:58.790;BAN SI 20250919 PS AM C 60.00 0;SIMPLE_INSTRUMENT;BLOCK;CHF;74;2.92000000;500;EXCHANGE_LAST;;1;1;XEUR;11919777;298535;
07.03.2025;09:25:31.739;BARN SI 20250321 PS AM P 1080.00 0;SIMPLE_INSTRUMENT;ENLIGHT;CHF;9;11.50000000;100;EXCHANGE_LAST;;1;1;XEUR;10830617;149;
07.03.2025;10:04:05.596;BAS SI 20250321 PS AM C 50.50 0;SIMPLE_INSTRUMENT;BLOCK;EUR;1;4.26000000;2500;EXCHANGE_LAST;;1;1;XEUR;12673177;150;
07.03.2025;10:29:26.805;BAS SI 20250919 PS AM P 46.00 0;SIMPLE_INSTRUMENT;BLOCK;EUR;2;2.10000000;800;EXCHANGE_LAST;;1;1;XEUR;11873023;150;
07.03.2025;11:16:49.027;BAS.O.250307.BER.000032;STANDARD_OPTION_STRATEGY;BLOCK;EUR;4;2.55000000;3000;EXCHANGE_LAST;;1;2;XEUR;72058238283092364;150;
07.03.2025;11:16:49.027;BAS SI 20250620 PS AM P 38.00 0;SIMPLE_INSTRUMENT;BLOCK;EUR;4;0.40000000;3000;PRC_DECOMP_EXCHANGE;;;;XEUR;11350812;150;EXCHANGE
07.03.2025;11:16:49.027;BAS SI 20250620 PS AM P 50.00 0;SIMPLE_INSTRUMENT;BLOCK;EUR;4;2.95000000;3000;PRC_DECOMP_EXCHANGE;;;;XEUR;10779746;150;EXCHANGE
07.03.2025;11:16:47.801;BAS SI 20250620 PS AM C 54.00 0;SIMPLE_INSTRUMENT;BLOCK;EUR;5;3.55000000;2000;EXCHANGE_LAST;;2;1;XEUR;10779747;150;
07.03.2025;11:55:44.744;BAS SI 20260619 PS AM P 36.00 0;SIMPLE_INSTRUMENT;BLOCK;EUR;10;1.42000000;4000;EXCHANGE_LAST;;1;4;XEUR;9539328;150;
07.03.2025;12:23:11.569;BAS SI 20260619 PS AM C 52.00 0;SIMPLE_INSTRUMENT;BLOCK;EUR;14;6.61000000;1500;EXCHANGE_LAST;;1;1;XEUR;9539346;150;
07.03.2025;14:46:55.628;BAS SI 20250321 PS AM C 53.00 0;SIMPLE_INSTRUMENT;BLOCK;EUR;21;1.98000000;2000;EXCHANGE_LAST;;2;1;XEUR;12719175;150;
07.03.2025;14:54:50.913;BAS.O.250307.STD.000040;STANDARD_OPTION_STRATEGY;BLOCK;EUR;23;15.10000000;400;EXCHANGE_LAST;;1;1;XEUR;72058238283092372;150;
07.03.2025;14:54:50.913;BAS SI 20261218 PS AM C 54.00 0;SIMPLE_INSTRUMENT;BLOCK;EUR;23;6.52000000;400;PRC_DECOMP_EXCHANGE;;;;XEUR;12749061;150;EXCHANGE
07.03.2025;14:54:50.913;BAS SI 20261218 PS AM P 54.00 0;SIMPLE_INSTRUMENT;BLOCK;EUR;23;8.58000000;400;PRC_DECOMP_EXCHANGE;;;;XEUR;12749060;150;EXCHANGE
07.03.2025;15:23:54.512;BAS SI 20250321 PS AM P 48.00 0;SIMPLE_INSTRUMENT;BLOCK;EUR;24;0.36000000;1000;EXCHANGE_LAST;;1;1;XEUR;10831041;150;
07.03.2025;11:19:25.026;BAY.O.250307.STD.000023;STANDARD_OPTION_STRATEGY;BLOCK;EUR;6;5.02000000;1000;EXCHANGE_LAST;;1;1;XEUR;72058315592509084;168;
07.03.2025;11:19:25.026;BAY SI 20250620 PS AM C 24.00 0;SIMPLE_INSTRUMENT;BLOCK;EUR;6;1.97000000;1000;PRC_DECOMP_EXCHANGE;;;;XEUR;8112550;168;EXCHANGE
07.03.2025;11:19:25.026;BAY SI 20250620 PS AM P 24.00 0;SIMPLE_INSTRUMENT;BLOCK;EUR;6;3.05000000;1000;PRC_DECOMP_EXCHANGE;;;;XEUR;8112563;168;EXCHANGE
07.03.2025;11:24:48.077;BAY SI 20251219 PS AM P 22.00 0;SIMPLE_INSTRUMENT;BLOCK;EUR;8;3.01000000;1000;EXCHANGE_LAST;;1;1;XEUR;12231605;168;
07.03.2025;12:17:54.986;BAY SI 20250919 PS AM C 26.00 0;SIMPLE_INSTRUMENT;BLOCK;EUR;12;1.87000000;6000;EXCHANGE_LAST;;2;1;XEUR;11873101;168;
07.03.2025;12:33:01.946;BAY.O.250307.BUL.000032;STANDARD_OPTION_STRATEGY;BLOCK;EUR;15;0.42000000;1250;EXCHANGE_LAST;;1;2;XEUR;72058315592509093;168;
07.03.2025;12:33:01.946;BAY SI 20250620 PS AM C 28.00 0;SIMPLE_INSTRUMENT;BLOCK;EUR;15;0.83000000;1250;PRC_DECOMP_EXCHANGE;;;;XEUR;8112566;168;EXCHANGE
07.03.2025;12:33:01.946;BAY SI 20250620 PS AM C 26.00 0;SIMPLE_INSTRUMENT;BLOCK;EUR;15;1.25000000;1250;PRC_DECOMP_EXCHANGE;;;;XEUR;10324700;168;EXCHANGE
07.03.2025;12:32:21.847;BAY.O.250307.BUL.000032;STANDARD_OPTION_STRATEGY;BLOCK;EUR;16;0.43000000;1250;EXCHANGE_LAST;;1;2;XEUR;72058315592509093;168;
07.03.2025;12:32:21.847;BAY SI 20250620 PS AM C 28.00 0;SIMPLE_INSTRUMENT;BLOCK;EUR;16;0.81000000;1250;PRC_DECOMP_EXCHANGE;;;;XEUR;8112566;168;EXCHANGE
07.03.2025;12:32:21.847;BAY SI 20250620 PS AM C 26.00 0;SIMPLE_INSTRUMENT;BLOCK;EUR;16;1.24000000;1250;PRC_DECOMP_EXCHANGE;;;;XEUR;10324700;168;EXCHANGE
07.03.2025;13:44:49.990;BAY SI 20251219 PS AM C 26.00 0;SIMPLE_INSTRUMENT;BLOCK;EUR;17;2.40000000;1000;EXCHANGE_LAST;;1;1;XEUR;11594950;168;
07.03.2025;14:48:03.926;BAY.O.250307.STD.000039;STANDARD_OPTION_STRATEGY;BLOCK;EUR;22;8.15000000;2500;EXCHANGE_LAST;;3;1;XEUR;72058315592509100;168;
07.03.2025;14:48:03.926;BAY SI 20260619 PS AM C 24.00 0;SIMPLE_INSTRUMENT;BLOCK;EUR;22;4.16000000;2500;PRC_DECOMP_EXCHANGE;;;;XEUR;9539697;168;EXCHANGE
07.03.2025;14:48:03.926;BAY SI 20260619 PS AM P 24.00 0;SIMPLE_INSTRUMENT;BLOCK;EUR;22;3.99000000;2500;PRC_DECOMP_EXCHANGE;;;;XEUR;9539699;168;EXCHANGE
07.03.2025;15:55:40.225;BAY.O.250307.CDIA.000043;STANDARD_OPTION_STRATEGY;BLOCK;EUR;29;0.18000000;2000;EXCHANGE_LAST;;1;2;XEUR;72058315592509104;168;
07.03.2025;15:55:40.225;BAY SI 20250417 PS AM C 24.00 0;SIMPLE_INSTRUMENT;BLOCK;EUR;29;1.18000000;2000;PRC_DECOMP_EXCHANGE;;;;XEUR;12615419;168;EXCHANGE
07.03.2025;15:55:40.225;BAY SI 20250620 PS AM C 26.00 0;SIMPLE_INSTRUMENT;BLOCK;EUR;29;1.36000000;2000;PRC_DECOMP_EXCHANGE;;;;XEUR;10324700;168;EXCHANGE
07.03.2025;16:07:36.625;BAY SI 20250417 PS AM C 26.00 0;SIMPLE_INSTRUMENT;BLOCK;EUR;30;0.51000000;1625;EXCHANGE_LAST;;1;1;XEUR;12615434;168;
07.03.2025;16:08:04.391;BAY SI 20250417 PS AM C 26.00 0;SIMPLE_INSTRUMENT;BLOCK;EUR;31;0.71000000;720;EXCHANGE_LAST;;1;1;XEUR;12615434;168;
07.03.2025;16:08:08.454;BAY SI 20250417 PS AM C 26.00 0;SIMPLE_INSTRUMENT;BLOCK;EUR;32;0.70000000;1680;EXCHANGE_LAST;;1;1;XEUR;12615434;168;
07.03.2025;16:29:42.369;BAY.O.250307.IRTSP.000047;STANDARD_OPTION_STRATEGY;BLOCK;EUR;33;-2.60000000;1500;EXCHANGE_LAST;;1;2;XEUR;72058315592509108;168;
07.03.2025;16:29:42.369;BAY SI 20251219 PS AM P 24.00 0;SIMPLE_INSTRUMENT;BLOCK;EUR;33;3.55000000;1500;PRC_DECOMP_EXCHANGE;;;;XEUR;8112387;168;EXCHANGE
07.03.2025;16:29:42.369;BAY SI 20250620 PS AM C 28.00 0;SIMPLE_INSTRUMENT;BLOCK;EUR;33;0.95000000;1500;PRC_DECOMP_EXCHANGE;;;;XEUR;8112566;168;EXCHANGE
07.03.2025;16:44:20.134;BAY.O.250307.STD.000049;STANDARD_OPTION_STRATEGY;BLOCK;EUR;34;4.70000000;500;EXCHANGE_LAST;;1;1;XEUR;72058315592509110;168;
07.03.2025;16:44:20.134;BAY SI 20250620 PS AM P 21.00 0;SIMPLE_INSTRUMENT;BLOCK;EUR;34;1.18000000;500;PRC_DECOMP_EXCHANGE;;;;XEUR;11234134;168;EXCHANGE
07.03.2025;16:44:20.134;BAY SI 20250620 PS AM C 21.00 0;SIMPLE_INSTRUMENT;BLOCK;EUR;34;3.52000000;500;PRC_DECOMP_EXCHANGE;;;;XEUR;11234136;168;EXCHANGE
07.03.2025;10:04:16.352;BMW.O.250307.STD.000014;STANDARD_OPTION_STRATEGY;BLOCK;EUR;2;10.85000000;900;EXCHANGE_LAST;;1;2;XEUR;72058495981109582;210;
07.03.2025;10:04:16.352;BMW SI 20250417 PS AM C 88.00 0;SIMPLE_INSTRUMENT;BLOCK;EUR;2;3.81000000;900;PRC_DECOMP_EXCHANGE;;;;XEUR;12673240;210;EXCHANGE
07.03.2025;10:04:16.352;BMW SI 20250417 PS AM P 88.00 0;SIMPLE_INSTRUMENT;BLOCK;EUR;2;7.04000000;900;PRC_DECOMP_EXCHANGE;;;;XEUR;12673243;210;EXCHANGE
07.03.2025;11:22:49.665;BMW.O.250307.STD.000015;STANDARD_OPTION_STRATEGY;BLOCK;EUR;6;26.50000000;700;EXCHANGE_LAST;;1;1;XEUR;72058495981109583;210;
07.03.2025;11:22:49.665;BMW SI 20261218 PS AM P 84.00 0;SIMPLE_INSTRUMENT;BLOCK;EUR;6;14.80000000;700;PRC_DECOMP_EXCHANGE;;;;XEUR;7154230;210;EXCHANGE
07.03.2025;11:22:49.665;BMW SI 20261218 PS AM C 84.00 0;SIMPLE_INSTRUMENT;BLOCK;EUR;6;11.70000000;700;PRC_DECOMP_EXCHANGE;;;;XEUR;7154227;210;EXCHANGE
07.03.2025;12:00:38.157;BMW SI 20250620 PS AM C 88.00 0;SIMPLE_INSTRUMENT;BLOCK;EUR;11;4.30000000;2250;EXCHANGE_LAST;;1;1;XEUR;11352605;210;
07.03.2025;12:00:54.158;BMW SI 20250620 PS AM C 96.00 0;SIMPLE_INSTRUMENT;BLOCK;EUR;12;2.20000000;2250;EXCHANGE_LAST;;1;1;XEUR;11352601;210;
07.03.2025;13:13:07.228;BMW SI 20250321 PS AM P 80.00 0;SIMPLE_INSTRUMENT;BLOCK;EUR;19;2.02000000;500;EXCHANGE_LAST;;1;1;XEUR;10832597;210;
07.03.2025;13:23:15.429;BMW.O.250307.BRT.000016;STANDARD_OPTION_STRATEGY;BLOCK;EUR;21;2.35000000;2500;EXCHANGE_LAST;;1;1;XEUR;72058495981109584;210;
07.03.2025;13:23:15.429;BMW SI 20250620 PS AM P 84.00 0;SIMPLE_INSTRUMENT;BLOCK;EUR;21;8.59000000;2500;PRC_DECOMP_EXCHANGE;;;;XEUR;7899908;210;EXCHANGE
07.03.2025;13:23:15.429;BMW SI 20251219 PS AM P 84.00 0;SIMPLE_INSTRUMENT;BLOCK;EUR;21;10.94000000;2500;PRC_DECOMP_EXCHANGE;;;;XEUR;5923234;210;EXCHANGE
07.03.2025;15:48:00.247;BMW SI 20250620 PS AM C 84.00 0;SIMPLE_INSTRUMENT;BLOCK;EUR;34;5.83000000;2000;EXCHANGE_LAST;;1;1;XEUR;7899911;210;
07.03.2025;15:48:04.607;BMW SI 20250620 PS AM C 95.00 0;SIMPLE_INSTRUMENT;BLOCK;EUR;35;2.16000000;2000;EXCHANGE_LAST;;1;1;XEUR;10683603;210;
07.03.2025;16:16:25.423;BMW SI 20250321 PS AM C 88.00 0;SIMPLE_INSTRUMENT;BLOCK;EUR;37;1.85000000;500;EXCHANGE_LAST;;1;1;XEUR;10832547;210;
07.03.2025;10:17:12.194;BNP SI 20251219 PS AM P 52.00 0;SIMPLE_INSTRUMENT;BLOCK;EUR;6;1.21000000;8800;EXCHANGE_LAST;;1;1;XEUR;5923364;237;
07.03.2025;10:17:58.661;BNP SI 20260619 PS AM P 70.00 0;SIMPLE_INSTRUMENT;BLOCK;EUR;7;7.70000000;3000;EXCHANGE_LAST;;1;1;XEUR;12372374;237;
07.03.2025;10:18:10.199;BNP SI 20260619 PS AM C 70.00 0;SIMPLE_INSTRUMENT;BLOCK;EUR;8;9.94000000;3000;EXCHANGE_LAST;;1;1;XEUR;12372393;237;
07.03.2025;10:51:49.174;BNP.O.250307.STG.000007;STANDARD_OPTION_STRATEGY;BLOCK;EUR;15;5.02000000;800;EXCHANGE_LAST;;1;1;XEUR;72058611945200070;237;
07.03.2025;10:51:49.174;BNP SI 20250620 PS AM P 70.00 0;SIMPLE_INSTRUMENT;BLOCK;EUR;15;3.05000000;800;PRC_DECOMP_EXCHANGE;;;;XEUR;12372384;237;EXCHANGE
07.03.2025;10:51:49.174;BNP SI 20250620 PS AM C 82.00 0;SIMPLE_INSTRUMENT;BLOCK;EUR;15;1.97000000;800;PRC_DECOMP_EXCHANGE;;;;XEUR;12761999;237;EXCHANGE
07.03.2025;14:28:31.475;BNPH SI 20250321 CS;SIMPLE_INSTRUMENT;BLOCK;EUR;69;76.42800000;10000;EXCHANGE_LAST;;1;1;XEUR;10695531;236;
07.03.2025;16:33:19.700;BRBF SI 20251219 CS;SIMPLE_INSTRUMENT;BLOCK;GBX;89;1027.89630000;120;EXCHANGE_LAST;;1;1;XEUR;8674444;249;
07.03.2025;12:52:30.113;BSI SI 20250620 PS AM C 110.00 0;SIMPLE_INSTRUMENT;BLOCK;EUR;15;6.77000000;250;EXCHANGE_LAST;;1;1;XEUR;11392851;76317;
07.03.2025;11:30:35.505;BSN.O.250307.STG.000002;STANDARD_OPTION_STRATEGY;BLOCK;EUR;21;5.34000000;400;EXCHANGE_LAST;;1;1;XEUR;72058629125063359;241;
07.03.2025;11:30:35.505;BSN SI 20250919 PS AM C 72.00 0;SIMPLE_INSTRUMENT;BLOCK;EUR;21;2.53000000;400;PRC_DECOMP_EXCHANGE;;;;XEUR;11875276;241;EXCHANGE
07.03.2025;11:30:35.505;BSN SI 20250919 PS AM P 68.00 0;SIMPLE_INSTRUMENT;BLOCK;EUR;21;2.81000000;400;PRC_DECOMP_EXCHANGE;;;;XEUR;11875278;241;EXCHANGE
07.03.2025;14:58:41.156;BSN SI 20250620 PS AM C 72.00 0;SIMPLE_INSTRUMENT;BLOCK;EUR;40;1.83000000;2250;EXCHANGE_LAST;;1;1;XEUR;8026540;241;
07.03.2025;14:59:04.157;BSN SI 20250620 PS AM C 76.00 0;SIMPLE_INSTRUMENT;BLOCK;EUR;41;0.76000000;742;EXCHANGE_LAST;;1;1;XEUR;11353150;241;
07.03.2025;14:59:17.158;BSN SI 20250620 PS AM C 76.00 0;SIMPLE_INSTRUMENT;BLOCK;EUR;42;0.77000000;1508;EXCHANGE_LAST;;1;1;XEUR;11353150;241;
07.03.2025;10:26:29.756;CBK.O.250307.BER.000006;STANDARD_OPTION_STRATEGY;BLOCK;EUR;10;0.99000000;20000;EXCHANGE_LAST;;1;1;XEUR;72058745089203877;268;
07.03.2025;10:26:29.756;CBK SI 20261218 PS AM P 14.00 0;SIMPLE_INSTRUMENT;BLOCK;EUR;10;0.94000000;20000;PRC_DECOMP_EXCHANGE;;;;XEUR;7259089;268;EXCHANGE
07.03.2025;10:26:29.756;CBK SI 20261218 PS AM P 18.00 0;SIMPLE_INSTRUMENT;BLOCK;EUR;10;1.93000000;20000;PRC_DECOMP_EXCHANGE;;;;XEUR;8883151;268;EXCHANGE
07.03.2025;12:34:45.052;CBK SI 20250321 PS AM P 22.00 0;SIMPLE_INSTRUMENT;BLOCK;EUR;13;0.30000000;1650;EXCHANGE_LAST;;1;1;XEUR;10833919;268;
07.03.2025;13:34:27.586;CBK SI 20250417 PS AM C 28.00 0;SIMPLE_INSTRUMENT;BLOCK;EUR;16;0.13000000;3968;EXCHANGE_LAST;;1;1;XEUR;12926746;268;
07.03.2025;13:34:27.589;CBK SI 20250417 PS AM C 28.00 0;SIMPLE_INSTRUMENT;BLOCK;EUR;17;0.11000000;4848;EXCHANGE_LAST;;1;1;XEUR;12926746;268;
07.03.2025;13:34:39.165;CBK SI 20250417 PS AM C 25.00 0;SIMPLE_INSTRUMENT;BLOCK;EUR;18;0.54000000;8816;EXCHANGE_LAST;;1;1;XEUR;12870226;268;
07.03.2025;13:34:51.719;CBK SI 20250417 PS AM C 23.50 0;SIMPLE_INSTRUMENT;BLOCK;EUR;19;1.09000000;5800;EXCHANGE_LAST;;1;1;XEUR;12774571;268;
07.03.2025;13:35:03.309;CBK SI 20250417 PS AM C 26.50 0;SIMPLE_INSTRUMENT;BLOCK;EUR;20;0.26000000;5800;EXCHANGE_LAST;;1;1;XEUR;12911418;268;
07.03.2025;14:14:21.529;CBK.O.250307.BR23.000008;STANDARD_OPTION_STRATEGY;BLOCK;EUR;21;-1.00000000;10000;EXCHANGE_LAST;;1;1;XEUR;72058745089203879;268;
07.03.2025;14:14:21.529;CBK SI 20261218 PS AM P 14.00 0;SIMPLE_INSTRUMENT;BLOCK;EUR;21;0.96000000;30000;PRC_DECOMP_EXCHANGE;;;;XEUR;7259089;268;EXCHANGE
07.03.2025;14:14:21.529;CBK SI 20261218 PS AM P 18.00 0;SIMPLE_INSTRUMENT;BLOCK;EUR;21;1.94000000;20000;PRC_DECOMP_EXCHANGE;;;;XEUR;8883151;268;EXCHANGE
07.03.2025;08:15:49.026;CFR SI 20250321 PS AM P 174.00 0;SIMPLE_INSTRUMENT;BLOCK;CHF;1;7.45000000;460;EXCHANGE_LAST;;1;1;XEUR;12607490;313;
07.03.2025;09:24:39.006;CFR.N.250307.000013;NON_STANDARD_OPTION_STRATEGY;BLOCK;CHF;8;3.60000000;300;EXCHANGE_LAST;;1;1;XEUR;72058938362728638;313;
07.03.2025;09:24:39.006;CFR SI 20250417 PS AM P 166.00 0;SIMPLE_INSTRUMENT;BLOCK;CHF;8;6.82000000;300;PRC_DECOMP_EXCHANGE;;;;XEUR;12617894;313;EXCHANGE
07.03.2025;09:24:39.006;CFR SI 20250417 PS AM C 186.00 0;SIMPLE_INSTRUMENT;BLOCK;CHF;8;1.00000000;300;PRC_DECOMP_EXCHANGE;;;;XEUR;12680541;313;EXCHANGE
07.03.2025;09:24:39.006;CFR SI 20250417 PS AM P 146.00 0;SIMPLE_INSTRUMENT;BLOCK;CHF;8;1.11000000;600;PRC_DECOMP_EXCHANGE;;;;XEUR;12617952;313;EXCHANGE
07.03.2025;09:33:40.899;CFR.O.250307.BER.000014;STANDARD_OPTION_STRATEGY;BLOCK;CHF;10;6.36000000;800;EXCHANGE_LAST;;1;1;XEUR;72058938362728639;313;
07.03.2025;09:33:40.899;CFR SI 20251219 PS AM P 100.00 0;SIMPLE_INSTRUMENT;BLOCK;CHF;10;1.45000000;800;PRC_DECOMP_EXCHANGE;;;;XEUR;9996460;313;EXCHANGE
07.03.2025;09:33:40.899;CFR SI 20251219 PS AM P 140.00 0;SIMPLE_INSTRUMENT;BLOCK;CHF;10;7.81000000;800;PRC_DECOMP_EXCHANGE;;;;XEUR;9996465;313;EXCHANGE
07.03.2025;09:35:09.941;CFR SI 20250321 PS AM P 154.00 0;SIMPLE_INSTRUMENT;BLOCK;CHF;11;1.00000000;1200;EXCHANGE_LAST;;1;1;XEUR;12437143;313;
07.03.2025;09:35:23.868;CFR SI 20250321 PS AM P 176.00 0;SIMPLE_INSTRUMENT;BLOCK;CHF;12;11.20000000;400;EXCHANGE_LAST;;1;1;XEUR;12607492;313;
07.03.2025;09:35:34.574;CFR SI 20250321 PS AM P 166.00 0;SIMPLE_INSTRUMENT;BLOCK;CHF;13;4.50000000;1600;EXCHANGE_LAST;;1;1;XEUR;12607516;313;
07.03.2025;09:51:34.035;CFR SI 20250321 PS AM P 160.00 0;SIMPLE_INSTRUMENT;BLOCK;CHF;16;2.00000000;300;EXCHANGE_LAST;;1;1;XEUR;10834861;313;
07.03.2025;10:39:51.951;CFR.O.250307.COMBO.000015;STANDARD_OPTION_STRATEGY;BLOCK;CHF;33;4.25000000;800;EXCHANGE_LAST;;1;1;XEUR;72058938362728640;313;
07.03.2025;10:39:51.951;CFR SI 20250620 PS AM P 160.00 0;SIMPLE_INSTRUMENT;BLOCK;CHF;33;7.90000000;800;PRC_DECOMP_EXCHANGE;;;;XEUR;9996509;313;EXCHANGE
07.03.2025;10:39:51.951;CFR SI 20250620 PS AM C 190.00 0;SIMPLE_INSTRUMENT;BLOCK;CHF;33;3.65000000;800;PRC_DECOMP_EXCHANGE;;;;XEUR;11354560;313;EXCHANGE
07.03.2025;13:26:49.521;CFR SI 20251219 PS AM P 140.00 0;SIMPLE_INSTRUMENT;BLOCK;CHF;52;7.75000000;300;EXCHANGE_LAST;;1;1;XEUR;9996465;313;
07.03.2025;14:53:15.550;CFR.O.250307.STG.000026;STANDARD_OPTION_STRATEGY;BLOCK;CHF;68;16.70000000;450;EXCHANGE_LAST;;1;1;XEUR;72058938362728651;313;
07.03.2025;14:53:15.550;CFR SI 20251219 PS AM P 140.00 0;SIMPLE_INSTRUMENT;BLOCK;CHF;68;7.64000000;450;PRC_DECOMP_EXCHANGE;;;;XEUR;9996465;313;EXCHANGE
07.03.2025;14:53:15.550;CFR SI 20251219 PS AM C 190.00 0;SIMPLE_INSTRUMENT;BLOCK;CHF;68;9.06000000;450;PRC_DECOMP_EXCHANGE;;;;XEUR;12437090;313;EXCHANGE
07.03.2025;11:43:59.912;CFRL.S.MAR25.JUN25.SPD;FUTURES_SPREAD;BLOCK;CHF;46;-0.19500000;2000;EXCHANGE_LAST;;2;1;XEUR;75190570816897046;729453;
07.03.2025;11:43:59.912;CFRL SI 20250620 CS;SIMPLE_INSTRUMENT;BLOCK;CHF;46;174.59900000;2000;PRC_DECOMP_EXCHANGE;;;;XEUR;11215225;729453;EXCHANGE
07.03.2025;11:43:59.912;CFRL SI 20250321 CS;SIMPLE_INSTRUMENT;BLOCK;CHF;46;174.40400000;2000;PRC_DECOMP_EXCHANGE;;;;XEUR;10741903;729453;EXCHANGE
07.03.2025;15:09:36.961;CON SI 20250321 PS AM C 76.00 0;SIMPLE_INSTRUMENT;BLOCK;EUR;31;0.16000000;1200;EXCHANGE_LAST;;1;1;XEUR;10883154;414620;
07.03.2025;12:51:51.482;CRI5.O.250307.STD.000001;STANDARD_OPTION_STRATEGY;BLOCK;EUR;14;9.90000000;1000;EXCHANGE_LAST;;1;1;XEUR;72058968427474773;320;
07.03.2025;12:51:51.482;CRI5 SI 20250918 PS AM P 54.00 0;SIMPLE_INSTRUMENT;BLOCK;EUR;14;5.24800000;1000;PRC_DECOMP_EXCHANGE;;;;XEUR;12911487;320;EXCHANGE
07.03.2025;12:51:51.482;CRI5 SI 20250918 PS AM C 54.00 0;SIMPLE_INSTRUMENT;BLOCK;EUR;14;4.65200000;1000;PRC_DECOMP_EXCHANGE;;;;XEUR;12911489;320;EXCHANGE
07.03.2025;10:06:47.837;DAI SI 20250321 PS AM C 62.00 0;SIMPLE_INSTRUMENT;BLOCK;EUR;4;1.66000000;1000;EXCHANGE_LAST;;1;1;XEUR;12327509;443196;
07.03.2025;11:03:36.126;DAI SI 20250321 PS AM P 56.00 0;SIMPLE_INSTRUMENT;BLOCK;EUR;5;0.36000000;750;EXCHANGE_LAST;;1;1;XEUR;10884518;443196;
07.03.2025;12:05:17.937;DAI SI 20250516 PS AM C 62.00 0;SIMPLE_INSTRUMENT;BLOCK;EUR;13;3.05000000;1000;EXCHANGE_LAST;;1;1;XEUR;12852476;443196;
07.03.2025;09:20:52.810;DPW SI 20250620 PS AM P 40.00 0;SIMPLE_INSTRUMENT;BLOCK;EUR;8;1.89000000;2500;EXCHANGE_LAST;;1;3;XEUR;7902465;445;
07.03.2025;09:33:49.918;DPW.O.250307.STD.000020;STANDARD_OPTION_STRATEGY;BLOCK;EUR;9;5.84000000;1500;EXCHANGE_LAST;;2;1;XEUR;72059505298415931;445;
07.03.2025;09:33:49.918;DPW SI 20250620 PS AM P 44.00 0;SIMPLE_INSTRUMENT;BLOCK;EUR;9;4.01000000;1500;PRC_DECOMP_EXCHANGE;;;;XEUR;7902303;445;EXCHANGE
07.03.2025;09:33:49.918;DPW SI 20250620 PS AM C 44.00 0;SIMPLE_INSTRUMENT;BLOCK;EUR;9;1.83000000;1500;PRC_DECOMP_EXCHANGE;;;;XEUR;7902300;445;EXCHANGE
07.03.2025;10:42:08.085;DPW SI 20250620 PS AM C 46.00 0;SIMPLE_INSTRUMENT;BLOCK;EUR;17;1.08000000;1000;EXCHANGE_LAST;;1;1;XEUR;11357233;445;
07.03.2025;10:42:28.654;DPW SI 20250620 PS AM P 38.00 0;SIMPLE_INSTRUMENT;BLOCK;EUR;18;1.37000000;1000;EXCHANGE_LAST;;1;1;XEUR;11357247;445;
07.03.2025;13:26:03.661;DPW SI 20281215 PS AM P 36.00 0;SIMPLE_INSTRUMENT;BLOCK;EUR;30;4.80000000;2000;EXCHANGE_LAST;;1;1;XEUR;10403162;445;
07.03.2025;15:46:49.729;DPW.O.250307.BER.000029;STANDARD_OPTION_STRATEGY;BLOCK;EUR;47;0.91000000;1000;EXCHANGE_LAST;;1;1;XEUR;72059505298415940;445;
07.03.2025;15:46:49.729;DPW SI 20250620 PS AM P 38.00 0;SIMPLE_INSTRUMENT;BLOCK;EUR;47;1.18000000;1000;PRC_DECOMP_EXCHANGE;;;;XEUR;11357247;445;EXCHANGE
07.03.2025;15:46:49.729;DPW SI 20250620 PS AM P 32.00 0;SIMPLE_INSTRUMENT;BLOCK;EUR;47;0.27000000;1000;PRC_DECOMP_EXCHANGE;;;;XEUR;7902450;445;EXCHANGE
07.03.2025;15:59:44.616;DPW SI 20250620 PS AM C 40.00 0;SIMPLE_INSTRUMENT;BLOCK;EUR;49;3.70000000;6000;EXCHANGE_LAST;;1;1;XEUR;7902462;445;
07.03.2025;15:59:59.668;DPW SI 20250620 PS AM C 46.00 0;SIMPLE_INSTRUMENT;BLOCK;EUR;50;0.89000000;1897;EXCHANGE_LAST;;1;1;XEUR;11357233;445;
07.03.2025;15:59:54.248;DPW SI 20250620 PS AM C 46.00 0;SIMPLE_INSTRUMENT;BLOCK;EUR;51;0.88000000;5103;EXCHANGE_LAST;;1;1;XEUR;11357233;445;
07.03.2025;16:10:25.199;DPW SI 20250417 PS AM C 44.00 0;SIMPLE_INSTRUMENT;BLOCK;EUR;54;1.42000000;1000;EXCHANGE_LAST;;1;1;XEUR;12927005;445;
07.03.2025;08:53:03.291;DTE SI 20250321 PS AM P 30.00 0;SIMPLE_INSTRUMENT;BLOCK;EUR;3;0.07000000;6500;EXCHANGE_LAST;;3;1;XEUR;10836583;424;
07.03.2025;10:57:31.423;DTE.O.250307.BU23.000013;STANDARD_OPTION_STRATEGY;BLOCK;EUR;20;-1.36000000;2750;EXCHANGE_LAST;;2;2;XEUR;72059415104107975;424;
07.03.2025;10:57:31.423;DTE SI 20251219 PS AM C 34.00 0;SIMPLE_INSTRUMENT;BLOCK;EUR;20;2.15000000;5500;PRC_DECOMP_EXCHANGE;;;;XEUR;12409336;424;EXCHANGE
07.03.2025;10:57:31.423;DTE SI 20251219 PS AM C 38.00 0;SIMPLE_INSTRUMENT;BLOCK;EUR;20;0.98000000;8250;PRC_DECOMP_EXCHANGE;;;;XEUR;12409334;424;EXCHANGE
07.03.2025;13:33:21.528;DTE.O.250307.RBUL.000025;STANDARD_OPTION_STRATEGY;BLOCK;EUR;36;-0.97000000;3000;EXCHANGE_LAST;;1;1;XEUR;72059415104107987;424;
07.03.2025;13:33:21.528;DTE SI 20250620 PS AM C 38.00 0;SIMPLE_INSTRUMENT;BLOCK;EUR;36;0.30000000;6000;PRC_DECOMP_EXCHANGE;;;;XEUR;11356818;424;EXCHANGE
07.03.2025;13:33:21.528;DTE SI 20250620 PS AM C 33.00 0;SIMPLE_INSTRUMENT;BLOCK;EUR;36;1.57000000;3000;PRC_DECOMP_EXCHANGE;;;;XEUR;12038060;424;EXCHANGE
07.03.2025;15:32:02.599;DTE SI 20250919 PS AM C 35.00 0;SIMPLE_INSTRUMENT;BLOCK;EUR;45;1.33000000;2000;EXCHANGE_LAST;;1;1;XEUR;12795507;424;
07.03.2025;16:08:44.074;DTE SI 20250919 PS AM P 31.00 0;SIMPLE_INSTRUMENT;BLOCK;EUR;52;1.26000000;3000;EXCHANGE_LAST;;1;1;XEUR;12795510;424;
07.03.2025;16:27:57.121;DTE SI 20250321 PS AM P 32.00 0;SIMPLE_INSTRUMENT;BLOCK;EUR;55;0.20000000;2423;EXCHANGE_LAST;;1;1;XEUR;10836639;424;
07.03.2025;16:28:07.121;DTE SI 20250321 PS AM P 32.00 0;SIMPLE_INSTRUMENT;BLOCK;EUR;56;0.21000000;2422;EXCHANGE_LAST;;1;1;XEUR;10836639;424;
07.03.2025;15:25:56.146;DTG SI 20260619 PS AM P 40.00 0;SIMPLE_INSTRUMENT;BLOCK;EUR;33;5.05000000;1000;EXCHANGE_LAST;;1;1;XEUR;9598349;455942;
07.03.2025;09:56:40.047;E2NL SI 20271217 CS;SIMPLE_INSTRUMENT;BLOCK;EUR;16;0.42500000;1000;EXCHANGE_LAST;;1;1;XEUR;5914571;471;
07.03.2025;11:18:17.545;E2NL SI 20271217 CS;SIMPLE_INSTRUMENT;BLOCK;EUR;42;0.42500000;753;EXCHANGE_LAST;;1;1;XEUR;5914571;471;
07.03.2025;11:53:22.668;E2NL SI 20251219 CS;SIMPLE_INSTRUMENT;BLOCK;EUR;48;0.46000000;4000;EXCHANGE_LAST;;1;1;XEUR;3681293;471;
07.03.2025;13:22:07.285;E2NL SI 20251219 CS;SIMPLE_INSTRUMENT;BLOCK;EUR;56;0.46000000;1250;EXCHANGE_LAST;;1;1;XEUR;3681293;471;
07.03.2025;10:22:11.253;EAD SI 20250321 PS AM P 160.00 0;SIMPLE_INSTRUMENT;BLOCK;EUR;9;0.70000000;400;EXCHANGE_LAST;;1;1;XEUR;11013901;465;
07.03.2025;15:02:54.504;EAD SI 20250321 PS AM C 175.00 0;SIMPLE_INSTRUMENT;BLOCK;EUR;43;2.33000000;1950;EXCHANGE_LAST;;1;1;XEUR;12440456;465;
07.03.2025;15:03:20.871;EAD SI 20250321 PS AM C 185.00 0;SIMPLE_INSTRUMENT;BLOCK;EUR;45;0.66000000;2550;EXCHANGE_LAST;;1;1;XEUR;12440465;465;
07.03.2025;11:18:57.778;ENR SI 20250321 PS AM C 64.00 0;SIMPLE_INSTRUMENT;BLOCK;EUR;23;0.80000000;23200;EXCHANGE_LAST;;1;1;XEUR;12229450;298530;
07.03.2025;11:19:10.699;ENR SI 20250321 PS AM C 66.00 0;SIMPLE_INSTRUMENT;BLOCK;EUR;24;0.60000000;23200;EXCHANGE_LAST;;1;1;XEUR;12484039;298530;
07.03.2025;11:19:19.403;ENR SI 20250321 PS AM C 68.00 0;SIMPLE_INSTRUMENT;BLOCK;EUR;25;0.20000000;23200;EXCHANGE_LAST;;1;1;XEUR;12229452;298530;
07.03.2025;13:15:39.644;ENR SI 20250417 PS AM C 80.00 0;SIMPLE_INSTRUMENT;BLOCK;EUR;29;0.56000000;600;EXCHANGE_LAST;;1;1;XEUR;12797241;298530;
07.03.2025;15:58:47.000;ENR SI 20250620 PS AM C 64.00 0;SIMPLE_INSTRUMENT;BLOCK;EUR;48;4.55000000;4000;EXCHANGE_LAST;;1;1;XEUR;12229449;298530;
07.03.2025;16:41:27.410;ENR SI 20250321 PS AM P 54.00 0;SIMPLE_INSTRUMENT;BLOCK;EUR;58;2.48000000;1000;EXCHANGE_LAST;;1;1;XEUR;12484033;298530;
07.03.2025;10:37:48.886;ENT5 SI 20271216 PS AM P 10.00 0;SIMPLE_INSTRUMENT;BLOCK;EUR;4;0.81500000;1250;EXCHANGE_LAST;;1;1;XEUR;8765092;497;
07.03.2025;10:37:50.243;ENT5 SI 20271216 PS AM P 7.20 0;SIMPLE_INSTRUMENT;BLOCK;EUR;5;0.26500000;1250;EXCHANGE_LAST;;1;1;XEUR;8765088;497;
07.03.2025;10:58:18.378;ENT5 SI 20261217 PS AM P 10.00 0;SIMPLE_INSTRUMENT;BLOCK;EUR;7;0.47000000;500;EXCHANGE_LAST;;1;1;XEUR;7147821;497;
07.03.2025;10:58:42.937;ENT5 SI 20261217 PS AM P 12.00 0;SIMPLE_INSTRUMENT;BLOCK;EUR;8;1.15000000;500;EXCHANGE_LAST;;1;1;XEUR;7147798;497;
07.03.2025;13:47:07.089;ENT5 SI 20281214 PS AM P 10.00 0;SIMPLE_INSTRUMENT;BLOCK;EUR;17;1.05000000;400;EXCHANGE_LAST;;1;1;XEUR;10381168;497;
07.03.2025;14:28:00.455;ENT5 SI 20251218 PS AM P 10.00 0;SIMPLE_INSTRUMENT;BLOCK;EUR;19;0.18000000;2000;EXCHANGE_LAST;;2;1;XEUR;5911901;497;
07.03.2025;15:32:20.020;EVK FI 20250620 PS AM C 23.0000 0;FLEXIBLE_INSTRUMENT;BLOCK;EUR;26;0.68000000;8110;EXCHANGE_LAST;;1;1;XEUR;1152967916023454563;10806;
07.03.2025;15:33:59.374;EVK FI 20250620 PS AM C 25.0000 0;FLEXIBLE_INSTRUMENT;BLOCK;EUR;27;0.25000000;4055;EXCHANGE_LAST;;1;1;XEUR;1152967916023454564;10806;
07.03.2025;15:34:19.304;EVK FI 20250620 PS AM C 25.0000 0;FLEXIBLE_INSTRUMENT;BLOCK;EUR;28;0.24000000;4055;EXCHANGE_LAST;;1;1;XEUR;1152967916023454564;10806;
07.03.2025;09:16:58.003;F3IA SI 20251219 CS;SIMPLE_INSTRUMENT;BLOCK;EUR;1;0.68500000;500;EXCHANGE_LAST;;1;1;XEUR;6633988;390387;
07.03.2025;09:24:50.933;F3IA SI 20251219 CS;SIMPLE_INSTRUMENT;BLOCK;EUR;2;0.68500000;200;EXCHANGE_LAST;;1;1;XEUR;6633988;390387;
07.03.2025;10:54:43.495;F3TE SI 20281215 CS;SIMPLE_INSTRUMENT;BLOCK;EUR;21;0.66000000;850;EXCHANGE_LAST;;1;2;XEUR;6830366;390379;
07.03.2025;11:27:04.908;F3TE SI 20281215 CS;SIMPLE_INSTRUMENT;BLOCK;EUR;44;0.66000000;150;EXCHANGE_LAST;;1;1;XEUR;6830366;390379;
07.03.2025;08:48:01.936;FBTP SI 20250606 PS;SIMPLE_INSTRUMENT;EFP_FIN;EUR;1;116.34000000;324;EXCHANGE_LAST;;1;1;XEUR;11820365;636;
07.03.2025;09:01:19.158;FBTP SI 20250606 PS;SIMPLE_INSTRUMENT;EFP_FIN;EUR;2;116.25000000;1152;EXCHANGE_LAST;;1;1;XEUR;11820365;636;
07.03.2025;09:14:50.846;FBTP SI 20250606 PS;SIMPLE_INSTRUMENT;EFP_FIN;EUR;3;116.50000000;278;EXCHANGE_LAST;;1;1;XEUR;11820365;636;
07.03.2025;09:15:57.312;FBTP SI 20250606 PS;SIMPLE_INSTRUMENT;BLOCK;EUR;4;116.59000000;2200;EXCHANGE_LAST;;1;1;XEUR;11820365;636;
07.03.2025;09:34:36.262;FBTP SI 20250606 PS;SIMPLE_INSTRUMENT;EFP_FIN;EUR;5;116.54000000;1769;EXCHANGE_LAST;;1;1;XEUR;11820365;636;
07.03.2025;09:38:34.910;FBTP SI 20250606 PS;SIMPLE_INSTRUMENT;EFP_FIN;EUR;6;116.57000000;1769;EXCHANGE_LAST;;1;1;XEUR;11820365;636;
07.03.2025;09:49:59.842;FBTP SI 20250606 PS;SIMPLE_INSTRUMENT;EFP_FIN;EUR;7;116.55000000;777;EXCHANGE_LAST;;1;1;XEUR;11820365;636;
07.03.2025;09:56:32.523;FBTP SI 20250606 PS;SIMPLE_INSTRUMENT;EFP_FIN;EUR;8;116.54000000;3095;EXCHANGE_LAST;;1;1;XEUR;11820365;636;
07.03.2025;10:00:55.238;FBTP SI 20250606 PS;SIMPLE_INSTRUMENT;EFP_FIN;EUR;9;116.57000000;724;EXCHANGE_LAST;;1;1;XEUR;11820365;636;
07.03.2025;10:11:53.697;FBTP SI 20250606 PS;SIMPLE_INSTRUMENT;EFP_FIN;EUR;10;116.57000000;2653;EXCHANGE_LAST;;1;1;XEUR;11820365;636;
07.03.2025;10:12:49.055;FBTP SI 20250606 PS;SIMPLE_INSTRUMENT;EFP_FIN;EUR;11;116.46000000;1026;EXCHANGE_LAST;;1;1;XEUR;11820365;636;
07.03.2025;10:14:43.930;FBTP SI 20250606 PS;SIMPLE_INSTRUMENT;BLOCK;EUR;12;116.50000000;1165;EXCHANGE_LAST;;1;1;XEUR;11820365;636;
07.03.2025;10:15:21.812;FBTP SI 20250606 PS;SIMPLE_INSTRUMENT;EFP_FIN;EUR;13;116.55000000;3989;EXCHANGE_LAST;;1;1;XEUR;11820365;636;
07.03.2025;10:18:21.276;FBTP SI 20250606 PS;SIMPLE_INSTRUMENT;EFP_FIN;EUR;14;116.51000000;584;EXCHANGE_LAST;;1;1;XEUR;11820365;636;
07.03.2025;10:40:23.087;FBTP SI 20250606 PS;SIMPLE_INSTRUMENT;EFP_FIN;EUR;15;116.55000000;176;EXCHANGE_LAST;;1;1;XEUR;11820365;636;
07.03.2025;10:40:33.520;FBTP SI 20250606 PS;SIMPLE_INSTRUMENT;EFP_FIN;EUR;16;116.46000000;310;EXCHANGE_LAST;;1;1;XEUR;11820365;636;
07.03.2025;10:41:54.539;FBTP SI 20250606 PS;SIMPLE_INSTRUMENT;EFP_FIN;EUR;17;116.57000000;3538;EXCHANGE_LAST;;1;1;XEUR;11820365;636;
07.03.2025;10:46:31.324;FBTP SI 20250606 PS;SIMPLE_INSTRUMENT;EFP_FIN;EUR;18;116.55000000;82;EXCHANGE_LAST;;1;1;XEUR;11820365;636;
07.03.2025;10:56:10.726;FBTP SI 20250606 PS;SIMPLE_INSTRUMENT;EFP_FIN;EUR;19;116.54000000;473;EXCHANGE_LAST;;1;1;XEUR;11820365;636;
07.03.2025;11:32:06.351;FBTP SI 20250606 PS;SIMPLE_INSTRUMENT;EFP_FIN;EUR;20;116.61000000;884;EXCHANGE_LAST;;1;1;XEUR;11820365;636;
07.03.2025;11:35:34.658;FBTP SI 20250606 PS;SIMPLE_INSTRUMENT;EFP_FIN;EUR;21;116.69000000;652;EXCHANGE_LAST;;1;1;XEUR;11820365;636;
07.03.2025;11:48:31.592;FBTP SI 20250606 PS;SIMPLE_INSTRUMENT;EFP_FIN;EUR;22;116.60000000;1769;EXCHANGE_LAST;;1;1;XEUR;11820365;636;
07.03.2025;11:58:42.386;FBTP SI 20250606 PS;SIMPLE_INSTRUMENT;EFP_FIN;EUR;23;116.64000000;442;EXCHANGE_LAST;;1;1;XEUR;11820365;636;
07.03.2025;12:00:43.916;FBTP SI 20250606 PS;SIMPLE_INSTRUMENT;EFP_FIN;EUR;24;116.65000000;138;EXCHANGE_LAST;;1;1;XEUR;11820365;636;
07.03.2025;12:05:14.136;FBTP SI 20250606 PS;SIMPLE_INSTRUMENT;EFP_FIN;EUR;25;116.63000000;323;EXCHANGE_LAST;;1;1;XEUR;11820365;636;
07.03.2025;12:25:27.770;FBTP SI 20250606 PS;SIMPLE_INSTRUMENT;EFP_FIN;EUR;26;116.71000000;440;EXCHANGE_LAST;;1;1;XEUR;11820365;636;
07.03.2025;12:26:07.475;FBTP SI 20250606 PS;SIMPLE_INSTRUMENT;EFP_FIN;EUR;27;116.70000000;442;EXCHANGE_LAST;;1;1;XEUR;11820365;636;
07.03.2025;12:26:35.496;FBTP SI 20250606 PS;SIMPLE_INSTRUMENT;EFP_FIN;EUR;28;116.70000000;1405;EXCHANGE_LAST;;1;1;XEUR;11820365;636;
07.03.2025;12:39:37.925;FBTP SI 20250606 PS;SIMPLE_INSTRUMENT;EFP_FIN;EUR;29;116.77000000;1327;EXCHANGE_LAST;;1;1;XEUR;11820365;636;
07.03.2025;12:46:31.614;FBTP SI 20250606 PS;SIMPLE_INSTRUMENT;EFP_FIN;EUR;30;116.72000000;1106;EXCHANGE_LAST;;1;1;XEUR;11820365;636;
07.03.2025;12:52:22.896;FBTP SI 20250606 PS;SIMPLE_INSTRUMENT;EFP_FIN;EUR;31;116.72000000;1080;EXCHANGE_LAST;;1;1;XEUR;11820365;636;
07.03.2025;13:03:14.988;FBTP SI 20250606 PS;SIMPLE_INSTRUMENT;EFP_FIN;EUR;33;116.74000000;170;EXCHANGE_LAST;;1;1;XEUR;11820365;636;
07.03.2025;13:04:41.934;FBTP SI 20250606 PS;SIMPLE_INSTRUMENT;EFP_FIN;EUR;34;116.72000000;688;EXCHANGE_LAST;;1;1;XEUR;11820365;636;
07.03.2025;13:13:24.543;FBTP SI 20250606 PS;SIMPLE_INSTRUMENT;EFP_FIN;EUR;36;116.64000000;276;EXCHANGE_LAST;;1;1;XEUR;11820365;636;
07.03.2025;13:18:33.030;FBTP SI 20250606 PS;SIMPLE_INSTRUMENT;EFP_FIN;EUR;37;116.74000000;517;EXCHANGE_LAST;;1;1;XEUR;11820365;636;
07.03.2025;13:22:58.452;FBTP SI 20250606 PS;SIMPLE_INSTRUMENT;EFP_FIN;EUR;38;116.76000000;132;EXCHANGE_LAST;;1;1;XEUR;11820365;636;
07.03.2025;13:35:17.736;FBTP SI 20250606 PS;SIMPLE_INSTRUMENT;EFP_FIN;EUR;40;116.72000000;442;EXCHANGE_LAST;;1;1;XEUR;11820365;636;
07.03.2025;14:21:08.751;FBTP SI 20250606 PS;SIMPLE_INSTRUMENT;EFP_FIN;EUR;41;116.90000000;673;EXCHANGE_LAST;;1;1;XEUR;11820365;636;
07.03.2025;14:35:24.298;FBTP SI 20250606 PS;SIMPLE_INSTRUMENT;EFP_FIN;EUR;42;116.76000000;109;EXCHANGE_LAST;;1;1;XEUR;11820365;636;
07.03.2025;14:32:24.167;FBTP SI 20250606 PS;SIMPLE_INSTRUMENT;EFP_FIN;EUR;43;116.76000000;597;EXCHANGE_LAST;;1;1;XEUR;11820365;636;
07.03.2025;14:34:17.038;FBTP SI 20250606 PS;SIMPLE_INSTRUMENT;EFP_FIN;EUR;44;116.83000000;1954;EXCHANGE_LAST;;1;1;XEUR;11820365;636;
07.03.2025;14:35:24.991;FBTP SI 20250606 PS;SIMPLE_INSTRUMENT;EFP_FIN;EUR;45;116.90000000;442;EXCHANGE_LAST;;1;1;XEUR;11820365;636;
07.03.2025;14:41:24.820;FBTP SI 20250606 PS;SIMPLE_INSTRUMENT;BLOCK;EUR;46;116.76000000;971;EXCHANGE_LAST;;1;1;XEUR;11820365;636;
07.03.2025;14:37:34.886;FBTP SI 20250606 PS;SIMPLE_INSTRUMENT;EFP_FIN;EUR;47;116.90000000;519;EXCHANGE_LAST;;1;1;XEUR;11820365;636;
07.03.2025;14:44:25.415;FBTP SI 20250606 PS;SIMPLE_INSTRUMENT;EFP_FIN;EUR;48;116.67000000;461;EXCHANGE_LAST;;1;1;XEUR;11820365;636;
07.03.2025;14:45:07.303;FBTP SI 20250606 PS;SIMPLE_INSTRUMENT;EFS;EUR;49;116.84000000;120;EXCHANGE_LAST;;1;1;XEUR;11820365;636;
07.03.2025;14:48:24.446;FBTP SI 20250606 PS;SIMPLE_INSTRUMENT;EFP_FIN;EUR;50;116.64000000;1135;EXCHANGE_LAST;;1;1;XEUR;11820365;636;
07.03.2025;14:55:52.659;FBTP SI 20250606 PS;SIMPLE_INSTRUMENT;EFP_FIN;EUR;51;116.71000000;230;EXCHANGE_LAST;;1;1;XEUR;11820365;636;
07.03.2025;14:56:02.660;FBTP SI 20250606 PS;SIMPLE_INSTRUMENT;EFP_FIN;EUR;52;116.71000000;242;EXCHANGE_LAST;;1;1;XEUR;11820365;636;
07.03.2025;15:49:48.827;FBTP SI 20250606 PS;SIMPLE_INSTRUMENT;EFP_FIN;EUR;53;116.66000000;968;EXCHANGE_LAST;;1;1;XEUR;11820365;636;
07.03.2025;08:34:46.776;FBTS SI 20250606 PS;SIMPLE_INSTRUMENT;EFP_FIN;EUR;2;106.92000000;1554;EXCHANGE_LAST;;1;1;XEUR;11820367;639;
07.03.2025;08:58:48.596;FBTS SI 20250606 PS;SIMPLE_INSTRUMENT;EFP_FIN;EUR;4;106.93000000;171;EXCHANGE_LAST;;1;1;XEUR;11820367;639;
07.03.2025;09:12:19.624;FBTS SI 20250606 PS;SIMPLE_INSTRUMENT;EFP_FIN;EUR;5;106.93000000;171;EXCHANGE_LAST;;1;1;XEUR;11820367;639;
07.03.2025;10:50:48.250;FBTS SI 20250606 PS;SIMPLE_INSTRUMENT;EFP_FIN;EUR;15;106.95000000;367;EXCHANGE_LAST;;1;1;XEUR;11820367;639;
07.03.2025;11:03:41.342;FBTS SI 20250606 PS;SIMPLE_INSTRUMENT;EFP_FIN;EUR;18;106.96000000;959;EXCHANGE_LAST;;1;1;XEUR;11820367;639;
07.03.2025;11:55:30.117;FBTS SI 20250606 PS;SIMPLE_INSTRUMENT;BLOCK;EUR;22;106.95000000;1431;EXCHANGE_LAST;;1;1;XEUR;11820367;639;
07.03.2025;12:41:36.251;FBTS SI 20250606 PS;SIMPLE_INSTRUMENT;EFP_FIN;EUR;25;107.01000000;260;EXCHANGE_LAST;;1;1;XEUR;11820367;639;
07.03.2025;13:25:48.394;FBTS SI 20250606 PS;SIMPLE_INSTRUMENT;EFP_FIN;EUR;29;107.01000000;749;EXCHANGE_LAST;;1;1;XEUR;11820367;639;
07.03.2025;13:39:46.519;FBTS SI 20250606 PS;SIMPLE_INSTRUMENT;BLOCK;EUR;31;106.90000000;784;EXCHANGE_LAST;;1;1;XEUR;11820367;639;
07.03.2025;15:19:31.153;FBTS SI 20250606 PS;SIMPLE_INSTRUMENT;BLOCK;EUR;42;106.99000000;621;EXCHANGE_LAST;;1;1;XEUR;11820367;639;
07.03.2025;15:43:43.746;FBTS SI 20250606 PS;SIMPLE_INSTRUMENT;EFP_FIN;EUR;43;107.02000000;72;EXCHANGE_LAST;;1;1;XEUR;11820367;639;
07.03.2025;10:30:04.267;FCPU SI 20250317 PS;SIMPLE_INSTRUMENT;BLOCK;USD;3;1.29270000;62;EXCHANGE_LAST;;1;1;XEUR;9136249;369379;
07.03.2025;10:38:24.246;FCPU SI 20250317 PS;SIMPLE_INSTRUMENT;BLOCK;USD;4;1.29250000;47;EXCHANGE_LAST;;1;1;XEUR;9136249;369379;
07.03.2025;09:03:16.399;FCZU SI 20250317 CS;SIMPLE_INSTRUMENT;BLOCK;USD;1;0.05521000;100;EXCHANGE_LAST;;1;1;XEUR;11329546;570872;
07.03.2025;09:41:17.944;FCZU SI 20250317 CS;SIMPLE_INSTRUMENT;BLOCK;USD;2;0.05523000;100;EXCHANGE_LAST;;1;1;XEUR;11329546;570872;
07.03.2025;14:16:06.136;FCZU SI 20250317 CS;SIMPLE_INSTRUMENT;BLOCK;USD;5;0.05487000;200;EXCHANGE_LAST;;1;1;XEUR;11329546;570872;
07.03.2025;15:58:48.007;FD3D SI 20271217 CS;SIMPLE_INSTRUMENT;BLOCK;EUR;37;107.50000000;700;EXCHANGE_LAST;;1;2;XEUR;8782208;588;
07.03.2025;09:20:21.466;FDAX SI 20250321 CS;SIMPLE_INSTRUMENT;EFP_IDX;EUR;1;23130.00000000;100;EXCHANGE_LAST;;1;1;XEUR;7561255;589;
07.03.2025;10:07:30.199;FDAX SI 20250321 CS;SIMPLE_INSTRUMENT;BLOCK;EUR;2;23180.00000000;600;EXCHANGE_LAST;;1;1;XEUR;7561255;589;
07.03.2025;16:43:44.542;FDAX SI 20250321 CS;SIMPLE_INSTRUMENT;EFP_IDX;EUR;3;23032.00000000;14;EXCHANGE_LAST;;1;1;XEUR;7561255;589;
07.03.2025;16:44:37.393;FDAX SI 20250321 CS;SIMPLE_INSTRUMENT;EFP_IDX;EUR;4;23033.00000000;11;EXCHANGE_LAST;;1;1;XEUR;7561255;589;
07.03.2025;16:45:08.261;FDAX SI 20250321 CS;SIMPLE_INSTRUMENT;EFP_IDX;EUR;5;23030.00000000;175;EXCHANGE_LAST;;1;1;XEUR;7561255;589;
07.03.2025;16:46:16.607;FDAX SI 20250321 CS;SIMPLE_INSTRUMENT;EFP_IDX;EUR;6;23033.00000000;18;EXCHANGE_LAST;;1;1;XEUR;7561255;589;
07.03.2025;16:46:27.462;FDAX SI 20250321 CS;SIMPLE_INSTRUMENT;EFP_IDX;EUR;7;23032.00000000;23;EXCHANGE_LAST;;1;1;XEUR;7561255;589;
07.03.2025;16:46:41.053;FDAX SI 20250321 CS;SIMPLE_INSTRUMENT;EFP_IDX;EUR;8;23033.00000000;22;EXCHANGE_LAST;;1;1;XEUR;7561255;589;
07.03.2025;16:46:56.052;FDAX SI 20250321 CS;SIMPLE_INSTRUMENT;EFP_IDX;EUR;9;23032.00000000;28;EXCHANGE_LAST;;1;1;XEUR;7561255;589;
07.03.2025;16:52:28.610;FDAX SI 20250321 CS;SIMPLE_INSTRUMENT;EFP_IDX;EUR;10;23034.00000000;56;EXCHANGE_LAST;;1;1;XEUR;7561255;589;
07.03.2025;16:52:41.341;FDAX SI 20250321 CS;SIMPLE_INSTRUMENT;EFP_IDX;EUR;11;23035.00000000;44;EXCHANGE_LAST;;1;1;XEUR;7561255;589;
07.03.2025;08:51:50.463;FDAX SI 20250321 CS;SIMPLE_INSTRUMENT;VOLA;EUR;671088644;23063.00000000;14;EXCHANGE_LAST;;1;1;XEUR;7561255;589;
07.03.2025;09:15:53.233;FDAX SI 20250321 CS;SIMPLE_INSTRUMENT;VOLA;EUR;671088649;23129.00000000;7;EXCHANGE_LAST;;1;1;XEUR;7561255;589;
07.03.2025;12:04:17.390;FDAX SI 20250321 CS;SIMPLE_INSTRUMENT;VOLA;EUR;671088655;23117.00000000;11;EXCHANGE_LAST;;1;1;XEUR;7561255;589;
07.03.2025;13:35:23.792;FDAX SI 20250321 CS;SIMPLE_INSTRUMENT;VOLA;EUR;671088663;22970.00000000;100;EXCHANGE_LAST;;1;1;XEUR;7561255;589;
07.03.2025;13:25:24.632;FDAX SI 20250321 CS;SIMPLE_INSTRUMENT;VOLA;EUR;671088664;22970.00000000;38;EXCHANGE_LAST;;1;1;XEUR;7561255;589;
07.03.2025;15:50:36.942;FDAX SI 20250321 CS;SIMPLE_INSTRUMENT;VOLA;EUR;671088673;22981.00000000;33;EXCHANGE_LAST;;1;1;XEUR;7561255;589;
07.03.2025;12:15:55.984;FEBD SI 20271217 CS;SIMPLE_INSTRUMENT;BLOCK;EUR;12;9.97000000;1300;EXCHANGE_LAST;;1;2;XEUR;7776307;597;
07.03.2025;12:18:14.349;FEBD SI 20261218 CS;SIMPLE_INSTRUMENT;BLOCK;EUR;13;10.55000000;1000;EXCHANGE_LAST;;1;2;XEUR;7158212;597;
07.03.2025;14:28:51.694;FEBD SI 20261218 CS;SIMPLE_INSTRUMENT;BLOCK;EUR;26;10.52000000;750;EXCHANGE_LAST;;1;2;XEUR;7158212;597;
07.03.2025;09:48:01.529;FECX SI 20250321 CS;SIMPLE_INSTRUMENT;BLOCK;EUR;9;164.67000000;125;EXCHANGE_LAST;;1;1;XEUR;11427948;410158;
07.03.2025;15:04:57.360;FECX SI 20250321 CS;SIMPLE_INSTRUMENT;BLOCK;EUR;31;164.90000000;65;EXCHANGE_LAST;;1;1;XEUR;11427948;410158;
07.03.2025;16:53:28.327;FEDV SI 20250321 CS;SIMPLE_INSTRUMENT;BLOCK;EUR;55;1900.00000000;615;EXCHANGE_LAST;;1;1;XEUR;11359068;596;
07.03.2025;16:53:50.329;FEDV SI 20250321 CS;SIMPLE_INSTRUMENT;BLOCK;EUR;56;1899.00000000;885;EXCHANGE_LAST;;1;1;XEUR;11359068;596;
07.03.2025;15:20:31.577;FEHY SI 20250321 CS;SIMPLE_INSTRUMENT;BLOCK;EUR;34;297.24000000;143;EXCHANGE_LAST;;1;1;XEUR;11428365;574047;
07.03.2025;16:09:14.675;FES1 SI 20250321 PS;SIMPLE_INSTRUMENT;BLOCK;EUR;39;1.90000000;116;EXCHANGE_LAST;;1;1;XEUR;11391470;58959;
07.03.2025;12:30:11.740;FESB SI 20250321 CS;SIMPLE_INSTRUMENT;BLOCK;EUR;64;193.50000000;2000;EXCHANGE_LAST;;1;1;XEUR;11359072;605;
07.03.2025;15:09:42.054;FESB SI 20250321 CS;SIMPLE_INSTRUMENT;BLOCK;EUR;70;192.70000000;3666;EXCHANGE_LAST;;1;1;XEUR;11359072;605;
07.03.2025;11:13:52.147;FESB SI 20250321 CS;SIMPLE_INSTRUMENT;VOLA;EUR;603979796;192.80000000;300;EXCHANGE_LAST;;1;1;XEUR;11359072;605;
07.03.2025;09:03:07.567;FESX SI 20250321 CS;SIMPLE_INSTRUMENT;BLOCK;EUR;1;5470.00000000;2000;EXCHANGE_LAST;;1;1;XEUR;7793482;675;
07.03.2025;11:03:58.619;FESX SI 20250321 CS;SIMPLE_INSTRUMENT;BLOCK;EUR;2;5470.00000000;3000;EXCHANGE_LAST;;1;1;XEUR;7793482;675;
07.03.2025;13:28:02.773;FESX SI 20250321 CS;SIMPLE_INSTRUMENT;BLOCK;EUR;3;5460.00000000;3000;EXCHANGE_LAST;;1;1;XEUR;7793482;675;
07.03.2025;13:49:52.273;FESX SI 20250321 CS;SIMPLE_INSTRUMENT;BLOCK;EUR;4;5460.00000000;5000;EXCHANGE_LAST;;1;1;XEUR;7793482;675;
07.03.2025;16:47:06.327;FESX SI 20250321 CS;SIMPLE_INSTRUMENT;EFP_IDX;EUR;6;5470.00000000;59;EXCHANGE_LAST;;1;1;XEUR;7793482;675;
07.03.2025;16:47:25.281;FESX SI 20250321 CS;SIMPLE_INSTRUMENT;EFP_IDX;EUR;7;5471.00000000;41;EXCHANGE_LAST;;1;1;XEUR;7793482;675;
07.03.2025;16:46:51.857;FESX SI 20250321 CS;SIMPLE_INSTRUMENT;EFP_IDX;EUR;8;5470.00000000;590;EXCHANGE_LAST;;1;1;XEUR;7793482;675;
07.03.2025;16:47:14.714;FESX SI 20250321 CS;SIMPLE_INSTRUMENT;EFP_IDX;EUR;9;5471.00000000;410;EXCHANGE_LAST;;1;1;XEUR;7793482;675;
07.03.2025;16:45:46.849;FESX SI 20250321 CS;SIMPLE_INSTRUMENT;EFP_IDX;EUR;10;5470.00000000;255;EXCHANGE_LAST;;1;1;XEUR;7793482;675;
07.03.2025;16:46:11.283;FESX SI 20250321 CS;SIMPLE_INSTRUMENT;EFP_IDX;EUR;11;5471.00000000;178;EXCHANGE_LAST;;1;1;XEUR;7793482;675;
07.03.2025;16:54:25.256;FESX SI 20250321 CS;SIMPLE_INSTRUMENT;EFP_IDX;EUR;12;5471.00000000;53;EXCHANGE_LAST;;1;1;XEUR;7793482;675;
07.03.2025;16:54:53.116;FESX SI 20250321 CS;SIMPLE_INSTRUMENT;EFP_IDX;EUR;13;5470.00000000;63;EXCHANGE_LAST;;1;1;XEUR;7793482;675;
07.03.2025;17:36:50.389;FESX SI 20250321 CS;SIMPLE_INSTRUMENT;EFP_IDX;EUR;16;5471.00000000;990;EXCHANGE_LAST;;1;1;XEUR;7793482;675;
07.03.2025;17:37:08.593;FESX SI 20250321 CS;SIMPLE_INSTRUMENT;EFP_IDX;EUR;17;5470.00000000;2010;EXCHANGE_LAST;;1;1;XEUR;7793482;675;
07.03.2025;08:50:48.128;FESX SI 20250321 CS;SIMPLE_INSTRUMENT;VOLA;EUR;637534211;5473.00000000;220;EXCHANGE_LAST;;1;1;XEUR;7793482;675;
07.03.2025;09:41:18.972;FESX SI 20250321 CS;SIMPLE_INSTRUMENT;VOLA;EUR;637534231;5480.00000000;116;EXCHANGE_LAST;;1;1;XEUR;7793482;675;
07.03.2025;09:41:58.742;FESX SI 20250321 CS;SIMPLE_INSTRUMENT;VOLA;EUR;637534232;5480.00000000;61;EXCHANGE_LAST;;1;1;XEUR;7793482;675;
07.03.2025;09:52:34.964;FESX SI 20250321 CS;SIMPLE_INSTRUMENT;VOLA;EUR;637534236;5490.00000000;140;EXCHANGE_LAST;;1;1;XEUR;7793482;675;
07.03.2025;09:52:37.122;FESX SI 20250321 CS;SIMPLE_INSTRUMENT;VOLA;EUR;637534237;5490.00000000;140;EXCHANGE_LAST;;1;1;XEUR;7793482;675;
07.03.2025;10:54:14.892;FESX SI 20250321 CS;SIMPLE_INSTRUMENT;VOLA;EUR;637534270;5474.00000000;100;EXCHANGE_LAST;;1;1;XEUR;7793482;675;
07.03.2025;11:01:21.994;FESX SI 20250321 CS;SIMPLE_INSTRUMENT;VOLA;EUR;637534273;5470.00000000;549;EXCHANGE_LAST;;1;1;XEUR;7793482;675;
07.03.2025;11:04:20.230;FESX SI 20250321 CS;SIMPLE_INSTRUMENT;VOLA;EUR;637534276;5471.00000000;132;EXCHANGE_LAST;;1;1;XEUR;7793482;675;
07.03.2025;12:56:28.223;FESX SI 20250321 CS;SIMPLE_INSTRUMENT;VOLA;EUR;637534323;5462.00000000;524;EXCHANGE_LAST;;1;1;XEUR;7793482;675;
07.03.2025;13:13:07.519;FESX SI 20250321 CS;SIMPLE_INSTRUMENT;VOLA;EUR;637534333;5460.00000000;720;EXCHANGE_LAST;;1;1;XEUR;7793482;675;
07.03.2025;13:56:40.946;FESX SI 20250321 CS;SIMPLE_INSTRUMENT;VOLA;EUR;637534358;5473.00000000;210;EXCHANGE_LAST;;1;1;XEUR;7793482;675;
07.03.2025;14:16:16.317;FESX SI 20250321 CS;SIMPLE_INSTRUMENT;VOLA;EUR;637534373;5440.00000000;490;EXCHANGE_LAST;;1;1;XEUR;7793482;675;
07.03.2025;15:05:48.890;FESX SI 20250321 CS;SIMPLE_INSTRUMENT;VOLA;EUR;637534394;5470.00000000;100;EXCHANGE_LAST;;1;1;XEUR;7793482;675;
07.03.2025;15:23:14.228;FESX SI 20250321 CS;SIMPLE_INSTRUMENT;VOLA;EUR;637534409;5476.00000000;150;EXCHANGE_LAST;;1;1;XEUR;7793482;675;
07.03.2025;15:36:30.066;FESX SI 20250321 CS;SIMPLE_INSTRUMENT;VOLA;EUR;637534420;5470.00000000;130;EXCHANGE_LAST;;1;1;XEUR;7793482;675;
07.03.2025;15:44:13.483;FESX SI 20250321 CS;SIMPLE_INSTRUMENT;VOLA;EUR;637534426;5458.00000000;165;EXCHANGE_LAST;;1;1;XEUR;7793482;675;
07.03.2025;15:48:24.718;FESX SI 20250321 CS;SIMPLE_INSTRUMENT;VOLA;EUR;637534427;5460.00000000;450;EXCHANGE_LAST;;1;1;XEUR;7793482;675;
07.03.2025;15:48:50.483;FESX SI 20250321 CS;SIMPLE_INSTRUMENT;VOLA;EUR;637534428;5460.00000000;170;EXCHANGE_LAST;;1;1;XEUR;7793482;675;
07.03.2025;15:51:08.442;FESX SI 20250321 CS;SIMPLE_INSTRUMENT;VOLA;EUR;637534432;5460.00000000;192;EXCHANGE_LAST;;1;1;XEUR;7793482;675;
07.03.2025;16:04:15.674;FESX SI 20250321 CS;SIMPLE_INSTRUMENT;VOLA;EUR;637534439;5490.00000000;1890;EXCHANGE_LAST;;1;1;XEUR;7793482;675;
07.03.2025;16:12:55.034;FESX SI 20250321 CS;SIMPLE_INSTRUMENT;VOLA;EUR;637534444;5484.00000000;30;EXCHANGE_LAST;;1;1;XEUR;7793482;675;
07.03.2025;16:13:42.618;FESX SI 20250321 CS;SIMPLE_INSTRUMENT;VOLA;EUR;637534446;5485.00000000;190;EXCHANGE_LAST;;1;1;XEUR;7793482;675;
07.03.2025;08:51:15.115;FEXD SI 20261218 CS;SIMPLE_INSTRUMENT;BLOCK;EUR;2;157.60000000;250;EXCHANGE_LAST;;1;1;XEUR;2163053;693;
07.03.2025;09:31:19.173;FEXD SI 20281215 CS;SIMPLE_INSTRUMENT;BLOCK;EUR;5;148.70000000;870;EXCHANGE_LAST;;1;1;XEUR;3680985;693;
07.03.2025;09:50:07.114;FEXD SI 20261218 CS;SIMPLE_INSTRUMENT;BLOCK;EUR;10;157.80000000;300;EXCHANGE_LAST;;1;1;XEUR;2163053;693;
07.03.2025;10:08:15.133;FEXD SI 20261218 CS;SIMPLE_INSTRUMENT;BLOCK;EUR;11;157.80000000;100;EXCHANGE_LAST;;1;1;XEUR;2163053;693;
07.03.2025;12:37:14.292;FEXD SI 20251219 CS;SIMPLE_INSTRUMENT;BLOCK;EUR;15;165.90000000;115;EXCHANGE_LAST;;1;1;XEUR;1548120;693;
07.03.2025;12:46:39.374;FEXD SI 20261218 CS;SIMPLE_INSTRUMENT;BLOCK;EUR;16;157.50000000;500;EXCHANGE_LAST;;1;1;XEUR;2163053;693;
07.03.2025;12:54:55.588;FEXD SI 20261218 CS;SIMPLE_INSTRUMENT;BLOCK;EUR;17;157.30000000;500;EXCHANGE_LAST;;1;1;XEUR;2163053;693;
07.03.2025;13:18:47.872;FEXD SI 20250620 CS;SIMPLE_INSTRUMENT;BLOCK;EUR;18;129.50000000;500;EXCHANGE_LAST;;1;1;XEUR;9548493;693;
07.03.2025;13:18:37.871;FEXD SI 20250620 CS;SIMPLE_INSTRUMENT;BLOCK;EUR;19;129.60000000;500;EXCHANGE_LAST;;1;1;XEUR;9548493;693;
07.03.2025;13:21:49.605;FEXD SI 20251219 CS;SIMPLE_INSTRUMENT;BLOCK;EUR;20;165.80000000;300;EXCHANGE_LAST;;1;1;XEUR;1548120;693;
07.03.2025;14:15:36.722;FEXD SI 20281215 CS;SIMPLE_INSTRUMENT;BLOCK;EUR;22;147.50000000;500;EXCHANGE_LAST;;1;1;XEUR;3680985;693;
07.03.2025;14:15:39.548;FEXD SI 20261218 CS;SIMPLE_INSTRUMENT;BLOCK;EUR;23;157.20000000;500;EXCHANGE_LAST;;1;1;XEUR;2163053;693;
07.03.2025;14:29:52.837;FEXD SI 20261218 CS;SIMPLE_INSTRUMENT;BLOCK;EUR;24;157.40000000;625;EXCHANGE_LAST;;1;1;XEUR;2163053;693;
07.03.2025;14:29:45.837;FEXD SI 20261218 CS;SIMPLE_INSTRUMENT;BLOCK;EUR;25;157.50000000;625;EXCHANGE_LAST;;1;1;XEUR;2163053;693;
07.03.2025;14:48:36.962;FEXD SI 20261218 CS;SIMPLE_INSTRUMENT;BLOCK;EUR;29;157.30000000;500;EXCHANGE_LAST;;1;1;XEUR;2163053;693;
07.03.2025;14:50:42.419;FEXD SI 20261218 CS;SIMPLE_INSTRUMENT;BLOCK;EUR;30;157.30000000;250;EXCHANGE_LAST;;1;1;XEUR;2163053;693;
07.03.2025;16:22:14.568;FEXD SI 20271217 CS;SIMPLE_INSTRUMENT;BLOCK;EUR;40;152.40000000;200;EXCHANGE_LAST;;1;1;XEUR;2848338;693;
07.03.2025;16:58:27.642;FEXD SI 20261218 CS;SIMPLE_INSTRUMENT;BLOCK;EUR;59;157.50000000;350;EXCHANGE_LAST;;1;1;XEUR;2163053;693;
07.03.2025;17:01:46.103;FEXD SI 20261218 CS;SIMPLE_INSTRUMENT;VOLA;EUR;301989921;157.40000000;20;EXCHANGE_LAST;;1;1;XEUR;2163053;693;
07.03.2025;15:10:05.376;FGBC SI 20250321 CS;SIMPLE_INSTRUMENT;BLOCK;GBP;32;141.63000000;100;EXCHANGE_LAST;;1;1;XEUR;11429250;772679;
07.03.2025;07:28:59.835;FGBL SI 20250606 PS;SIMPLE_INSTRUMENT;EFS;EUR;1;127.09000000;433;EXCHANGE_LAST;;1;1;XEUR;11820389;688;
07.03.2025;07:58:51.076;FGBL SI 20250606 PS;SIMPLE_INSTRUMENT;EFS;EUR;2;127.67000000;216;EXCHANGE_LAST;;1;1;XEUR;11820389;688;
07.03.2025;07:59:33.361;FGBL SI 20250606 PS;SIMPLE_INSTRUMENT;EFS;EUR;3;127.68000000;216;EXCHANGE_LAST;;1;1;XEUR;11820389;688;
07.03.2025;08:07:23.459;FGBL SI 20250606 PS;SIMPLE_INSTRUMENT;EFS;EUR;4;127.61000000;699;EXCHANGE_LAST;;1;1;XEUR;11820389;688;
07.03.2025;08:19:49.406;FGBL SI 20250606 PS;SIMPLE_INSTRUMENT;EFS;EUR;6;127.67000000;432;EXCHANGE_LAST;;1;1;XEUR;11820389;688;
07.03.2025;08:21:59.491;FGBL SI 20250606 PS;SIMPLE_INSTRUMENT;EFS;EUR;7;127.76000000;432;EXCHANGE_LAST;;1;1;XEUR;11820389;688;
07.03.2025;08:22:04.496;FGBL SI 20250606 PS;SIMPLE_INSTRUMENT;EFS;EUR;8;127.67000000;432;EXCHANGE_LAST;;1;1;XEUR;11820389;688;
07.03.2025;08:22:14.504;FGBL SI 20250606 PS;SIMPLE_INSTRUMENT;EFS;EUR;9;127.67000000;432;EXCHANGE_LAST;;1;1;XEUR;11820389;688;
07.03.2025;08:24:59.603;FGBL SI 20250606 PS;SIMPLE_INSTRUMENT;EFS;EUR;10;127.78000000;432;EXCHANGE_LAST;;1;1;XEUR;11820389;688;
07.03.2025;08:25:24.661;FGBL SI 20250606 PS;SIMPLE_INSTRUMENT;EFS;EUR;11;127.78000000;432;EXCHANGE_LAST;;1;1;XEUR;11820389;688;
07.03.2025;08:26:57.953;FGBL SI 20250606 PS;SIMPLE_INSTRUMENT;EFS;EUR;12;127.80000000;863;EXCHANGE_LAST;;1;1;XEUR;11820389;688;
07.03.2025;08:29:10.777;FGBL SI 20250606 PS;SIMPLE_INSTRUMENT;EFS;EUR;13;127.78000000;216;EXCHANGE_LAST;;1;1;XEUR;11820389;688;
07.03.2025;08:31:59.968;FGBL SI 20250606 PS;SIMPLE_INSTRUMENT;EFS;EUR;14;127.83000000;279;EXCHANGE_LAST;;1;1;XEUR;11820389;688;
07.03.2025;08:35:02.985;FGBL SI 20250606 PS;SIMPLE_INSTRUMENT;EFS;EUR;15;127.83000000;279;EXCHANGE_LAST;;1;1;XEUR;11820389;688;
07.03.2025;08:40:52.218;FGBL SI 20250606 PS;SIMPLE_INSTRUMENT;EFS;EUR;16;127.67000000;432;EXCHANGE_LAST;;1;1;XEUR;11820389;688;
07.03.2025;08:41:32.550;FGBL SI 20250606 PS;SIMPLE_INSTRUMENT;EFS;EUR;17;127.71000000;458;EXCHANGE_LAST;;1;1;XEUR;11820389;688;
07.03.2025;08:45:21.061;FGBL SI 20250606 PS;SIMPLE_INSTRUMENT;EFS;EUR;18;127.74000000;1727;EXCHANGE_LAST;;1;1;XEUR;11820389;688;
07.03.2025;08:45:56.674;FGBL SI 20250606 PS;SIMPLE_INSTRUMENT;EFS;EUR;19;127.74000000;1727;EXCHANGE_LAST;;1;1;XEUR;11820389;688;
07.03.2025;08:46:39.491;FGBL SI 20250606 PS;SIMPLE_INSTRUMENT;EFS;EUR;20;127.70000000;432;EXCHANGE_LAST;;1;1;XEUR;11820389;688;
07.03.2025;08:47:44.163;FGBL SI 20250606 PS;SIMPLE_INSTRUMENT;EFS;EUR;21;127.68000000;432;EXCHANGE_LAST;;1;1;XEUR;11820389;688;
07.03.2025;08:50:12.137;FGBL SI 20250606 PS;SIMPLE_INSTRUMENT;EFS;EUR;22;127.69000000;465;EXCHANGE_LAST;;1;1;XEUR;11820389;688;
07.03.2025;08:52:15.948;FGBL SI 20250606 PS;SIMPLE_INSTRUMENT;EFS;EUR;23;127.64000000;246;EXCHANGE_LAST;;1;1;XEUR;11820389;688;
07.03.2025;08:54:43.755;FGBL SI 20250606 PS;SIMPLE_INSTRUMENT;EFS;EUR;25;127.71000000;216;EXCHANGE_LAST;;1;1;XEUR;11820389;688;
07.03.2025;08:57:13.850;FGBL SI 20250606 PS;SIMPLE_INSTRUMENT;EFS;EUR;26;127.86000000;216;EXCHANGE_LAST;;1;1;XEUR;11820389;688;
07.03.2025;09:02:34.055;FGBL SI 20250606 PS;SIMPLE_INSTRUMENT;EFS;EUR;28;127.89000000;216;EXCHANGE_LAST;;1;1;XEUR;11820389;688;
07.03.2025;09:04:29.601;FGBL SI 20250606 PS;SIMPLE_INSTRUMENT;EFS;EUR;29;127.56000000;1141;EXCHANGE_LAST;;1;1;XEUR;11820389;688;
07.03.2025;09:04:53.450;FGBL SI 20250606 PS;SIMPLE_INSTRUMENT;EFS;EUR;30;127.81000000;431;EXCHANGE_LAST;;1;1;XEUR;11820389;688;
07.03.2025;09:05:39.983;FGBL SI 20250606 PS;SIMPLE_INSTRUMENT;EFS;EUR;31;127.68000000;232;EXCHANGE_LAST;;1;1;XEUR;11820389;688;
07.03.2025;09:05:42.477;FGBL SI 20250606 PS;SIMPLE_INSTRUMENT;EFS;EUR;32;127.64000000;862;EXCHANGE_LAST;;1;1;XEUR;11820389;688;
07.03.2025;09:06:36.960;FGBL SI 20250606 PS;SIMPLE_INSTRUMENT;EFS;EUR;33;127.69000000;1001;EXCHANGE_LAST;;1;1;XEUR;11820389;688;
07.03.2025;09:06:51.712;FGBL SI 20250606 PS;SIMPLE_INSTRUMENT;EFS;EUR;34;127.64000000;216;EXCHANGE_LAST;;1;1;XEUR;11820389;688;
07.03.2025;09:07:16.038;FGBL SI 20250606 PS;SIMPLE_INSTRUMENT;EFS;EUR;35;127.64000000;647;EXCHANGE_LAST;;1;1;XEUR;11820389;688;
07.03.2025;09:08:04.063;FGBL SI 20250606 PS;SIMPLE_INSTRUMENT;EFS;EUR;36;127.74000000;431;EXCHANGE_LAST;;1;1;XEUR;11820389;688;
07.03.2025;09:18:11.676;FGBL SI 20250606 PS;SIMPLE_INSTRUMENT;EFP_FIN;EUR;37;127.87000000;1844;EXCHANGE_LAST;;1;1;XEUR;11820389;688;
07.03.2025;09:19:05.683;FGBL SI 20250606 PS;SIMPLE_INSTRUMENT;EFS;EUR;38;127.76000000;863;EXCHANGE_LAST;;1;1;XEUR;11820389;688;
07.03.2025;09:20:36.052;FGBL SI 20250606 PS;SIMPLE_INSTRUMENT;EFS;EUR;39;127.73000000;432;EXCHANGE_LAST;;1;1;XEUR;11820389;688;
07.03.2025;09:20:50.756;FGBL SI 20250606 PS;SIMPLE_INSTRUMENT;EFS;EUR;40;127.73000000;432;EXCHANGE_LAST;;1;1;XEUR;11820389;688;
07.03.2025;09:24:36.778;FGBL SI 20250606 PS;SIMPLE_INSTRUMENT;EFS;EUR;41;127.70000000;500;EXCHANGE_LAST;;1;1;XEUR;11820389;688;
07.03.2025;09:25:20.941;FGBL SI 20250606 PS;SIMPLE_INSTRUMENT;EFS;EUR;42;127.71000000;432;EXCHANGE_LAST;;1;1;XEUR;11820389;688;
07.03.2025;09:26:41.531;FGBL SI 20250606 PS;SIMPLE_INSTRUMENT;EFS;EUR;43;127.74000000;232;EXCHANGE_LAST;;1;1;XEUR;11820389;688;
07.03.2025;09:28:11.080;FGBL SI 20250606 PS;SIMPLE_INSTRUMENT;EFS;EUR;44;127.71000000;431;EXCHANGE_LAST;;1;1;XEUR;11820389;688;
07.03.2025;09:28:46.271;FGBL SI 20250606 PS;SIMPLE_INSTRUMENT;EFP_FIN;EUR;45;127.77000000;983;EXCHANGE_LAST;;1;1;XEUR;11820389;688;
07.03.2025;09:30:40.222;FGBL SI 20250606 PS;SIMPLE_INSTRUMENT;EFS;EUR;46;127.72000000;465;EXCHANGE_LAST;;1;1;XEUR;11820389;688;
07.03.2025;09:35:00.232;FGBL SI 20250606 PS;SIMPLE_INSTRUMENT;EFS;EUR;47;127.73000000;165;EXCHANGE_LAST;;1;1;XEUR;11820389;688;
07.03.2025;09:37:35.967;FGBL SI 20250606 PS;SIMPLE_INSTRUMENT;EFS;EUR;48;127.80000000;465;EXCHANGE_LAST;;1;1;XEUR;11820389;688;
07.03.2025;09:37:47.424;FGBL SI 20250606 PS;SIMPLE_INSTRUMENT;EFS;EUR;49;127.81000000;216;EXCHANGE_LAST;;1;1;XEUR;11820389;688;
07.03.2025;09:38:07.441;FGBL SI 20250606 PS;SIMPLE_INSTRUMENT;EFS;EUR;50;127.81000000;216;EXCHANGE_LAST;;1;1;XEUR;11820389;688;
07.03.2025;09:38:33.132;FGBL SI 20250606 PS;SIMPLE_INSTRUMENT;EFP_FIN;EUR;51;127.79000000;75;EXCHANGE_LAST;;1;1;XEUR;11820389;688;
07.03.2025;09:42:18.434;FGBL SI 20250606 PS;SIMPLE_INSTRUMENT;EFS;EUR;52;127.66000000;2320;EXCHANGE_LAST;;1;1;XEUR;11820389;688;
07.03.2025;09:43:34.895;FGBL SI 20250606 PS;SIMPLE_INSTRUMENT;EFP_FIN;EUR;53;127.80000000;683;EXCHANGE_LAST;;1;1;XEUR;11820389;688;
07.03.2025;09:43:35.925;FGBL SI 20250606 PS;SIMPLE_INSTRUMENT;EFS;EUR;54;127.83000000;173;EXCHANGE_LAST;;1;1;XEUR;11820389;688;
07.03.2025;09:46:53.795;FGBL SI 20250606 PS;SIMPLE_INSTRUMENT;EFP_FIN;EUR;55;127.80000000;683;EXCHANGE_LAST;;1;1;XEUR;11820389;688;
07.03.2025;09:47:36.983;FGBL SI 20250606 PS;SIMPLE_INSTRUMENT;EFS;EUR;56;127.76000000;265;EXCHANGE_LAST;;1;1;XEUR;11820389;688;
07.03.2025;09:48:30.130;FGBL SI 20250606 PS;SIMPLE_INSTRUMENT;EFS;EUR;57;127.82000000;259;EXCHANGE_LAST;;1;1;XEUR;11820389;688;
07.03.2025;09:54:01.279;FGBL SI 20250606 PS;SIMPLE_INSTRUMENT;EFP_FIN;EUR;58;127.78000000;528;EXCHANGE_LAST;;1;1;XEUR;11820389;688;
07.03.2025;09:55:00.324;FGBL SI 20250606 PS;SIMPLE_INSTRUMENT;EFP_FIN;EUR;59;127.78000000;285;EXCHANGE_LAST;;1;1;XEUR;11820389;688;
07.03.2025;10:01:24.379;FGBL SI 20250606 PS;SIMPLE_INSTRUMENT;EFS;EUR;61;127.65000000;216;EXCHANGE_LAST;;1;1;XEUR;11820389;688;
07.03.2025;10:05:24.538;FGBL SI 20250606 PS;SIMPLE_INSTRUMENT;EFS;EUR;62;127.65000000;432;EXCHANGE_LAST;;1;1;XEUR;11820389;688;
07.03.2025;10:06:19.578;FGBL SI 20250606 PS;SIMPLE_INSTRUMENT;EFS;EUR;63;127.65000000;432;EXCHANGE_LAST;;1;1;XEUR;11820389;688;
07.03.2025;10:09:19.065;FGBL SI 20250606 PS;SIMPLE_INSTRUMENT;BLOCK;EUR;64;127.69000000;3600;EXCHANGE_LAST;;1;1;XEUR;11820389;688;
07.03.2025;10:12:51.748;FGBL SI 20250606 PS;SIMPLE_INSTRUMENT;EFS;EUR;65;127.65000000;186;EXCHANGE_LAST;;1;1;XEUR;11820389;688;
07.03.2025;10:13:12.030;FGBL SI 20250606 PS;SIMPLE_INSTRUMENT;EFS;EUR;66;127.70000000;151;EXCHANGE_LAST;;1;1;XEUR;11820389;688;
07.03.2025;10:14:35.919;FGBL SI 20250606 PS;SIMPLE_INSTRUMENT;EFS;EUR;67;127.63000000;432;EXCHANGE_LAST;;1;1;XEUR;11820389;688;
07.03.2025;10:16:36.055;FGBL SI 20250606 PS;SIMPLE_INSTRUMENT;EFP_FIN;EUR;68;127.65000000;689;EXCHANGE_LAST;;1;1;XEUR;11820389;688;
07.03.2025;10:17:13.144;FGBL SI 20250606 PS;SIMPLE_INSTRUMENT;EFS;EUR;69;127.65000000;173;EXCHANGE_LAST;;1;1;XEUR;11820389;688;
07.03.2025;10:17:48.422;FGBL SI 20250606 PS;SIMPLE_INSTRUMENT;EFS;EUR;70;127.65000000;216;EXCHANGE_LAST;;1;1;XEUR;11820389;688;
07.03.2025;10:19:22.703;FGBL SI 20250606 PS;SIMPLE_INSTRUMENT;EFS;EUR;71;127.65000000;432;EXCHANGE_LAST;;1;1;XEUR;11820389;688;
07.03.2025;10:19:22.995;FGBL SI 20250606 PS;SIMPLE_INSTRUMENT;EFS;EUR;72;127.64000000;47;EXCHANGE_LAST;;1;1;XEUR;11820389;688;
07.03.2025;10:20:00.779;FGBL SI 20250606 PS;SIMPLE_INSTRUMENT;EFS;EUR;73;127.68000000;259;EXCHANGE_LAST;;1;1;XEUR;11820389;688;
07.03.2025;10:20:41.162;FGBL SI 20250606 PS;SIMPLE_INSTRUMENT;EFS;EUR;74;127.65000000;432;EXCHANGE_LAST;;1;1;XEUR;11820389;688;
07.03.2025;10:20:56.176;FGBL SI 20250606 PS;SIMPLE_INSTRUMENT;EFS;EUR;75;127.64000000;432;EXCHANGE_LAST;;1;1;XEUR;11820389;688;
07.03.2025;10:21:04.307;FGBL SI 20250606 PS;SIMPLE_INSTRUMENT;EFS;EUR;76;127.67000000;432;EXCHANGE_LAST;;1;1;XEUR;11820389;688;
07.03.2025;10:21:11.190;FGBL SI 20250606 PS;SIMPLE_INSTRUMENT;EFS;EUR;77;127.65000000;216;EXCHANGE_LAST;;1;1;XEUR;11820389;688;
07.03.2025;10:21:22.271;FGBL SI 20250606 PS;SIMPLE_INSTRUMENT;EFS;EUR;78;127.68000000;432;EXCHANGE_LAST;;1;1;XEUR;11820389;688;
07.03.2025;10:23:18.108;FGBL SI 20250606 PS;SIMPLE_INSTRUMENT;EFP_FIN;EUR;79;127.65000000;150;EXCHANGE_LAST;;1;1;XEUR;11820389;688;
07.03.2025;10:23:28.110;FGBL SI 20250606 PS;SIMPLE_INSTRUMENT;EFP_FIN;EUR;80;127.65000000;150;EXCHANGE_LAST;;1;1;XEUR;11820389;688;
07.03.2025;10:27:52.474;FGBL SI 20250606 PS;SIMPLE_INSTRUMENT;EFS;EUR;81;127.74000000;432;EXCHANGE_LAST;;1;1;XEUR;11820389;688;
07.03.2025;10:33:52.715;FGBL SI 20250606 PS;SIMPLE_INSTRUMENT;EFS;EUR;82;127.75000000;102;EXCHANGE_LAST;;1;1;XEUR;11820389;688;
07.03.2025;10:34:43.245;FGBL SI 20250606 PS;SIMPLE_INSTRUMENT;EFS;EUR;83;127.68000000;464;EXCHANGE_LAST;;1;1;XEUR;11820389;688;
07.03.2025;10:38:17.897;FGBL SI 20250606 PS;SIMPLE_INSTRUMENT;EFS;EUR;84;127.63000000;508;EXCHANGE_LAST;;1;1;XEUR;11820389;688;
07.03.2025;10:39:49.153;FGBL SI 20250606 PS;SIMPLE_INSTRUMENT;EFP_FIN;EUR;85;127.71000000;683;EXCHANGE_LAST;;1;1;XEUR;11820389;688;
07.03.2025;10:46:53.213;FGBL SI 20250606 PS;SIMPLE_INSTRUMENT;EFS;EUR;86;127.63000000;406;EXCHANGE_LAST;;1;1;XEUR;11820389;688;
07.03.2025;10:47:03.221;FGBL SI 20250606 PS;SIMPLE_INSTRUMENT;EFS;EUR;87;127.63000000;406;EXCHANGE_LAST;;1;1;XEUR;11820389;688;
07.03.2025;10:47:08.226;FGBL SI 20250606 PS;SIMPLE_INSTRUMENT;EFS;EUR;88;127.63000000;406;EXCHANGE_LAST;;1;1;XEUR;11820389;688;
07.03.2025;10:48:13.268;FGBL SI 20250606 PS;SIMPLE_INSTRUMENT;EFS;EUR;89;127.70000000;432;EXCHANGE_LAST;;1;1;XEUR;11820389;688;
07.03.2025;10:49:15.380;FGBL SI 20250606 PS;SIMPLE_INSTRUMENT;EFS;EUR;90;127.66000000;1009;EXCHANGE_LAST;;1;1;XEUR;11820389;688;
07.03.2025;10:50:05.630;FGBL SI 20250606 PS;SIMPLE_INSTRUMENT;EFS;EUR;91;127.71000000;302;EXCHANGE_LAST;;1;1;XEUR;11820389;688;
07.03.2025;10:50:51.695;FGBL SI 20250606 PS;SIMPLE_INSTRUMENT;EFP_FIN;EUR;92;127.62000000;184;EXCHANGE_LAST;;1;1;XEUR;11820389;688;
07.03.2025;10:51:02.696;FGBL SI 20250606 PS;SIMPLE_INSTRUMENT;EFP_FIN;EUR;93;127.62000000;184;EXCHANGE_LAST;;1;1;XEUR;11820389;688;
07.03.2025;10:53:16.249;FGBL SI 20250606 PS;SIMPLE_INSTRUMENT;EFS;EUR;94;127.66000000;1000;EXCHANGE_LAST;;1;1;XEUR;11820389;688;
07.03.2025;10:57:02.566;FGBL SI 20250606 PS;SIMPLE_INSTRUMENT;EFS;EUR;95;127.72000000;776;EXCHANGE_LAST;;1;1;XEUR;11820389;688;
07.03.2025;10:58:13.077;FGBL SI 20250606 PS;SIMPLE_INSTRUMENT;EFS;EUR;96;127.72000000;388;EXCHANGE_LAST;;1;1;XEUR;11820389;688;
07.03.2025;11:00:27.991;FGBL SI 20250606 PS;SIMPLE_INSTRUMENT;EFS;EUR;97;127.68000000;110;EXCHANGE_LAST;;1;1;XEUR;11820389;688;
07.03.2025;11:02:40.209;FGBL SI 20250606 PS;SIMPLE_INSTRUMENT;EFS;EUR;98;127.78000000;1862;EXCHANGE_LAST;;1;1;XEUR;11820389;688;
07.03.2025;11:07:42.242;FGBL SI 20250606 PS;SIMPLE_INSTRUMENT;EFS;EUR;99;127.67000000;150;EXCHANGE_LAST;;1;1;XEUR;11820389;688;
07.03.2025;11:08:03.584;FGBL SI 20250606 PS;SIMPLE_INSTRUMENT;EFP_FIN;EUR;100;127.65000000;446;EXCHANGE_LAST;;1;1;XEUR;11820389;688;
07.03.2025;11:12:22.333;FGBL SI 20250606 PS;SIMPLE_INSTRUMENT;EFP_FIN;EUR;101;127.67000000;232;EXCHANGE_LAST;;1;1;XEUR;11820389;688;
07.03.2025;11:16:41.359;FGBL SI 20250606 PS;SIMPLE_INSTRUMENT;EFS;EUR;102;127.80000000;432;EXCHANGE_LAST;;1;1;XEUR;11820389;688;
07.03.2025;11:25:09.292;FGBL SI 20250606 PS;SIMPLE_INSTRUMENT;EFP_FIN;EUR;103;127.80000000;593;EXCHANGE_LAST;;1;1;XEUR;11820389;688;
07.03.2025;11:25:26.688;FGBL SI 20250606 PS;SIMPLE_INSTRUMENT;EFS;EUR;104;127.74000000;302;EXCHANGE_LAST;;1;1;XEUR;11820389;688;
07.03.2025;11:25:41.744;FGBL SI 20250606 PS;SIMPLE_INSTRUMENT;EFS;EUR;105;127.78000000;697;EXCHANGE_LAST;;1;1;XEUR;11820389;688;
07.03.2025;11:32:51.340;FGBL SI 20250606 PS;SIMPLE_INSTRUMENT;EFP_FIN;EUR;106;127.73000000;311;EXCHANGE_LAST;;1;1;XEUR;11820389;688;
07.03.2025;11:35:44.602;FGBL SI 20250606 PS;SIMPLE_INSTRUMENT;EFS;EUR;107;127.73000000;504;EXCHANGE_LAST;;1;1;XEUR;11820389;688;
07.03.2025;11:38:33.429;FGBL SI 20250606 PS;SIMPLE_INSTRUMENT;EFP_FIN;EUR;109;127.70000000;273;EXCHANGE_LAST;;1;1;XEUR;11820389;688;
07.03.2025;11:38:40.955;FGBL SI 20250606 PS;SIMPLE_INSTRUMENT;EFP_FIN;EUR;110;127.73000000;738;EXCHANGE_LAST;;1;1;XEUR;11820389;688;
07.03.2025;11:39:20.411;FGBL SI 20250606 PS;SIMPLE_INSTRUMENT;EFS;EUR;111;127.75000000;250;EXCHANGE_LAST;;1;1;XEUR;11820389;688;
07.03.2025;11:41:09.850;FGBL SI 20250606 PS;SIMPLE_INSTRUMENT;EFS;EUR;112;127.72000000;504;EXCHANGE_LAST;;1;1;XEUR;11820389;688;
07.03.2025;11:43:34.267;FGBL SI 20250606 PS;SIMPLE_INSTRUMENT;EFS;EUR;113;127.72000000;232;EXCHANGE_LAST;;1;1;XEUR;11820389;688;
07.03.2025;11:47:06.869;FGBL SI 20250606 PS;SIMPLE_INSTRUMENT;EFS;EUR;114;127.72000000;706;EXCHANGE_LAST;;1;1;XEUR;11820389;688;
07.03.2025;11:48:21.028;FGBL SI 20250606 PS;SIMPLE_INSTRUMENT;EFP_FIN;EUR;115;127.70000000;91;EXCHANGE_LAST;;1;1;XEUR;11820389;688;
07.03.2025;11:57:46.809;FGBL SI 20250606 PS;SIMPLE_INSTRUMENT;EFS;EUR;116;127.79000000;650;EXCHANGE_LAST;;1;1;XEUR;11820389;688;
07.03.2025;12:05:06.213;FGBL SI 20250606 PS;SIMPLE_INSTRUMENT;EFS;EUR;117;127.88000000;431;EXCHANGE_LAST;;1;1;XEUR;11820389;688;
07.03.2025;12:19:43.620;FGBL SI 20250606 PS;SIMPLE_INSTRUMENT;EFS;EUR;118;127.85000000;302;EXCHANGE_LAST;;1;1;XEUR;11820389;688;
07.03.2025;12:19:36.771;FGBL SI 20250606 PS;SIMPLE_INSTRUMENT;EFS;EUR;119;127.94000000;431;EXCHANGE_LAST;;1;1;XEUR;11820389;688;
07.03.2025;12:20:50.930;FGBL SI 20250606 PS;SIMPLE_INSTRUMENT;EFS;EUR;120;127.92000000;232;EXCHANGE_LAST;;1;1;XEUR;11820389;688;
07.03.2025;12:20:56.824;FGBL SI 20250606 PS;SIMPLE_INSTRUMENT;EFS;EUR;121;127.95000000;431;EXCHANGE_LAST;;1;1;XEUR;11820389;688;
07.03.2025;12:21:38.045;FGBL SI 20250606 PS;SIMPLE_INSTRUMENT;EFS;EUR;122;127.85000000;232;EXCHANGE_LAST;;1;1;XEUR;11820389;688;
07.03.2025;12:21:52.864;FGBL SI 20250606 PS;SIMPLE_INSTRUMENT;EFS;EUR;123;127.95000000;431;EXCHANGE_LAST;;1;1;XEUR;11820389;688;
07.03.2025;12:23:32.601;FGBL SI 20250606 PS;SIMPLE_INSTRUMENT;EFS;EUR;124;127.93000000;216;EXCHANGE_LAST;;1;1;XEUR;11820389;688;
07.03.2025;12:24:11.524;FGBL SI 20250606 PS;SIMPLE_INSTRUMENT;EFS;EUR;125;127.93000000;216;EXCHANGE_LAST;;1;1;XEUR;11820389;688;
07.03.2025;12:28:22.025;FGBL SI 20250606 PS;SIMPLE_INSTRUMENT;EFP_FIN;EUR;126;127.96000000;299;EXCHANGE_LAST;;1;1;XEUR;11820389;688;
07.03.2025;12:29:56.840;FGBL SI 20250606 PS;SIMPLE_INSTRUMENT;EFP_FIN;EUR;127;127.95000000;748;EXCHANGE_LAST;;1;1;XEUR;11820389;688;
07.03.2025;12:31:05.625;FGBL SI 20250606 PS;SIMPLE_INSTRUMENT;EFP_FIN;EUR;128;127.96000000;262;EXCHANGE_LAST;;1;1;XEUR;11820389;688;
07.03.2025;12:32:45.849;FGBL SI 20250606 PS;SIMPLE_INSTRUMENT;EFP_FIN;EUR;129;128.00000000;374;EXCHANGE_LAST;;1;1;XEUR;11820389;688;
07.03.2025;12:34:04.439;FGBL SI 20250606 PS;SIMPLE_INSTRUMENT;EFS;EUR;130;128.03000000;418;EXCHANGE_LAST;;1;1;XEUR;11820389;688;
07.03.2025;12:35:30.532;FGBL SI 20250606 PS;SIMPLE_INSTRUMENT;EFP_FIN;EUR;131;128.03000000;650;EXCHANGE_LAST;;1;1;XEUR;11820389;688;
07.03.2025;12:43:22.631;FGBL SI 20250606 PS;SIMPLE_INSTRUMENT;EFS;EUR;132;127.95000000;503;EXCHANGE_LAST;;1;1;XEUR;11820389;688;
07.03.2025;12:45:06.021;FGBL SI 20250606 PS;SIMPLE_INSTRUMENT;EFS;EUR;133;127.96000000;503;EXCHANGE_LAST;;1;1;XEUR;11820389;688;
07.03.2025;12:48:03.460;FGBL SI 20250606 PS;SIMPLE_INSTRUMENT;EFP_FIN;EUR;134;128.00000000;374;EXCHANGE_LAST;;1;1;XEUR;11820389;688;
07.03.2025;12:47:54.386;FGBL SI 20250606 PS;SIMPLE_INSTRUMENT;EFS;EUR;135;128.04000000;302;EXCHANGE_LAST;;1;1;XEUR;11820389;688;
07.03.2025;12:55:04.131;FGBL SI 20250606 PS;SIMPLE_INSTRUMENT;EFP_FIN;EUR;136;128.01000000;455;EXCHANGE_LAST;;1;1;XEUR;11820389;688;
07.03.2025;12:54:53.674;FGBL SI 20250606 PS;SIMPLE_INSTRUMENT;EFS;EUR;137;127.99000000;431;EXCHANGE_LAST;;1;1;XEUR;11820389;688;
07.03.2025;12:57:12.141;FGBL SI 20250606 PS;SIMPLE_INSTRUMENT;EFS;EUR;138;127.99000000;431;EXCHANGE_LAST;;1;1;XEUR;11820389;688;
07.03.2025;12:57:14.023;FGBL SI 20250606 PS;SIMPLE_INSTRUMENT;EFP_FIN;EUR;139;128.01000000;379;EXCHANGE_LAST;;1;1;XEUR;11820389;688;
07.03.2025;13:00:43.834;FGBL SI 20250606 PS;SIMPLE_INSTRUMENT;EFS;EUR;140;127.95000000;805;EXCHANGE_LAST;;1;1;XEUR;11820389;688;
07.03.2025;13:01:14.588;FGBL SI 20250606 PS;SIMPLE_INSTRUMENT;EFP_FIN;EUR;141;128.02000000;414;EXCHANGE_LAST;;1;1;XEUR;11820389;688;
07.03.2025;13:02:04.301;FGBL SI 20250606 PS;SIMPLE_INSTRUMENT;EFS;EUR;142;128.00000000;25;EXCHANGE_LAST;;1;1;XEUR;11820389;688;
07.03.2025;13:05:29.872;FGBL SI 20250606 PS;SIMPLE_INSTRUMENT;EFP_FIN;EUR;143;128.00000000;316;EXCHANGE_LAST;;1;1;XEUR;11820389;688;
07.03.2025;13:08:30.096;FGBL SI 20250606 PS;SIMPLE_INSTRUMENT;EFS;EUR;144;127.93000000;754;EXCHANGE_LAST;;1;1;XEUR;11820389;688;
07.03.2025;13:10:14.152;FGBL SI 20250606 PS;SIMPLE_INSTRUMENT;EFP_FIN;EUR;145;127.97000000;1123;EXCHANGE_LAST;;1;1;XEUR;11820389;688;
07.03.2025;13:23:58.161;FGBL SI 20250606 PS;SIMPLE_INSTRUMENT;EFS;EUR;146;127.95000000;927;EXCHANGE_LAST;;1;1;XEUR;11820389;688;
07.03.2025;13:24:53.405;FGBL SI 20250606 PS;SIMPLE_INSTRUMENT;EFS;EUR;147;127.96000000;431;EXCHANGE_LAST;;1;1;XEUR;11820389;688;
07.03.2025;13:26:18.447;FGBL SI 20250606 PS;SIMPLE_INSTRUMENT;EFS;EUR;148;127.96000000;302;EXCHANGE_LAST;;1;1;XEUR;11820389;688;
07.03.2025;13:27:18.486;FGBL SI 20250606 PS;SIMPLE_INSTRUMENT;EFS;EUR;149;127.98000000;431;EXCHANGE_LAST;;1;1;XEUR;11820389;688;
07.03.2025;13:27:59.072;FGBL SI 20250606 PS;SIMPLE_INSTRUMENT;EFS;EUR;150;127.96000000;100;EXCHANGE_LAST;;1;1;XEUR;11820389;688;
07.03.2025;13:31:04.909;FGBL SI 20250606 PS;SIMPLE_INSTRUMENT;EFP_FIN;EUR;151;127.98000000;1011;EXCHANGE_LAST;;1;1;XEUR;11820389;688;
07.03.2025;13:44:25.121;FGBL SI 20250606 PS;SIMPLE_INSTRUMENT;EFS;EUR;152;128.13000000;431;EXCHANGE_LAST;;1;1;XEUR;11820389;688;
07.03.2025;14:01:34.924;FGBL SI 20250606 PS;SIMPLE_INSTRUMENT;EFP_FIN;EUR;153;128.10000000;543;EXCHANGE_LAST;;1;1;XEUR;11820389;688;
07.03.2025;14:04:10.721;FGBL SI 20250606 PS;SIMPLE_INSTRUMENT;EFS;EUR;154;128.20000000;200;EXCHANGE_LAST;;1;1;XEUR;11820389;688;
07.03.2025;14:05:48.843;FGBL SI 20250606 PS;SIMPLE_INSTRUMENT;EFS;EUR;155;127.70000000;1000;EXCHANGE_LAST;;1;1;XEUR;11820389;688;
07.03.2025;14:07:23.198;FGBL SI 20250606 PS;SIMPLE_INSTRUMENT;EFP_FIN;EUR;156;128.07000000;387;EXCHANGE_LAST;;1;1;XEUR;11820389;688;
07.03.2025;14:11:23.233;FGBL SI 20250606 PS;SIMPLE_INSTRUMENT;EFP_FIN;EUR;157;128.18000000;273;EXCHANGE_LAST;;1;1;XEUR;11820389;688;
07.03.2025;14:16:36.091;FGBL SI 20250606 PS;SIMPLE_INSTRUMENT;EFS;EUR;158;128.28000000;495;EXCHANGE_LAST;;1;1;XEUR;11820389;688;
07.03.2025;14:21:08.574;FGBL SI 20250606 PS;SIMPLE_INSTRUMENT;EFP_FIN;EUR;159;128.23000000;359;EXCHANGE_LAST;;1;1;XEUR;11820389;688;
07.03.2025;14:25:23.354;FGBL SI 20250606 PS;SIMPLE_INSTRUMENT;EFS;EUR;160;128.14000000;200;EXCHANGE_LAST;;1;1;XEUR;11820389;688;
07.03.2025;14:26:48.719;FGBL SI 20250606 PS;SIMPLE_INSTRUMENT;EFS;EUR;161;128.06000000;215;EXCHANGE_LAST;;1;1;XEUR;11820389;688;
07.03.2025;14:33:45.997;FGBL SI 20250606 PS;SIMPLE_INSTRUMENT;EFS;EUR;162;128.00000000;215;EXCHANGE_LAST;;1;1;XEUR;11820389;688;
07.03.2025;14:34:25.028;FGBL SI 20250606 PS;SIMPLE_INSTRUMENT;EFS;EUR;163;128.04000000;431;EXCHANGE_LAST;;1;1;XEUR;11820389;688;
07.03.2025;14:36:34.143;FGBL SI 20250606 PS;SIMPLE_INSTRUMENT;EFS;EUR;164;128.05000000;463;EXCHANGE_LAST;;1;1;XEUR;11820389;688;
07.03.2025;14:39:29.555;FGBL SI 20250606 PS;SIMPLE_INSTRUMENT;EFP_FIN;EUR;165;128.06000000;100;EXCHANGE_LAST;;1;1;XEUR;11820389;688;
07.03.2025;14:45:34.423;FGBL SI 20250606 PS;SIMPLE_INSTRUMENT;EFS;EUR;166;128.24000000;500;EXCHANGE_LAST;;1;1;XEUR;11820389;688;
07.03.2025;14:52:31.015;FGBL SI 20250606 PS;SIMPLE_INSTRUMENT;EFP_FIN;EUR;167;127.94000000;349;EXCHANGE_LAST;;1;1;XEUR;11820389;688;
07.03.2025;14:53:37.515;FGBL SI 20250606 PS;SIMPLE_INSTRUMENT;EFS;EUR;168;127.86000000;403;EXCHANGE_LAST;;1;1;XEUR;11820389;688;
07.03.2025;14:54:34.167;FGBL SI 20250606 PS;SIMPLE_INSTRUMENT;EFS;EUR;169;128.02000000;231;EXCHANGE_LAST;;1;1;XEUR;11820389;688;
07.03.2025;14:58:32.155;FGBL SI 20250606 PS;SIMPLE_INSTRUMENT;EFS;EUR;170;128.04000000;502;EXCHANGE_LAST;;1;1;XEUR;11820389;688;
07.03.2025;14:58:11.918;FGBL SI 20250606 PS;SIMPLE_INSTRUMENT;EFS;EUR;171;127.77000000;432;EXCHANGE_LAST;;1;1;XEUR;11820389;688;
07.03.2025;15:04:09.435;FGBL SI 20250606 PS;SIMPLE_INSTRUMENT;EFS;EUR;172;127.77000000;250;EXCHANGE_LAST;;1;1;XEUR;11820389;688;
07.03.2025;15:00:25.151;FGBL SI 20250606 PS;SIMPLE_INSTRUMENT;EFS;EUR;173;127.84000000;50;EXCHANGE_LAST;;1;1;XEUR;11820389;688;
07.03.2025;15:04:51.496;FGBL SI 20250606 PS;SIMPLE_INSTRUMENT;EFP_FIN;EUR;174;127.77000000;50;EXCHANGE_LAST;;1;1;XEUR;11820389;688;
07.03.2025;15:03:25.268;FGBL SI 20250606 PS;SIMPLE_INSTRUMENT;EFS;EUR;175;127.79000000;324;EXCHANGE_LAST;;1;1;XEUR;11820389;688;
07.03.2025;15:05:13.975;FGBL SI 20250606 PS;SIMPLE_INSTRUMENT;EFS;EUR;176;127.94000000;971;EXCHANGE_LAST;;1;1;XEUR;11820389;688;
07.03.2025;15:05:13.475;FGBL SI 20250606 PS;SIMPLE_INSTRUMENT;EFS;EUR;177;127.80000000;144;EXCHANGE_LAST;;1;1;XEUR;11820389;688;
07.03.2025;15:05:58.233;FGBL SI 20250606 PS;SIMPLE_INSTRUMENT;EFS;EUR;178;127.82000000;431;EXCHANGE_LAST;;1;1;XEUR;11820389;688;
07.03.2025;15:06:43.776;FGBL SI 20250606 PS;SIMPLE_INSTRUMENT;EFS;EUR;179;127.88000000;704;EXCHANGE_LAST;;1;1;XEUR;11820389;688;
07.03.2025;15:09:18.372;FGBL SI 20250606 PS;SIMPLE_INSTRUMENT;EFS;EUR;180;127.78000000;432;EXCHANGE_LAST;;1;1;XEUR;11820389;688;
07.03.2025;15:09:28.380;FGBL SI 20250606 PS;SIMPLE_INSTRUMENT;EFS;EUR;181;127.75000000;432;EXCHANGE_LAST;;1;1;XEUR;11820389;688;
07.03.2025;15:09:44.495;FGBL SI 20250606 PS;SIMPLE_INSTRUMENT;EFS;EUR;182;127.83000000;755;EXCHANGE_LAST;;1;1;XEUR;11820389;688;
07.03.2025;15:10:03.405;FGBL SI 20250606 PS;SIMPLE_INSTRUMENT;EFS;EUR;183;127.76000000;432;EXCHANGE_LAST;;1;1;XEUR;11820389;688;
07.03.2025;15:11:04.773;FGBL SI 20250606 PS;SIMPLE_INSTRUMENT;EFS;EUR;184;127.82000000;696;EXCHANGE_LAST;;1;1;XEUR;11820389;688;
07.03.2025;15:12:31.486;FGBL SI 20250606 PS;SIMPLE_INSTRUMENT;EFS;EUR;185;127.77000000;216;EXCHANGE_LAST;;1;1;XEUR;11820389;688;
07.03.2025;15:13:30.972;FGBL SI 20250606 PS;SIMPLE_INSTRUMENT;EFS;EUR;186;127.78000000;432;EXCHANGE_LAST;;1;1;XEUR;11820389;688;
07.03.2025;15:13:38.586;FGBL SI 20250606 PS;SIMPLE_INSTRUMENT;EFS;EUR;187;127.74000000;432;EXCHANGE_LAST;;1;1;XEUR;11820389;688;
07.03.2025;15:14:30.607;FGBL SI 20250606 PS;SIMPLE_INSTRUMENT;EFP_FIN;EUR;188;127.78000000;107;EXCHANGE_LAST;;1;1;XEUR;11820389;688;
07.03.2025;15:14:29.920;FGBL SI 20250606 PS;SIMPLE_INSTRUMENT;EFS;EUR;189;127.72000000;432;EXCHANGE_LAST;;1;1;XEUR;11820389;688;
07.03.2025;15:15:35.301;FGBL SI 20250606 PS;SIMPLE_INSTRUMENT;EFS;EUR;190;127.78000000;468;EXCHANGE_LAST;;1;1;XEUR;11820389;688;
07.03.2025;15:18:18.084;FGBL SI 20250606 PS;SIMPLE_INSTRUMENT;EFP_FIN;EUR;191;127.76000000;160;EXCHANGE_LAST;;1;1;XEUR;11820389;688;
07.03.2025;15:18:05.129;FGBL SI 20250606 PS;SIMPLE_INSTRUMENT;EFS;EUR;192;127.77000000;432;EXCHANGE_LAST;;1;1;XEUR;11820389;688;
07.03.2025;15:18:52.525;FGBL SI 20250606 PS;SIMPLE_INSTRUMENT;EFP_FIN;EUR;193;127.80000000;727;EXCHANGE_LAST;;1;1;XEUR;11820389;688;
07.03.2025;15:21:25.674;FGBL SI 20250606 PS;SIMPLE_INSTRUMENT;EFP_FIN;EUR;194;127.79000000;364;EXCHANGE_LAST;;1;1;XEUR;11820389;688;
07.03.2025;15:22:09.318;FGBL SI 20250606 PS;SIMPLE_INSTRUMENT;EFP_FIN;EUR;195;127.79000000;364;EXCHANGE_LAST;;1;1;XEUR;11820389;688;
07.03.2025;15:22:25.773;FGBL SI 20250606 PS;SIMPLE_INSTRUMENT;EFP_FIN;EUR;196;128.06000000;316;EXCHANGE_LAST;;1;1;XEUR;11820389;688;
07.03.2025;15:22:58.942;FGBL SI 20250606 PS;SIMPLE_INSTRUMENT;EFS;EUR;197;127.79000000;431;EXCHANGE_LAST;;1;1;XEUR;11820389;688;
07.03.2025;15:23:29.848;FGBL SI 20250606 PS;SIMPLE_INSTRUMENT;EFP_FIN;EUR;198;127.78000000;1242;EXCHANGE_LAST;;1;1;XEUR;11820389;688;
07.03.2025;15:24:40.781;FGBL SI 20250606 PS;SIMPLE_INSTRUMENT;EFP_FIN;EUR;199;127.78000000;580;EXCHANGE_LAST;;1;1;XEUR;11820389;688;
07.03.2025;15:25:58.959;FGBL SI 20250606 PS;SIMPLE_INSTRUMENT;EFP_FIN;EUR;200;127.80000000;184;EXCHANGE_LAST;;1;1;XEUR;11820389;688;
07.03.2025;15:32:55.338;FGBL SI 20250606 PS;SIMPLE_INSTRUMENT;EFS;EUR;201;127.74000000;216;EXCHANGE_LAST;;1;1;XEUR;11820389;688;
07.03.2025;15:36:41.637;FGBL SI 20250606 PS;SIMPLE_INSTRUMENT;EFS;EUR;202;127.78000000;101;EXCHANGE_LAST;;1;1;XEUR;11820389;688;
07.03.2025;15:40:55.668;FGBL SI 20250606 PS;SIMPLE_INSTRUMENT;EFS;EUR;203;127.80000000;216;EXCHANGE_LAST;;1;1;XEUR;11820389;688;
07.03.2025;15:49:46.029;FGBL SI 20250606 PS;SIMPLE_INSTRUMENT;EFS;EUR;204;127.82000000;863;EXCHANGE_LAST;;1;1;XEUR;11820389;688;
07.03.2025;15:59:03.411;FGBL SI 20250606 PS;SIMPLE_INSTRUMENT;EFS;EUR;205;127.67000000;864;EXCHANGE_LAST;;1;1;XEUR;11820389;688;
07.03.2025;16:05:58.676;FGBL SI 20250606 PS;SIMPLE_INSTRUMENT;EFS;EUR;206;127.72000000;647;EXCHANGE_LAST;;1;1;XEUR;11820389;688;
07.03.2025;16:06:08.685;FGBL SI 20250606 PS;SIMPLE_INSTRUMENT;EFS;EUR;207;127.72000000;216;EXCHANGE_LAST;;1;1;XEUR;11820389;688;
07.03.2025;16:06:18.441;FGBL SI 20250606 PS;SIMPLE_INSTRUMENT;EFS;EUR;208;127.71000000;141;EXCHANGE_LAST;;1;1;XEUR;11820389;688;
07.03.2025;16:11:27.696;FGBL SI 20250606 PS;SIMPLE_INSTRUMENT;EFP_FIN;EUR;209;127.68000000;383;EXCHANGE_LAST;;1;1;XEUR;11820389;688;
07.03.2025;16:12:08.683;FGBL SI 20250606 PS;SIMPLE_INSTRUMENT;EFS;EUR;210;127.65000000;216;EXCHANGE_LAST;;1;1;XEUR;11820389;688;
07.03.2025;16:14:45.496;FGBL SI 20250606 PS;SIMPLE_INSTRUMENT;EFS;EUR;211;128.01000000;2800;EXCHANGE_LAST;;1;1;XEUR;11820389;688;
07.03.2025;16:15:36.721;FGBL SI 20250606 PS;SIMPLE_INSTRUMENT;EFP_FIN;EUR;212;127.71000000;337;EXCHANGE_LAST;;1;1;XEUR;11820389;688;
07.03.2025;16:17:44.134;FGBL SI 20250606 PS;SIMPLE_INSTRUMENT;EFS;EUR;213;127.69000000;432;EXCHANGE_LAST;;1;1;XEUR;11820389;688;
07.03.2025;16:17:55.146;FGBL SI 20250606 PS;SIMPLE_INSTRUMENT;EFS;EUR;214;127.69000000;432;EXCHANGE_LAST;;1;1;XEUR;11820389;688;
07.03.2025;16:18:59.199;FGBL SI 20250606 PS;SIMPLE_INSTRUMENT;EFS;EUR;216;127.66000000;216;EXCHANGE_LAST;;1;1;XEUR;11820389;688;
07.03.2025;16:19:24.224;FGBL SI 20250606 PS;SIMPLE_INSTRUMENT;EFS;EUR;217;127.72000000;432;EXCHANGE_LAST;;1;1;XEUR;11820389;688;
07.03.2025;16:22:32.485;FGBL SI 20250606 PS;SIMPLE_INSTRUMENT;EFP_FIN;EUR;218;127.68000000;374;EXCHANGE_LAST;;1;1;XEUR;11820389;688;
07.03.2025;16:23:16.364;FGBL SI 20250606 PS;SIMPLE_INSTRUMENT;EFS;EUR;219;127.69000000;698;EXCHANGE_LAST;;1;1;XEUR;11820389;688;
07.03.2025;16:39:56.268;FGBL SI 20250606 PS;SIMPLE_INSTRUMENT;EFS;EUR;220;127.65000000;232;EXCHANGE_LAST;;1;1;XEUR;11820389;688;
07.03.2025;16:41:56.880;FGBL SI 20250606 PS;SIMPLE_INSTRUMENT;EFP_FIN;EUR;221;127.64000000;3637;EXCHANGE_LAST;;1;1;XEUR;11820389;688;
07.03.2025;16:43:12.575;FGBL SI 20250606 PS;SIMPLE_INSTRUMENT;EFS;EUR;222;127.63000000;561;EXCHANGE_LAST;;1;1;XEUR;11820389;688;
07.03.2025;16:44:40.402;FGBL SI 20250606 PS;SIMPLE_INSTRUMENT;EFS;EUR;223;127.62000000;216;EXCHANGE_LAST;;1;1;XEUR;11820389;688;
07.03.2025;16:44:52.764;FGBL SI 20250606 PS;SIMPLE_INSTRUMENT;EFS;EUR;224;127.83000000;201;EXCHANGE_LAST;;1;1;XEUR;11820389;688;
07.03.2025;16:45:07.184;FGBL SI 20250606 PS;SIMPLE_INSTRUMENT;EFS;EUR;225;127.63000000;300;EXCHANGE_LAST;;1;1;XEUR;11820389;688;
07.03.2025;16:46:03.686;FGBL SI 20250606 PS;SIMPLE_INSTRUMENT;EFS;EUR;226;127.69000000;216;EXCHANGE_LAST;;1;1;XEUR;11820389;688;
07.03.2025;16:51:53.215;FGBL SI 20250606 PS;SIMPLE_INSTRUMENT;EFS;EUR;227;127.62000000;432;EXCHANGE_LAST;;1;1;XEUR;11820389;688;
07.03.2025;16:52:43.277;FGBL SI 20250606 PS;SIMPLE_INSTRUMENT;EFS;EUR;228;127.66000000;432;EXCHANGE_LAST;;1;1;XEUR;11820389;688;
07.03.2025;16:53:28.501;FGBL SI 20250606 PS;SIMPLE_INSTRUMENT;EFS;EUR;229;127.66000000;432;EXCHANGE_LAST;;1;1;XEUR;11820389;688;
07.03.2025;17:19:45.902;FGBL SI 20250606 PS;SIMPLE_INSTRUMENT;EFS;EUR;230;127.53000000;216;EXCHANGE_LAST;;1;1;XEUR;11820389;688;
07.03.2025;17:20:38.360;FGBL SI 20250606 PS;SIMPLE_INSTRUMENT;EFS;EUR;231;127.64000000;216;EXCHANGE_LAST;;1;1;XEUR;11820389;688;
07.03.2025;17:46:55.043;FGBL SI 20250606 PS;SIMPLE_INSTRUMENT;EFS;EUR;232;127.70000000;500;EXCHANGE_LAST;;1;1;XEUR;11820389;688;
07.03.2025;07:29:55.619;FGBL SI 20250606 PS;SIMPLE_INSTRUMENT;VOLA;EUR;268435463;127.70000000;27;EXCHANGE_LAST;;1;1;XEUR;11820389;688;
07.03.2025;07:32:48.520;FGBL SI 20250606 PS;SIMPLE_INSTRUMENT;VOLA;EUR;268435466;127.71000000;100;EXCHANGE_LAST;;1;1;XEUR;11820389;688;
07.03.2025;08:36:12.700;FGBL SI 20250606 PS;SIMPLE_INSTRUMENT;VOLA;EUR;268435490;127.81000000;40;EXCHANGE_LAST;;1;1;XEUR;11820389;688;
07.03.2025;08:47:05.525;FGBL SI 20250606 PS;SIMPLE_INSTRUMENT;VOLA;EUR;268435496;127.67000000;10;EXCHANGE_LAST;;1;1;XEUR;11820389;688;
07.03.2025;09:40:00.675;FGBL SI 20250606 PS;SIMPLE_INSTRUMENT;VOLA;EUR;268435523;127.76000000;40;EXCHANGE_LAST;;1;1;XEUR;11820389;688;
07.03.2025;10:13:58.547;FGBL SI 20250606 PS;SIMPLE_INSTRUMENT;VOLA;EUR;268435530;127.69000000;120;EXCHANGE_LAST;;1;1;XEUR;11820389;688;
07.03.2025;12:44:07.506;FGBL SI 20250606 PS;SIMPLE_INSTRUMENT;VOLA;EUR;268435598;127.98000000;65;EXCHANGE_LAST;;1;1;XEUR;11820389;688;
07.03.2025;12:44:40.034;FGBL SI 20250606 PS;SIMPLE_INSTRUMENT;VOLA;EUR;268435599;127.98000000;65;EXCHANGE_LAST;;1;1;XEUR;11820389;688;
07.03.2025;13:45:35.694;FGBL SI 20250606 PS;SIMPLE_INSTRUMENT;VOLA;EUR;268435619;128.17000000;160;EXCHANGE_LAST;;1;1;XEUR;11820389;688;
07.03.2025;13:50:57.903;FGBL SI 20250606 PS;SIMPLE_INSTRUMENT;VOLA;EUR;268435622;128.12000000;50;EXCHANGE_LAST;;1;1;XEUR;11820389;688;
07.03.2025;14:20:53.147;FGBL SI 20250606 PS;SIMPLE_INSTRUMENT;VOLA;EUR;268435634;128.30000000;32;EXCHANGE_LAST;;1;1;XEUR;11820389;688;
07.03.2025;14:36:55.026;FGBL SI 20250606 PS;SIMPLE_INSTRUMENT;VOLA;EUR;268435646;128.21000000;84;EXCHANGE_LAST;;1;1;XEUR;11820389;688;
07.03.2025;15:13:29.578;FGBL SI 20250606 PS;SIMPLE_INSTRUMENT;VOLA;EUR;268435664;127.80000000;21;EXCHANGE_LAST;;1;1;XEUR;11820389;688;
07.03.2025;07:30:21.595;FGBM SI 20250606 PS;SIMPLE_INSTRUMENT;EFS;EUR;1;116.83000000;422;EXCHANGE_LAST;;1;1;XEUR;11820390;689;
07.03.2025;08:08:56.889;FGBM SI 20250606 PS;SIMPLE_INSTRUMENT;EFS;EUR;3;116.78000000;421;EXCHANGE_LAST;;1;1;XEUR;11820390;689;
07.03.2025;08:19:24.038;FGBM SI 20250606 PS;SIMPLE_INSTRUMENT;EFS;EUR;5;116.80000000;472;EXCHANGE_LAST;;1;1;XEUR;11820390;689;
07.03.2025;08:26:48.060;FGBM SI 20250606 PS;SIMPLE_INSTRUMENT;EFS;EUR;6;116.79000000;944;EXCHANGE_LAST;;1;1;XEUR;11820390;689;
07.03.2025;08:28:02.338;FGBM SI 20250606 PS;SIMPLE_INSTRUMENT;EFS;EUR;7;116.87000000;421;EXCHANGE_LAST;;1;1;XEUR;11820390;689;
07.03.2025;08:33:03.992;FGBM SI 20250606 PS;SIMPLE_INSTRUMENT;EFS;EUR;8;116.88000000;510;EXCHANGE_LAST;;1;1;XEUR;11820390;689;
07.03.2025;08:36:14.088;FGBM SI 20250606 PS;SIMPLE_INSTRUMENT;EFP_FIN;EUR;9;116.86000000;250;EXCHANGE_LAST;;1;1;XEUR;11820390;689;
07.03.2025;08:36:36.956;FGBM SI 20250606 PS;SIMPLE_INSTRUMENT;EFS;EUR;10;116.84000000;421;EXCHANGE_LAST;;1;1;XEUR;11820390;689;
07.03.2025;08:37:13.244;FGBM SI 20250606 PS;SIMPLE_INSTRUMENT;EFS;EUR;11;116.84000000;421;EXCHANGE_LAST;;1;1;XEUR;11820390;689;
07.03.2025;08:42:33.927;FGBM SI 20250606 PS;SIMPLE_INSTRUMENT;EFP_FIN;EUR;12;116.86000000;250;EXCHANGE_LAST;;1;1;XEUR;11820390;689;
07.03.2025;08:52:58.686;FGBM SI 20250606 PS;SIMPLE_INSTRUMENT;EFS;EUR;13;116.80000000;422;EXCHANGE_LAST;;1;1;XEUR;11820390;689;
07.03.2025;08:56:27.612;FGBM SI 20250606 PS;SIMPLE_INSTRUMENT;EFP_FIN;EUR;14;116.80000000;72;EXCHANGE_LAST;;1;1;XEUR;11820390;689;
07.03.2025;08:58:43.907;FGBM SI 20250606 PS;SIMPLE_INSTRUMENT;EFS;EUR;15;116.80000000;421;EXCHANGE_LAST;;1;1;XEUR;11820390;689;
07.03.2025;09:02:24.045;FGBM SI 20250606 PS;SIMPLE_INSTRUMENT;EFS;EUR;16;116.90000000;843;EXCHANGE_LAST;;1;1;XEUR;11820390;689;
07.03.2025;09:18:00.064;FGBM SI 20250606 PS;SIMPLE_INSTRUMENT;EFP_FIN;EUR;17;116.90000000;375;EXCHANGE_LAST;;1;1;XEUR;11820390;689;
07.03.2025;09:20:54.126;FGBM SI 20250606 PS;SIMPLE_INSTRUMENT;EFS;EUR;18;116.77000000;1186;EXCHANGE_LAST;;1;1;XEUR;11820390;689;
07.03.2025;09:21:56.863;FGBM SI 20250606 PS;SIMPLE_INSTRUMENT;EFS;EUR;19;116.77000000;1581;EXCHANGE_LAST;;1;1;XEUR;11820390;689;
07.03.2025;09:22:29.708;FGBM SI 20250606 PS;SIMPLE_INSTRUMENT;EFS;EUR;20;116.77000000;395;EXCHANGE_LAST;;1;1;XEUR;11820390;689;
07.03.2025;09:23:20.303;FGBM SI 20250606 PS;SIMPLE_INSTRUMENT;EFS;EUR;21;116.89000000;841;EXCHANGE_LAST;;1;1;XEUR;11820390;689;
07.03.2025;09:37:42.171;FGBM SI 20250606 PS;SIMPLE_INSTRUMENT;EFP_FIN;EUR;22;116.82000000;272;EXCHANGE_LAST;;1;1;XEUR;11820390;689;
07.03.2025;09:25:33.273;FGBM SI 20250606 PS;SIMPLE_INSTRUMENT;EFS;EUR;23;116.89000000;841;EXCHANGE_LAST;;1;1;XEUR;11820390;689;
07.03.2025;09:45:14.749;FGBM SI 20250606 PS;SIMPLE_INSTRUMENT;EFP_FIN;EUR;24;116.87000000;103;EXCHANGE_LAST;;1;1;XEUR;11820390;689;
07.03.2025;09:45:52.740;FGBM SI 20250606 PS;SIMPLE_INSTRUMENT;EFS;EUR;25;116.89000000;843;EXCHANGE_LAST;;1;1;XEUR;11820390;689;
07.03.2025;09:46:07.752;FGBM SI 20250606 PS;SIMPLE_INSTRUMENT;EFS;EUR;26;116.88000000;337;EXCHANGE_LAST;;1;1;XEUR;11820390;689;
07.03.2025;09:49:36.079;FGBM SI 20250606 PS;SIMPLE_INSTRUMENT;EFS;EUR;27;116.82000000;2832;EXCHANGE_LAST;;1;1;XEUR;11820390;689;
07.03.2025;09:49:48.907;FGBM SI 20250606 PS;SIMPLE_INSTRUMENT;EFS;EUR;28;116.88000000;843;EXCHANGE_LAST;;1;1;XEUR;11820390;689;
07.03.2025;09:57:28.525;FGBM SI 20250606 PS;SIMPLE_INSTRUMENT;EFP_FIN;EUR;29;116.87000000;154;EXCHANGE_LAST;;1;1;XEUR;11820390;689;
07.03.2025;10:08:17.084;FGBM SI 20250606 PS;SIMPLE_INSTRUMENT;EFP_FIN;EUR;30;116.81000000;205;EXCHANGE_LAST;;1;1;XEUR;11820390;689;
07.03.2025;10:09:02.920;FGBM SI 20250606 PS;SIMPLE_INSTRUMENT;EFP_FIN;EUR;31;116.86000000;167;EXCHANGE_LAST;;1;1;XEUR;11820390;689;
07.03.2025;10:11:31.930;FGBM SI 20250606 PS;SIMPLE_INSTRUMENT;EFS;EUR;32;116.82000000;284;EXCHANGE_LAST;;1;1;XEUR;11820390;689;
07.03.2025;10:16:34.867;FGBM SI 20250606 PS;SIMPLE_INSTRUMENT;EFP_FIN;EUR;33;116.81000000;275;EXCHANGE_LAST;;1;1;XEUR;11820390;689;
07.03.2025;10:27:54.624;FGBM SI 20250606 PS;SIMPLE_INSTRUMENT;BLOCK;EUR;34;116.81000000;7200;EXCHANGE_LAST;;1;1;XEUR;11820390;689;
07.03.2025;10:33:40.678;FGBM SI 20250606 PS;SIMPLE_INSTRUMENT;EFS;EUR;35;116.83000000;1737;EXCHANGE_LAST;;1;1;XEUR;11820390;689;
07.03.2025;10:46:51.208;FGBM SI 20250606 PS;SIMPLE_INSTRUMENT;EFP_FIN;EUR;36;116.82000000;280;EXCHANGE_LAST;;1;1;XEUR;11820390;689;
07.03.2025;10:50:01.289;FGBM SI 20250606 PS;SIMPLE_INSTRUMENT;EFS;EUR;37;116.82000000;1888;EXCHANGE_LAST;;1;1;XEUR;11820390;689;
07.03.2025;10:52:38.701;FGBM SI 20250606 PS;SIMPLE_INSTRUMENT;EFP_FIN;EUR;38;116.80000000;108;EXCHANGE_LAST;;1;1;XEUR;11820390;689;
07.03.2025;10:52:49.703;FGBM SI 20250606 PS;SIMPLE_INSTRUMENT;EFP_FIN;EUR;39;116.80000000;108;EXCHANGE_LAST;;1;1;XEUR;11820390;689;
07.03.2025;10:55:14.572;FGBM SI 20250606 PS;SIMPLE_INSTRUMENT;EFP_FIN;EUR;40;116.82000000;511;EXCHANGE_LAST;;1;1;XEUR;11820390;689;
07.03.2025;10:58:47.605;FGBM SI 20250606 PS;SIMPLE_INSTRUMENT;EFS;EUR;41;116.82000000;421;EXCHANGE_LAST;;1;1;XEUR;11820390;689;
07.03.2025;10:59:40.081;FGBM SI 20250606 PS;SIMPLE_INSTRUMENT;EFS;EUR;42;116.82000000;421;EXCHANGE_LAST;;1;1;XEUR;11820390;689;
07.03.2025;11:02:54.291;FGBM SI 20250606 PS;SIMPLE_INSTRUMENT;EFS;EUR;43;116.86000000;632;EXCHANGE_LAST;;1;1;XEUR;11820390;689;
07.03.2025;11:05:00.594;FGBM SI 20250606 PS;SIMPLE_INSTRUMENT;EFS;EUR;44;116.84000000;421;EXCHANGE_LAST;;1;1;XEUR;11820390;689;
07.03.2025;11:06:07.117;FGBM SI 20250606 PS;SIMPLE_INSTRUMENT;EFS;EUR;45;116.86000000;1888;EXCHANGE_LAST;;1;1;XEUR;11820390;689;
07.03.2025;11:18:45.898;FGBM SI 20250606 PS;SIMPLE_INSTRUMENT;EFS;EUR;46;116.91000000;377;EXCHANGE_LAST;;1;1;XEUR;11820390;689;
07.03.2025;11:20:28.786;FGBM SI 20250606 PS;SIMPLE_INSTRUMENT;BLOCK;EUR;47;116.91000000;7200;EXCHANGE_LAST;;1;1;XEUR;11820390;689;
07.03.2025;11:35:02.530;FGBM SI 20250606 PS;SIMPLE_INSTRUMENT;EFP_FIN;EUR;48;116.85000000;980;EXCHANGE_LAST;;1;1;XEUR;11820390;689;
07.03.2025;11:35:47.846;FGBM SI 20250606 PS;SIMPLE_INSTRUMENT;EFP_FIN;EUR;49;116.82000000;90;EXCHANGE_LAST;;1;1;XEUR;11820390;689;
07.03.2025;11:35:47.846;FGBM SI 20250606 PS;SIMPLE_INSTRUMENT;EFP_FIN;EUR;50;116.84000000;426;EXCHANGE_LAST;;1;1;XEUR;11820390;689;
07.03.2025;11:41:15.698;FGBM SI 20250606 PS;SIMPLE_INSTRUMENT;EFS;EUR;51;116.85000000;944;EXCHANGE_LAST;;1;1;XEUR;11820390;689;
07.03.2025;11:44:04.649;FGBM SI 20250606 PS;SIMPLE_INSTRUMENT;EFS;EUR;52;116.85000000;463;EXCHANGE_LAST;;1;1;XEUR;11820390;689;
07.03.2025;12:02:06.816;FGBM SI 20250606 PS;SIMPLE_INSTRUMENT;EFP_FIN;EUR;53;116.88000000;517;EXCHANGE_LAST;;1;1;XEUR;11820390;689;
07.03.2025;12:14:21.564;FGBM SI 20250606 PS;SIMPLE_INSTRUMENT;EFS;EUR;54;116.94000000;843;EXCHANGE_LAST;;1;1;XEUR;11820390;689;
07.03.2025;12:23:08.952;FGBM SI 20250606 PS;SIMPLE_INSTRUMENT;EFP_FIN;EUR;55;116.90000000;120;EXCHANGE_LAST;;1;1;XEUR;11820390;689;
07.03.2025;12:21:06.748;FGBM SI 20250606 PS;SIMPLE_INSTRUMENT;EFS;EUR;56;116.91000000;553;EXCHANGE_LAST;;1;1;XEUR;11820390;689;
07.03.2025;12:32:47.764;FGBM SI 20250606 PS;SIMPLE_INSTRUMENT;EFS;EUR;57;116.96000000;421;EXCHANGE_LAST;;1;1;XEUR;11820390;689;
07.03.2025;12:33:11.086;FGBM SI 20250606 PS;SIMPLE_INSTRUMENT;EFS;EUR;58;116.96000000;421;EXCHANGE_LAST;;1;1;XEUR;11820390;689;
07.03.2025;12:34:06.899;FGBM SI 20250606 PS;SIMPLE_INSTRUMENT;EFS;EUR;59;116.99000000;295;EXCHANGE_LAST;;1;1;XEUR;11820390;689;
07.03.2025;12:42:58.538;FGBM SI 20250606 PS;SIMPLE_INSTRUMENT;EFP_FIN;EUR;60;116.95000000;287;EXCHANGE_LAST;;1;1;XEUR;11820390;689;
07.03.2025;12:51:40.265;FGBM SI 20250606 PS;SIMPLE_INSTRUMENT;EFP_FIN;EUR;61;116.94000000;962;EXCHANGE_LAST;;1;1;XEUR;11820390;689;
07.03.2025;12:57:32.302;FGBM SI 20250606 PS;SIMPLE_INSTRUMENT;EFS;EUR;62;116.97000000;883;EXCHANGE_LAST;;1;1;XEUR;11820390;689;
07.03.2025;12:58:11.385;FGBM SI 20250606 PS;SIMPLE_INSTRUMENT;EFP_FIN;EUR;63;117.00000000;447;EXCHANGE_LAST;;1;1;XEUR;11820390;689;
07.03.2025;13:05:23.110;FGBM SI 20250606 PS;SIMPLE_INSTRUMENT;EFS;EUR;64;116.97000000;842;EXCHANGE_LAST;;1;1;XEUR;11820390;689;
07.03.2025;13:05:58.411;FGBM SI 20250606 PS;SIMPLE_INSTRUMENT;EFS;EUR;65;116.97000000;842;EXCHANGE_LAST;;1;1;XEUR;11820390;689;
07.03.2025;13:11:09.928;FGBM SI 20250606 PS;SIMPLE_INSTRUMENT;EFP_FIN;EUR;66;116.98000000;976;EXCHANGE_LAST;;1;1;XEUR;11820390;689;
07.03.2025;13:24:02.563;FGBM SI 20250606 PS;SIMPLE_INSTRUMENT;EFS;EUR;67;116.84000000;1888;EXCHANGE_LAST;;1;1;XEUR;11820390;689;
07.03.2025;13:34:18.019;FGBM SI 20250606 PS;SIMPLE_INSTRUMENT;EFP_FIN;EUR;68;117.00000000;251;EXCHANGE_LAST;;1;1;XEUR;11820390;689;
07.03.2025;13:34:04.570;FGBM SI 20250606 PS;SIMPLE_INSTRUMENT;EFS;EUR;69;117.00000000;1414;EXCHANGE_LAST;;1;1;XEUR;11820390;689;
07.03.2025;13:35:20.558;FGBM SI 20250606 PS;SIMPLE_INSTRUMENT;EFS;EUR;70;116.98000000;509;EXCHANGE_LAST;;1;1;XEUR;11820390;689;
07.03.2025;13:57:45.270;FGBM SI 20250606 PS;SIMPLE_INSTRUMENT;BLOCK;EUR;71;117.10000000;7200;EXCHANGE_LAST;;1;1;XEUR;11820390;689;
07.03.2025;14:01:29.238;FGBM SI 20250606 PS;SIMPLE_INSTRUMENT;EFP_FIN;EUR;72;116.84000000;426;EXCHANGE_LAST;;1;1;XEUR;11820390;689;
07.03.2025;14:20:50.822;FGBM SI 20250606 PS;SIMPLE_INSTRUMENT;EFS;EUR;73;117.12000000;941;EXCHANGE_LAST;;1;1;XEUR;11820390;689;
07.03.2025;14:25:55.707;FGBM SI 20250606 PS;SIMPLE_INSTRUMENT;EFS;EUR;74;117.06000000;942;EXCHANGE_LAST;;1;1;XEUR;11820390;689;
07.03.2025;14:28:42.420;FGBM SI 20250606 PS;SIMPLE_INSTRUMENT;EFS;EUR;75;117.04000000;841;EXCHANGE_LAST;;1;1;XEUR;11820390;689;
07.03.2025;14:37:29.190;FGBM SI 20250606 PS;SIMPLE_INSTRUMENT;EFS;EUR;76;117.10000000;867;EXCHANGE_LAST;;1;1;XEUR;11820390;689;
07.03.2025;14:37:24.956;FGBM SI 20250606 PS;SIMPLE_INSTRUMENT;EFS;EUR;77;117.08000000;400;EXCHANGE_LAST;;1;1;XEUR;11820390;689;
07.03.2025;14:54:28.793;FGBM SI 20250606 PS;SIMPLE_INSTRUMENT;EFS;EUR;78;116.91000000;434;EXCHANGE_LAST;;1;1;XEUR;11820390;689;
07.03.2025;15:01:59.826;FGBM SI 20250606 PS;SIMPLE_INSTRUMENT;EFS;EUR;79;116.91000000;607;EXCHANGE_LAST;;1;1;XEUR;11820390;689;
07.03.2025;15:02:38.472;FGBM SI 20250606 PS;SIMPLE_INSTRUMENT;EFS;EUR;80;116.92000000;421;EXCHANGE_LAST;;1;1;XEUR;11820390;689;
07.03.2025;15:04:44.586;FGBM SI 20250606 PS;SIMPLE_INSTRUMENT;EFS;EUR;81;116.96000000;434;EXCHANGE_LAST;;1;1;XEUR;11820390;689;
07.03.2025;15:05:10.727;FGBM SI 20250606 PS;SIMPLE_INSTRUMENT;EFP_FIN;EUR;82;117.00000000;469;EXCHANGE_LAST;;1;1;XEUR;11820390;689;
07.03.2025;15:09:14.241;FGBM SI 20250606 PS;SIMPLE_INSTRUMENT;EFS;EUR;83;116.92000000;421;EXCHANGE_LAST;;1;1;XEUR;11820390;689;
07.03.2025;15:12:23.528;FGBM SI 20250606 PS;SIMPLE_INSTRUMENT;EFS;EUR;84;116.88000000;843;EXCHANGE_LAST;;1;1;XEUR;11820390;689;
07.03.2025;15:16:33.701;FGBM SI 20250606 PS;SIMPLE_INSTRUMENT;EFS;EUR;85;116.89000000;843;EXCHANGE_LAST;;1;1;XEUR;11820390;689;
07.03.2025;15:17:24.646;FGBM SI 20250606 PS;SIMPLE_INSTRUMENT;EFS;EUR;86;116.89000000;790;EXCHANGE_LAST;;1;1;XEUR;11820390;689;
07.03.2025;15:23:34.118;FGBM SI 20250606 PS;SIMPLE_INSTRUMENT;EFP_FIN;EUR;87;116.91000000;409;EXCHANGE_LAST;;1;1;XEUR;11820390;689;
07.03.2025;15:24:48.906;FGBM SI 20250606 PS;SIMPLE_INSTRUMENT;EFP_FIN;EUR;88;117.04000000;255;EXCHANGE_LAST;;1;1;XEUR;11820390;689;
07.03.2025;15:25:13.918;FGBM SI 20250606 PS;SIMPLE_INSTRUMENT;EFP_FIN;EUR;89;116.90000000;818;EXCHANGE_LAST;;1;1;XEUR;11820390;689;
07.03.2025;15:25:46.193;FGBM SI 20250606 PS;SIMPLE_INSTRUMENT;EFP_FIN;EUR;90;116.90000000;408;EXCHANGE_LAST;;1;1;XEUR;11820390;689;
07.03.2025;15:31:40.289;FGBM SI 20250606 PS;SIMPLE_INSTRUMENT;EFS;EUR;91;116.90000000;843;EXCHANGE_LAST;;1;1;XEUR;11820390;689;
07.03.2025;15:34:31.438;FGBM SI 20250606 PS;SIMPLE_INSTRUMENT;EFP_FIN;EUR;92;116.90000000;476;EXCHANGE_LAST;;1;1;XEUR;11820390;689;
07.03.2025;15:41:00.674;FGBM SI 20250606 PS;SIMPLE_INSTRUMENT;EFS;EUR;93;116.90000000;421;EXCHANGE_LAST;;1;1;XEUR;11820390;689;
07.03.2025;15:43:32.595;FGBM SI 20250606 PS;SIMPLE_INSTRUMENT;EFS;EUR;94;116.90000000;1740;EXCHANGE_LAST;;1;1;XEUR;11820390;689;
07.03.2025;15:51:47.426;FGBM SI 20250606 PS;SIMPLE_INSTRUMENT;EFP_FIN;EUR;95;116.92000000;1380;EXCHANGE_LAST;;1;1;XEUR;11820390;689;
07.03.2025;16:02:19.671;FGBM SI 20250606 PS;SIMPLE_INSTRUMENT;EFP_FIN;EUR;96;116.86000000;596;EXCHANGE_LAST;;1;1;XEUR;11820390;689;
07.03.2025;16:05:54.932;FGBM SI 20250606 PS;SIMPLE_INSTRUMENT;EFP_FIN;EUR;97;116.96000000;149;EXCHANGE_LAST;;1;1;XEUR;11820390;689;
07.03.2025;16:11:59.060;FGBM SI 20250606 PS;SIMPLE_INSTRUMENT;EFS;EUR;98;117.00000000;434;EXCHANGE_LAST;;1;1;XEUR;11820390;689;
07.03.2025;16:18:06.442;FGBM SI 20250606 PS;SIMPLE_INSTRUMENT;EFP_FIN;EUR;99;116.86000000;408;EXCHANGE_LAST;;1;1;XEUR;11820390;689;
07.03.2025;16:18:25.123;FGBM SI 20250606 PS;SIMPLE_INSTRUMENT;EFS;EUR;100;116.88000000;377;EXCHANGE_LAST;;1;1;XEUR;11820390;689;
07.03.2025;16:19:20.219;FGBM SI 20250606 PS;SIMPLE_INSTRUMENT;EFS;EUR;101;116.87000000;792;EXCHANGE_LAST;;1;1;XEUR;11820390;689;
07.03.2025;16:22:30.483;FGBM SI 20250606 PS;SIMPLE_INSTRUMENT;EFP_FIN;EUR;102;116.85000000;424;EXCHANGE_LAST;;1;1;XEUR;11820390;689;
07.03.2025;16:23:43.310;FGBM SI 20250606 PS;SIMPLE_INSTRUMENT;EFP_FIN;EUR;103;116.83000000;68;EXCHANGE_LAST;;1;1;XEUR;11820390;689;
07.03.2025;16:28:11.190;FGBM SI 20250606 PS;SIMPLE_INSTRUMENT;EFS;EUR;104;116.85000000;1888;EXCHANGE_LAST;;1;1;XEUR;11820390;689;
07.03.2025;16:39:33.295;FGBM SI 20250606 PS;SIMPLE_INSTRUMENT;EFS;EUR;105;116.81000000;1743;EXCHANGE_LAST;;1;1;XEUR;11820390;689;
07.03.2025;16:39:36.609;FGBM SI 20250606 PS;SIMPLE_INSTRUMENT;EFS;EUR;106;116.81000000;1028;EXCHANGE_LAST;;1;1;XEUR;11820390;689;
07.03.2025;16:43:52.572;FGBM SI 20250606 PS;SIMPLE_INSTRUMENT;EFS;EUR;107;116.82000000;549;EXCHANGE_LAST;;1;1;XEUR;11820390;689;
07.03.2025;16:56:08.632;FGBM SI 20250606 PS;SIMPLE_INSTRUMENT;EFS;EUR;109;116.82000000;421;EXCHANGE_LAST;;1;1;XEUR;11820390;689;
07.03.2025;17:07:19.088;FGBM SI 20250606 PS;SIMPLE_INSTRUMENT;EFS;EUR;110;116.82000000;4353;EXCHANGE_LAST;;1;1;XEUR;11820390;689;
07.03.2025;08:03:20.630;FGBS SI 20250606 PS;SIMPLE_INSTRUMENT;EFS;EUR;1;106.58000000;1280;EXCHANGE_LAST;;1;1;XEUR;11820391;690;
07.03.2025;08:44:38.530;FGBS SI 20250606 PS;SIMPLE_INSTRUMENT;EFP_FIN;EUR;2;106.56500000;812;EXCHANGE_LAST;;1;1;XEUR;11820391;690;
07.03.2025;09:04:16.723;FGBS SI 20250606 PS;SIMPLE_INSTRUMENT;EFS;EUR;3;106.57000000;1267;EXCHANGE_LAST;;1;1;XEUR;11820391;690;
07.03.2025;09:14:44.249;FGBS SI 20250606 PS;SIMPLE_INSTRUMENT;EFS;EUR;4;106.58500000;1730;EXCHANGE_LAST;;1;1;XEUR;11820391;690;
07.03.2025;09:15:36.365;FGBS SI 20250606 PS;SIMPLE_INSTRUMENT;EFP_FIN;EUR;5;106.57000000;1475;EXCHANGE_LAST;;1;1;XEUR;11820391;690;
07.03.2025;09:39:42.099;FGBS SI 20250606 PS;SIMPLE_INSTRUMENT;EFP_FIN;EUR;6;106.58000000;395;EXCHANGE_LAST;;1;1;XEUR;11820391;690;
07.03.2025;09:44:05.689;FGBS SI 20250606 PS;SIMPLE_INSTRUMENT;EFS;EUR;7;106.58500000;12669;EXCHANGE_LAST;;1;1;XEUR;11820391;690;
07.03.2025;09:49:36.100;FGBS SI 20250606 PS;SIMPLE_INSTRUMENT;EFS;EUR;8;106.57000000;8264;EXCHANGE_LAST;;1;1;XEUR;11820391;690;
07.03.2025;09:56:59.494;FGBS SI 20250606 PS;SIMPLE_INSTRUMENT;EFP_FIN;EUR;9;106.59000000;82;EXCHANGE_LAST;;1;1;XEUR;11820391;690;
07.03.2025;09:59:51.110;FGBS SI 20250606 PS;SIMPLE_INSTRUMENT;EFP_FIN;EUR;10;106.57500000;822;EXCHANGE_LAST;;1;1;XEUR;11820391;690;
07.03.2025;10:05:38.855;FGBS SI 20250606 PS;SIMPLE_INSTRUMENT;EFP_FIN;EUR;11;106.56000000;893;EXCHANGE_LAST;;1;1;XEUR;11820391;690;
07.03.2025;10:11:44.073;FGBS SI 20250606 PS;SIMPLE_INSTRUMENT;EFP_FIN;EUR;12;106.57000000;858;EXCHANGE_LAST;;1;1;XEUR;11820391;690;
07.03.2025;10:19:25.876;FGBS SI 20250606 PS;SIMPLE_INSTRUMENT;EFP_FIN;EUR;14;106.56500000;1120;EXCHANGE_LAST;;1;1;XEUR;11820391;690;
07.03.2025;10:20:19.205;FGBS SI 20250606 PS;SIMPLE_INSTRUMENT;EFP_FIN;EUR;15;106.57000000;298;EXCHANGE_LAST;;1;1;XEUR;11820391;690;
07.03.2025;10:27:46.623;FGBS SI 20250606 PS;SIMPLE_INSTRUMENT;BLOCK;EUR;16;106.57500000;21600;EXCHANGE_LAST;;1;1;XEUR;11820391;690;
07.03.2025;10:32:34.053;FGBS SI 20250606 PS;SIMPLE_INSTRUMENT;EFS;EUR;17;106.58000000;2534;EXCHANGE_LAST;;1;1;XEUR;11820391;690;
07.03.2025;10:54:22.009;FGBS SI 20250606 PS;SIMPLE_INSTRUMENT;EFP_FIN;EUR;18;106.56000000;1900;EXCHANGE_LAST;;1;1;XEUR;11820391;690;
07.03.2025;11:03:18.684;FGBS SI 20250606 PS;SIMPLE_INSTRUMENT;EFP_FIN;EUR;19;106.58000000;1106;EXCHANGE_LAST;;1;1;XEUR;11820391;690;
07.03.2025;11:11:33.714;FGBS SI 20250606 PS;SIMPLE_INSTRUMENT;EFP_FIN;EUR;20;106.59000000;822;EXCHANGE_LAST;;1;1;XEUR;11820391;690;
07.03.2025;11:20:21.786;FGBS SI 20250606 PS;SIMPLE_INSTRUMENT;BLOCK;EUR;21;106.58500000;21600;EXCHANGE_LAST;;1;1;XEUR;11820391;690;
07.03.2025;11:28:17.847;FGBS SI 20250606 PS;SIMPLE_INSTRUMENT;EFP_FIN;EUR;22;106.58500000;822;EXCHANGE_LAST;;1;1;XEUR;11820391;690;
07.03.2025;11:29:39.425;FGBS SI 20250606 PS;SIMPLE_INSTRUMENT;EFP_FIN;EUR;23;106.59000000;610;EXCHANGE_LAST;;1;1;XEUR;11820391;690;
07.03.2025;11:35:47.846;FGBS SI 20250606 PS;SIMPLE_INSTRUMENT;EFP_FIN;EUR;24;106.58000000;306;EXCHANGE_LAST;;1;1;XEUR;11820391;690;
07.03.2025;11:36:40.495;FGBS SI 20250606 PS;SIMPLE_INSTRUMENT;EFP_FIN;EUR;25;106.58000000;306;EXCHANGE_LAST;;1;1;XEUR;11820391;690;
07.03.2025;12:34:11.292;FGBS SI 20250606 PS;SIMPLE_INSTRUMENT;EFP_FIN;EUR;26;106.59500000;771;EXCHANGE_LAST;;1;1;XEUR;11820391;690;
07.03.2025;12:56:11.726;FGBS SI 20250606 PS;SIMPLE_INSTRUMENT;EFS;EUR;27;106.60500000;2608;EXCHANGE_LAST;;1;1;XEUR;11820391;690;
07.03.2025;13:01:48.354;FGBS SI 20250606 PS;SIMPLE_INSTRUMENT;EFS;EUR;28;106.60000000;4406;EXCHANGE_LAST;;1;1;XEUR;11820391;690;
07.03.2025;13:07:26.592;FGBS SI 20250606 PS;SIMPLE_INSTRUMENT;EFS;EUR;29;106.60000000;4130;EXCHANGE_LAST;;1;1;XEUR;11820391;690;
07.03.2025;13:19:59.365;FGBS SI 20250606 PS;SIMPLE_INSTRUMENT;EFP_FIN;EUR;30;106.61000000;1303;EXCHANGE_LAST;;1;1;XEUR;11820391;690;
07.03.2025;13:22:32.797;FGBS SI 20250606 PS;SIMPLE_INSTRUMENT;EFS;EUR;31;106.56500000;5510;EXCHANGE_LAST;;1;1;XEUR;11820391;690;
07.03.2025;13:22:52.157;FGBS SI 20250606 PS;SIMPLE_INSTRUMENT;EFS;EUR;32;106.61000000;5075;EXCHANGE_LAST;;1;1;XEUR;11820391;690;
07.03.2025;13:46:55.731;FGBS SI 20250606 PS;SIMPLE_INSTRUMENT;EFS;EUR;33;106.61500000;4405;EXCHANGE_LAST;;1;1;XEUR;11820391;690;
07.03.2025;13:57:39.269;FGBS SI 20250606 PS;SIMPLE_INSTRUMENT;BLOCK;EUR;34;106.64500000;21600;EXCHANGE_LAST;;1;1;XEUR;11820391;690;
07.03.2025;14:20:50.761;FGBS SI 20250606 PS;SIMPLE_INSTRUMENT;EFS;EUR;35;106.65000000;2752;EXCHANGE_LAST;;1;1;XEUR;11820391;690;
07.03.2025;14:41:58.005;FGBS SI 20250606 PS;SIMPLE_INSTRUMENT;EFP_FIN;EUR;36;106.60500000;177;EXCHANGE_LAST;;1;1;XEUR;11820391;690;
07.03.2025;14:55:31.697;FGBS SI 20250606 PS;SIMPLE_INSTRUMENT;EFP_FIN;EUR;37;106.59000000;263;EXCHANGE_LAST;;1;1;XEUR;11820391;690;
07.03.2025;14:57:10.634;FGBS SI 20250606 PS;SIMPLE_INSTRUMENT;EFP_FIN;EUR;38;106.58000000;352;EXCHANGE_LAST;;1;1;XEUR;11820391;690;
07.03.2025;15:32:11.764;FGBS SI 20250606 PS;SIMPLE_INSTRUMENT;EFS;EUR;39;106.58500000;5508;EXCHANGE_LAST;;1;1;XEUR;11820391;690;
07.03.2025;16:19:13.860;FGBS SI 20250606 PS;SIMPLE_INSTRUMENT;EFP_FIN;EUR;40;106.57500000;667;EXCHANGE_LAST;;1;1;XEUR;11820391;690;
