#Date;TrdTime;Contract;ContractType;TrdTyp;Currency;TesId;Prc;Qty;TrdInd;Aggressor;Buy;Sell;Exch;InstrumentId;RelatedProdId;PrcDecomp
10.04.2025;09:31:37.728;A2NA SI 20250620 CS;SIMPLE_INSTRUMENT;BLOCK;EUR;19;9.76000000;441;EXCHANGE_LAST;;1;1;XEUR;10872538;151298;
10.04.2025;10:09:44.438;A2NA SI 20250620 CS;SIMPLE_INSTRUMENT;BLOCK;EUR;33;9.76000000;537;EXCHANGE_LAST;;1;1;XEUR;10872538;151298;
10.04.2025;10:09:22.525;A2NA SI 20250620 CS;SIMPLE_INSTRUMENT;BLOCK;EUR;34;9.76000000;176;EXCHANGE_LAST;;1;1;XEUR;10872538;151298;
10.04.2025;12:34:16.417;A2NA SI 20250620 CS;SIMPLE_INSTRUMENT;BLOCK;EUR;61;9.76000000;123;EXCHANGE_LAST;;1;1;XEUR;10872538;151298;
10.04.2025;10:50:30.466;A2XA SI 20271217 CS;SIMPLE_INSTRUMENT;BLOCK;EUR;40;2.06000000;500;EXCHANGE_LAST;;1;1;XEUR;5914267;17;
10.04.2025;10:58:54.022;A2XA SI 20271217 CS;SIMPLE_INSTRUMENT;BLOCK;EUR;42;2.06000000;400;EXCHANGE_LAST;;2;1;XEUR;5914267;17;
10.04.2025;14:15:57.779;ABBG SI 20250417 CS;SIMPLE_INSTRUMENT;BLOCK;CHF;104;41.37400000;4500;EXCHANGE_LAST;;1;1;XEUR;10886807;574520;
10.04.2025;08:59:20.143;ADS SI 20250919 PS AM P 190.00 0;SIMPLE_INSTRUMENT;BLOCK;EUR;1;12.50000000;250;EXCHANGE_LAST;;1;1;XEUR;11870818;50;
10.04.2025;09:01:09.225;ADS SI 20250919 PS AM P 190.00 0;SIMPLE_INSTRUMENT;BLOCK;EUR;2;12.50000000;600;EXCHANGE_LAST;;2;1;XEUR;11870818;50;
10.04.2025;09:34:04.919;ADS SI 20250620 PS AM P 180.00 0;SIMPLE_INSTRUMENT;BLOCK;EUR;4;6.00000000;400;EXCHANGE_LAST;;1;1;XEUR;7897590;50;
10.04.2025;10:16:35.167;ADS SI 20250620 PS AM P 190.00 0;SIMPLE_INSTRUMENT;BLOCK;EUR;6;9.00000000;400;EXCHANGE_LAST;;1;1;XEUR;11348164;50;
10.04.2025;11:05:07.672;ADS SI 20251219 PS AM P 200.00 0;SIMPLE_INSTRUMENT;BLOCK;EUR;8;21.00000000;500;EXCHANGE_LAST;;1;1;XEUR;5919898;50;
10.04.2025;13:43:15.577;ADSG SI 20250620 CS;SIMPLE_INSTRUMENT;BLOCK;EUR;84;200.40500000;2200;EXCHANGE_LAST;;1;2;XEUR;11167407;48;
10.04.2025;09:31:42.870;AEAF SI 20250620 CS;SIMPLE_INSTRUMENT;BLOCK;EUR;20;202.52070000;5000;EXCHANGE_LAST;;1;1;XEUR;11202228;298511;
10.04.2025;09:31:46.813;AEAF SI 20250620 CS;SIMPLE_INSTRUMENT;BLOCK;EUR;21;202.59420000;5000;EXCHANGE_LAST;;1;1;XEUR;11202228;298511;
10.04.2025;10:04:53.408;AEAF SI 20250620 CS;SIMPLE_INSTRUMENT;BLOCK;EUR;31;198.32550000;2000;EXCHANGE_LAST;;1;1;XEUR;11202228;298511;
10.04.2025;10:09:29.683;AEAF SI 20250620 CS;SIMPLE_INSTRUMENT;BLOCK;EUR;32;199.53100000;6100;EXCHANGE_LAST;;1;1;XEUR;11202228;298511;
10.04.2025;12:33:46.639;AEAF SI 20250620 CS;SIMPLE_INSTRUMENT;BLOCK;EUR;60;199.12920000;1400;EXCHANGE_LAST;;1;1;XEUR;11202228;298511;
10.04.2025;08:41:26.846;AI3F SI 20250620 CS;SIMPLE_INSTRUMENT;BLOCK;EUR;11;67.26990000;125;EXCHANGE_LAST;;1;1;XEUR;11168121;70;
10.04.2025;12:13:51.894;ALC SI 20250919 PS AM P 76.00 0;SIMPLE_INSTRUMENT;BLOCK;CHF;32;6.75000000;800;EXCHANGE_LAST;;1;1;XEUR;11913758;130134;
10.04.2025;08:48:42.849;ALVE SI 20251219 PS EU C 320.00 0;SIMPLE_INSTRUMENT;BLOCK;EUR;1;25.97000000;1475;EXCHANGE_LAST;;1;1;XEUR;5920833;75;
10.04.2025;07:37:51.875;ALVG SI 20250620 CS;SIMPLE_INSTRUMENT;BLOCK;EUR;2;323.20000000;1300;EXCHANGE_LAST;;1;1;XEUR;11168195;85;
10.04.2025;11:22:17.902;AOM SI 20260619 PS AM P 14.00 0;SIMPLE_INSTRUMENT;BLOCK;EUR;21;1.50000000;1750;EXCHANGE_LAST;;1;2;XEUR;11249221;88;
10.04.2025;14:27:08.225;ASG5 SI 20251218 PS AM P 24.00 0;SIMPLE_INSTRUMENT;BLOCK;EUR;16;0.56000000;5000;EXCHANGE_LAST;;1;1;XEUR;6084278;109;
10.04.2025;09:43:07.175;ASGF SI 20250619 CS;SIMPLE_INSTRUMENT;BLOCK;EUR;26;28.78000000;9000;EXCHANGE_LAST;;1;1;XEUR;12186943;949862;
10.04.2025;09:54:05.107;ASIF SI 20250919 CS;SIMPLE_INSTRUMENT;BLOCK;EUR;29;391.73200000;30;EXCHANGE_LAST;;1;1;XEUR;11724528;46864;
10.04.2025;07:58:24.971;ASMH SI 20250718 CS;SIMPLE_INSTRUMENT;BLOCK;EUR;5;600.87540000;80;EXCHANGE_LAST;;1;1;XEUR;11383290;3979;
10.04.2025;09:49:06.638;AXA.O.250410.STG.000005;STANDARD_OPTION_STRATEGY;BLOCK;EUR;5;4.04000000;3000;EXCHANGE_LAST;;1;1;XEUR;72058139498795478;127;
10.04.2025;09:49:06.638;AXA SI 20250919 PS AM C 38.00 0;SIMPLE_INSTRUMENT;BLOCK;EUR;5;1.51000000;3000;PRC_DECOMP_EXCHANGE;;;;XEUR;11872537;127;EXCHANGE
10.04.2025;09:49:06.638;AXA SI 20250919 PS AM P 36.00 0;SIMPLE_INSTRUMENT;BLOCK;EUR;5;2.53000000;3000;PRC_DECOMP_EXCHANGE;;;;XEUR;11872539;127;EXCHANGE
10.04.2025;11:19:59.758;AXA SI 20260619 PS AM P 40.00 0;SIMPLE_INSTRUMENT;BLOCK;EUR;18;6.61000000;1500;EXCHANGE_LAST;;1;1;XEUR;9538774;127;
10.04.2025;11:19:51.757;AXA SI 20260619 PS AM C 40.00 0;SIMPLE_INSTRUMENT;BLOCK;EUR;19;1.95000000;1500;EXCHANGE_LAST;;1;1;XEUR;9538772;127;
10.04.2025;14:02:15.837;AXA SI 20250919 PS AM P 35.00 0;SIMPLE_INSTRUMENT;BLOCK;EUR;47;2.09000000;1250;EXCHANGE_LAST;;1;1;XEUR;12767473;127;
10.04.2025;11:44:52.985;AXAE.O.250410.CNV.000002;STANDARD_OPTION_STRATEGY;BLOCK;EUR;32;0.24000000;1750;EXCHANGE_LAST;;1;1;XEUR;72058135203809570;126;
10.04.2025;11:44:52.985;AXAE SI 20250620 PS EU P 36.00 0;SIMPLE_INSTRUMENT;BLOCK;EUR;32;1.57000000;1750;PRC_DECOMP_MEMBER;;;;XEUR;8111258;126;MEMBER
10.04.2025;11:44:52.985;AXAE SI 20250620 PS EU C 36.00 0;SIMPLE_INSTRUMENT;BLOCK;EUR;32;1.81000000;1750;PRC_DECOMP_MEMBER;;;;XEUR;8111253;126;MEMBER
10.04.2025;11:45:06.871;AXAE.O.250410.CNV.000002;STANDARD_OPTION_STRATEGY;BLOCK;EUR;33;0.25000000;1750;EXCHANGE_LAST;;1;1;XEUR;72058135203809570;126;
10.04.2025;11:45:06.871;AXAE SI 20250620 PS EU C 36.00 0;SIMPLE_INSTRUMENT;BLOCK;EUR;33;1.81000000;1750;PRC_DECOMP_MEMBER;;;;XEUR;8111253;126;MEMBER
10.04.2025;11:45:06.871;AXAE SI 20250620 PS EU P 36.00 0;SIMPLE_INSTRUMENT;BLOCK;EUR;33;1.56000000;1750;PRC_DECOMP_MEMBER;;;;XEUR;8111258;126;MEMBER
10.04.2025;11:53:13.097;AXAE SI 20250620 PS EU P 36.00 0;SIMPLE_INSTRUMENT;BLOCK;EUR;34;1.56000000;3500;EXCHANGE_LAST;;1;1;XEUR;8111258;126;
10.04.2025;11:53:15.498;AXAE SI 20250620 PS EU C 36.00 0;SIMPLE_INSTRUMENT;BLOCK;EUR;35;1.85000000;3500;EXCHANGE_LAST;;1;1;XEUR;8111253;126;
10.04.2025;13:00:23.865;AXAG SI 20250417 CS;SIMPLE_INSTRUMENT;BLOCK;EUR;73;37.42500000;8500;EXCHANGE_LAST;;1;1;XEUR;10829924;125;
10.04.2025;13:46:39.944;B2AS SI 20250620 CS;SIMPLE_INSTRUMENT;BLOCK;EUR;91;2.25000000;553;EXCHANGE_LAST;;1;1;XEUR;10830335;140;
10.04.2025;15:37:17.206;B2AS SI 20261218 CS;SIMPLE_INSTRUMENT;BLOCK;EUR;130;1.95000000;500;EXCHANGE_LAST;;3;2;XEUR;4632165;140;
10.04.2025;09:41:06.953;B2MW SI 20261218 CS;SIMPLE_INSTRUMENT;BLOCK;EUR;24;2.95000000;200;EXCHANGE_LAST;;1;1;XEUR;4632168;128;
10.04.2025;15:19:39.346;B2MW SI 20250620 CS;SIMPLE_INSTRUMENT;BLOCK;EUR;121;4.30000000;305;EXCHANGE_LAST;;2;2;XEUR;10830088;128;
10.04.2025;08:57:33.585;B2NP SI 20261218 CS;SIMPLE_INSTRUMENT;BLOCK;EUR;12;4.40000000;300;EXCHANGE_LAST;;1;1;XEUR;6798320;131;
10.04.2025;09:26:25.159;B2NP SI 20251219 CS;SIMPLE_INSTRUMENT;BLOCK;EUR;18;7.30000000;100;EXCHANGE_LAST;;1;1;XEUR;5914355;131;
10.04.2025;09:41:35.153;B2NP SI 20251219 CS;SIMPLE_INSTRUMENT;BLOCK;EUR;25;7.30000000;100;EXCHANGE_LAST;;1;1;XEUR;5914355;131;
10.04.2025;14:58:54.422;B3BV SI 20251219 CS;SIMPLE_INSTRUMENT;BLOCK;EUR;113;0.68700000;625;EXCHANGE_LAST;;1;2;XEUR;5914370;135;
10.04.2025;14:58:59.813;B3BV SI 20251219 CS;SIMPLE_INSTRUMENT;BLOCK;EUR;115;0.68800000;625;EXCHANGE_LAST;;1;2;XEUR;5914370;135;
10.04.2025;12:58:45.706;BAEN SI 20250919 PS AM P 46.00 0;SIMPLE_INSTRUMENT;BLOCK;CHF;38;3.50000000;400;EXCHANGE_LAST;;1;1;XEUR;11872958;159;
10.04.2025;08:02:43.017;BARN SI 20250620 PS AM P 1000.00 0;SIMPLE_INSTRUMENT;BLOCK;CHF;2;199.70000000;800;EXCHANGE_LAST;;1;1;XEUR;11350494;149;
10.04.2025;08:10:07.930;BARN SI 20251219 PS AM P 1280.00 0;SIMPLE_INSTRUMENT;BLOCK;CHF;4;435.57000000;543;EXCHANGE_LAST;;1;1;XEUR;10396366;149;
10.04.2025;09:04:19.966;BAS SI 20251219 PS AM P 36.00 0;SIMPLE_INSTRUMENT;BLOCK;EUR;1;2.16000000;4000;EXCHANGE_LAST;;1;1;XEUR;7115422;150;
10.04.2025;09:46:27.397;BAS SI 20250919 PS AM C 48.00 0;SIMPLE_INSTRUMENT;BLOCK;EUR;4;1.25000000;5000;EXCHANGE_LAST;;2;2;XEUR;11873025;150;
10.04.2025;09:56:22.260;BAS SI 20251219 PS AM P 40.00 0;SIMPLE_INSTRUMENT;BLOCK;EUR;5;3.90000000;3000;EXCHANGE_LAST;;2;3;XEUR;7115425;150;
10.04.2025;10:44:17.501;BAS SI 20260320 PS AM P 40.00 0;SIMPLE_INSTRUMENT;BLOCK;EUR;6;4.30000000;1500;EXCHANGE_LAST;;1;1;XEUR;12996556;150;
10.04.2025;14:03:10.628;BAS SI 20261218 PS AM P 36.00 0;SIMPLE_INSTRUMENT;BLOCK;EUR;7;4.33000000;500;EXCHANGE_LAST;;1;1;XEUR;7509960;150;
10.04.2025;14:24:11.974;BAS.O.250410.STG.000017;STANDARD_OPTION_STRATEGY;BLOCK;EUR;8;3.97000000;1500;EXCHANGE_LAST;;1;1;XEUR;72058238283093059;150;
10.04.2025;14:24:11.974;BAS SI 20250620 PS AM P 40.00 0;SIMPLE_INSTRUMENT;BLOCK;EUR;8;2.79000000;1500;PRC_DECOMP_EXCHANGE;;;;XEUR;7899120;150;EXCHANGE
10.04.2025;14:24:11.974;BAS SI 20250620 PS AM C 44.00 0;SIMPLE_INSTRUMENT;BLOCK;EUR;8;1.18000000;1500;PRC_DECOMP_EXCHANGE;;;;XEUR;7899118;150;EXCHANGE
10.04.2025;15:43:58.062;BAS SI 20250417 PS AM C 41.50 0;SIMPLE_INSTRUMENT;BLOCK;EUR;9;1.13000000;400;EXCHANGE_LAST;;1;1;XEUR;12615357;150;
10.04.2025;13:46:36.726;BASG SI 20250620 CS;SIMPLE_INSTRUMENT;BLOCK;EUR;90;40.72500000;7000;EXCHANGE_LAST;;1;1;XEUR;11169531;171;
10.04.2025;15:51:44.850;BASG SI 20250620 CS;SIMPLE_INSTRUMENT;BLOCK;EUR;136;40.06950000;9074;EXCHANGE_LAST;;1;1;XEUR;11169531;171;
10.04.2025;11:50:45.848;BBVD SI 20271217 PS AM P 10.00 0;SIMPLE_INSTRUMENT;BLOCK;EUR;7;1.57000000;4000;EXCHANGE_LAST;;1;1;XEUR;8850626;172;
10.04.2025;14:15:14.170;BDSG SI 20250516 CS;SIMPLE_INSTRUMENT;BLOCK;EUR;101;2.38630000;10800;EXCHANGE_LAST;;1;1;XEUR;11031656;191;
10.04.2025;14:37:27.973;BDSG SI 20250516 CS;SIMPLE_INSTRUMENT;BLOCK;EUR;108;2.38630000;97200;EXCHANGE_LAST;;1;1;XEUR;11031656;191;
10.04.2025;10:31:58.612;BMW SI 20260320 PS AM P 60.00 0;SIMPLE_INSTRUMENT;BLOCK;EUR;3;5.83000000;1000;EXCHANGE_LAST;;1;1;XEUR;12998391;210;
10.04.2025;11:14:02.740;BMW SI 20250417 PS AM P 76.00 0;SIMPLE_INSTRUMENT;BLOCK;EUR;5;9.60000000;1500;EXCHANGE_LAST;;1;1;XEUR;12616386;210;
10.04.2025;11:14:31.741;BMW SI 20250417 PS AM P 82.00 0;SIMPLE_INSTRUMENT;BLOCK;EUR;6;15.47000000;750;EXCHANGE_LAST;;1;1;XEUR;12616564;210;
10.04.2025;15:18:28.430;BMWF SI 20250620 CS;SIMPLE_INSTRUMENT;BLOCK;EUR;120;61.92000000;3500;EXCHANGE_LAST;;2;2;XEUR;11170639;239;
10.04.2025;11:00:14.100;BNP.O.250410.BER.000010;STANDARD_OPTION_STRATEGY;BLOCK;EUR;13;7.30000000;2000;EXCHANGE_LAST;;2;1;XEUR;72058611945200274;237;
10.04.2025;11:00:14.100;BNP SI 20261218 PS AM P 48.00 0;SIMPLE_INSTRUMENT;BLOCK;EUR;13;4.48000000;2000;PRC_DECOMP_EXCHANGE;;;;XEUR;7154454;237;EXCHANGE
10.04.2025;11:00:14.100;BNP SI 20261218 PS AM P 66.00 0;SIMPLE_INSTRUMENT;BLOCK;EUR;13;11.78000000;2000;PRC_DECOMP_EXCHANGE;;;;XEUR;12372361;237;EXCHANGE
10.04.2025;11:08:21.910;BNP.O.250410.BER.000010;STANDARD_OPTION_STRATEGY;BLOCK;EUR;15;7.30000000;500;EXCHANGE_LAST;;1;1;XEUR;72058611945200274;237;
10.04.2025;11:08:21.910;BNP SI 20261218 PS AM P 48.00 0;SIMPLE_INSTRUMENT;BLOCK;EUR;15;4.49000000;500;PRC_DECOMP_EXCHANGE;;;;XEUR;7154454;237;EXCHANGE
10.04.2025;11:08:21.910;BNP SI 20261218 PS AM P 66.00 0;SIMPLE_INSTRUMENT;BLOCK;EUR;15;11.79000000;500;PRC_DECOMP_EXCHANGE;;;;XEUR;12372361;237;EXCHANGE
10.04.2025;11:57:00.864;BNP.O.250410.STD.000011;STANDARD_OPTION_STRATEGY;BLOCK;EUR;36;19.20000000;1250;EXCHANGE_LAST;;1;1;XEUR;72058611945200275;237;
10.04.2025;11:57:00.864;BNP SI 20261218 PS AM C 60.00 0;SIMPLE_INSTRUMENT;BLOCK;EUR;36;10.63000000;1250;PRC_DECOMP_EXCHANGE;;;;XEUR;7154462;237;EXCHANGE
10.04.2025;11:57:00.864;BNP SI 20261218 PS AM P 60.00 0;SIMPLE_INSTRUMENT;BLOCK;EUR;36;8.57000000;1250;PRC_DECOMP_EXCHANGE;;;;XEUR;7154459;237;EXCHANGE
10.04.2025;12:31:11.597;BNP SI 20250620 PS AM C 71.00 0;SIMPLE_INSTRUMENT;BLOCK;EUR;39;2.72000000;750;EXCHANGE_LAST;;1;1;XEUR;12998879;237;
10.04.2025;13:00:33.417;BNP.O.250410.STD.000009;STANDARD_OPTION_STRATEGY;BLOCK;EUR;43;15.00000000;600;EXCHANGE_LAST;;1;1;XEUR;72058611945200273;237;
10.04.2025;13:00:33.417;BNP SI 20260320 PS AM C 68.00 0;SIMPLE_INSTRUMENT;BLOCK;EUR;43;5.33000000;600;PRC_DECOMP_EXCHANGE;;;;XEUR;12999124;237;EXCHANGE
10.04.2025;13:00:33.417;BNP SI 20260320 PS AM P 68.00 0;SIMPLE_INSTRUMENT;BLOCK;EUR;43;9.67000000;600;PRC_DECOMP_EXCHANGE;;;;XEUR;12999120;237;EXCHANGE
10.04.2025;07:48:23.977;BNPE SI 20250516 PS EU P 66.00 0;SIMPLE_INSTRUMENT;BLOCK;EUR;1;1.80000000;2400;EXCHANGE_LAST;;1;1;XEUR;12847888;298527;
10.04.2025;07:48:24.320;BNPE SI 20250516 PS EU C 66.00 0;SIMPLE_INSTRUMENT;BLOCK;EUR;2;6.25000000;3000;EXCHANGE_LAST;;1;1;XEUR;12847886;298527;
10.04.2025;07:48:25.131;BNPE SI 20250516 PS EU P 66.00 0;SIMPLE_INSTRUMENT;BLOCK;EUR;3;1.78000000;600;EXCHANGE_LAST;;1;1;XEUR;12847888;298527;
10.04.2025;07:58:39.493;BNPH SI 20250620 CS;SIMPLE_INSTRUMENT;BLOCK;EUR;4;66.60000000;5000;EXCHANGE_LAST;;1;1;XEUR;11170600;236;
10.04.2025;10:57:07.152;BSD2 SI 20251219 PS AM P 5.00 0;SIMPLE_INSTRUMENT;BLOCK;EUR;4;0.38000000;20000;EXCHANGE_LAST;;1;1;XEUR;9004424;245;
10.04.2025;09:38:10.980;BSIF SI 20251121 CS;SIMPLE_INSTRUMENT;BLOCK;EUR;22;88.12930000;110;EXCHANGE_LAST;;1;1;XEUR;12099842;174729;
10.04.2025;10:53:01.014;BSN SI 20250919 PS AM C 72.00 0;SIMPLE_INSTRUMENT;BLOCK;EUR;11;2.20000000;1000;EXCHANGE_LAST;;1;1;XEUR;11875276;241;
10.04.2025;11:53:56.741;BX7G SI 20250620 CS;SIMPLE_INSTRUMENT;BLOCK;EUR;48;6.54050000;5000;EXCHANGE_LAST;;1;1;XEUR;11191402;3980;
10.04.2025;12:06:02.947;BX7G SI 20250620 CS;SIMPLE_INSTRUMENT;BLOCK;EUR;49;6.54050000;5000;EXCHANGE_LAST;;1;1;XEUR;11191402;3980;
10.04.2025;13:47:01.426;C2BK SI 20250620 CS;SIMPLE_INSTRUMENT;BLOCK;EUR;93;0.65000000;623;EXCHANGE_LAST;;1;1;XEUR;12178564;949832;
10.04.2025;15:29:29.577;C2BK SI 20261218 CS;SIMPLE_INSTRUMENT;BLOCK;EUR;127;0.68000000;750;EXCHANGE_LAST;;2;2;XEUR;12178551;949832;
10.04.2025;11:12:24.120;C4RI SI 20261218 CS;SIMPLE_INSTRUMENT;BLOCK;EUR;44;2.62000000;100;EXCHANGE_LAST;;1;1;XEUR;6821680;50862;
10.04.2025;11:24:41.908;C4RI SI 20261218 CS;SIMPLE_INSTRUMENT;BLOCK;EUR;47;2.62000000;1500;EXCHANGE_LAST;;3;2;XEUR;6821680;50862;
10.04.2025;13:45:05.548;C4RI SI 20250620 CS;SIMPLE_INSTRUMENT;BLOCK;EUR;88;1.47600000;496;EXCHANGE_LAST;;1;2;XEUR;10868044;50862;
10.04.2025;13:52:21.158;C4RI SI 20261218 CS;SIMPLE_INSTRUMENT;BLOCK;EUR;96;2.59000000;565;EXCHANGE_LAST;;1;1;XEUR;6821680;50862;
10.04.2025;14:15:38.317;C4RI SI 20250620 CS;SIMPLE_INSTRUMENT;BLOCK;EUR;103;1.47600000;503;EXCHANGE_LAST;;1;2;XEUR;10868044;50862;
10.04.2025;14:17:49.410;C4RI SI 20261218 CS;SIMPLE_INSTRUMENT;BLOCK;EUR;105;2.59000000;214;EXCHANGE_LAST;;1;1;XEUR;6821680;50862;
10.04.2025;15:05:39.231;C4RI SI 20261218 CS;SIMPLE_INSTRUMENT;BLOCK;EUR;118;2.59000000;200;EXCHANGE_LAST;;1;1;XEUR;6821680;50862;
10.04.2025;15:57:29.513;C4RI SI 20250620 CS;SIMPLE_INSTRUMENT;BLOCK;EUR;138;1.47600000;440;EXCHANGE_LAST;;1;1;XEUR;10868044;50862;
10.04.2025;09:17:21.903;CBK.O.250410.STG.000006;STANDARD_OPTION_STRATEGY;BLOCK;EUR;3;7.60000000;25000;EXCHANGE_LAST;;2;4;XEUR;72058745089204325;268;
10.04.2025;09:17:21.903;CBK SI 20260619 PS AM C 24.00 0;SIMPLE_INSTRUMENT;BLOCK;EUR;3;3.79000000;25000;PRC_DECOMP_EXCHANGE;;;;XEUR;10982477;268;EXCHANGE
10.04.2025;09:17:21.903;CBK SI 20260619 PS AM P 20.00 0;SIMPLE_INSTRUMENT;BLOCK;EUR;3;3.81000000;25000;PRC_DECOMP_EXCHANGE;;;;XEUR;9666940;268;EXCHANGE
10.04.2025;14:18:26.919;CBK.O.250410.STG.000013;STANDARD_OPTION_STRATEGY;BLOCK;EUR;14;11.80000000;750;EXCHANGE_LAST;;1;1;XEUR;72058745089204332;268;
10.04.2025;14:18:26.919;CBK SI 20271217 PS AM C 22.00 0;SIMPLE_INSTRUMENT;BLOCK;EUR;14;5.99000000;750;PRC_DECOMP_EXCHANGE;;;;XEUR;12801113;268;EXCHANGE
10.04.2025;14:18:26.919;CBK SI 20271217 PS AM P 20.00 0;SIMPLE_INSTRUMENT;BLOCK;EUR;14;5.81000000;750;PRC_DECOMP_EXCHANGE;;;;XEUR;9040225;268;EXCHANGE
10.04.2025;13:46:45.409;CBKH SI 20250620 CS;SIMPLE_INSTRUMENT;BLOCK;EUR;92;21.50500000;7000;EXCHANGE_LAST;;1;1;XEUR;11192082;10390;
10.04.2025;11:02:38.052;CFR SI 20250417 PS AM C 150.00 0;SIMPLE_INSTRUMENT;BLOCK;CHF;20;1.33000000;647;EXCHANGE_LAST;;1;1;XEUR;12617935;313;
10.04.2025;12:31:43.369;CFR SI 20260320 PS AM P 110.00 0;SIMPLE_INSTRUMENT;BLOCK;CHF;33;7.57000000;500;EXCHANGE_LAST;;1;1;XEUR;13000399;313;
10.04.2025;12:32:08.166;CFR SI 20250620 PS AM P 110.00 0;SIMPLE_INSTRUMENT;BLOCK;CHF;34;2.08000000;1500;EXCHANGE_LAST;;1;1;XEUR;11354574;313;
10.04.2025;15:01:13.193;CGM SI 20260320 PS AM P 120.00 0;SIMPLE_INSTRUMENT;BLOCK;EUR;50;12.90000000;250;EXCHANGE_LAST;;1;1;XEUR;13000647;317;
10.04.2025;09:03:57.009;CR5J SI 20250619 CS;SIMPLE_INSTRUMENT;BLOCK;EUR;15;46.60000000;14300;EXCHANGE_LAST;;1;1;XEUR;11164005;50861;
10.04.2025;13:44:56.934;CR5J SI 20250619 CS;SIMPLE_INSTRUMENT;BLOCK;EUR;87;46.75000000;5670;EXCHANGE_LAST;;1;2;XEUR;11164005;50861;
10.04.2025;14:15:12.490;CR5J SI 20250619 CS;SIMPLE_INSTRUMENT;BLOCK;EUR;102;46.75000000;5750;EXCHANGE_LAST;;1;2;XEUR;11164005;50861;
10.04.2025;15:56:50.630;CR5J SI 20250619 CS;SIMPLE_INSTRUMENT;BLOCK;EUR;137;46.28500000;5000;EXCHANGE_LAST;;1;1;XEUR;11164005;50861;
10.04.2025;09:40:47.267;D3AI SI 20261218 CS;SIMPLE_INSTRUMENT;BLOCK;EUR;23;2.80000000;200;EXCHANGE_LAST;;1;1;XEUR;7144051;443197;
10.04.2025;09:58:57.231;D3AI SI 20261218 CS;SIMPLE_INSTRUMENT;BLOCK;EUR;30;2.60000000;200;EXCHANGE_LAST;;1;1;XEUR;7144051;443197;
10.04.2025;12:45:27.916;D3AI SI 20250620 CS;SIMPLE_INSTRUMENT;BLOCK;EUR;66;4.30000000;420;EXCHANGE_LAST;;1;2;XEUR;10884356;443197;
10.04.2025;13:25:15.305;DAB SI 20251219 PS AM P 60.00 0;SIMPLE_INSTRUMENT;BLOCK;EUR;15;5.86000000;750;EXCHANGE_LAST;;1;1;XEUR;5925818;352;
10.04.2025;13:18:09.845;DAI SI 20251219 PS AM P 44.00 0;SIMPLE_INSTRUMENT;BLOCK;EUR;14;4.30000000;1000;EXCHANGE_LAST;;1;1;XEUR;7491310;443196;
10.04.2025;13:30:01.247;DAI SI 20250620 PS AM C 60.00 0;SIMPLE_INSTRUMENT;BLOCK;EUR;16;0.11000000;1000;EXCHANGE_LAST;;1;1;XEUR;7934293;443196;
10.04.2025;14:25:44.809;DAI SI 20250620 PS AM C 58.00 0;SIMPLE_INSTRUMENT;BLOCK;EUR;17;0.18000000;2000;EXCHANGE_LAST;;2;1;XEUR;10374217;443196;
10.04.2025;09:40:12.138;DAIE.O.250410.BRT.000001;STANDARD_OPTION_STRATEGY;BLOCK;EUR;2;6.38000000;2000;EXCHANGE_LAST;;1;1;XEUR;73961132133454274;443202;
10.04.2025;09:40:12.138;DAIE SI 20251219 PS EU P 48.00 0;SIMPLE_INSTRUMENT;BLOCK;EUR;2;7.14000000;2000;PRC_DECOMP_EXCHANGE;;;;XEUR;7144752;443202;EXCHANGE
10.04.2025;09:40:12.138;DAIE SI 20291221 PS EU P 48.00 0;SIMPLE_INSTRUMENT;BLOCK;EUR;2;13.52000000;2000;PRC_DECOMP_EXCHANGE;;;;XEUR;12490418;443202;EXCHANGE
10.04.2025;12:46:23.952;DAIG.S.APR25.JUN25.SPD;FUTURES_SPREAD;BLOCK;EUR;65;3.42000000;5000;EXCHANGE_LAST;;2;1;XEUR;73961136428417129;443203;
10.04.2025;12:46:23.952;DAIG SI 20250620 CS;SIMPLE_INSTRUMENT;BLOCK;EUR;65;43.44660000;5000;PRC_DECOMP_EXCHANGE;;;;XEUR;11207841;443203;EXCHANGE
10.04.2025;12:46:23.952;DAIG SI 20250417 CS;SIMPLE_INSTRUMENT;BLOCK;EUR;65;46.86660000;5000;PRC_DECOMP_EXCHANGE;;;;XEUR;10884414;443203;EXCHANGE
10.04.2025;11:33:47.799;DBK.O.250410.STD.000013;STANDARD_OPTION_STRATEGY;BLOCK;EUR;10;5.73000000;2500;EXCHANGE_LAST;;1;1;XEUR;72059148816161501;362;
10.04.2025;11:33:47.799;DBK SI 20260320 PS AM P 18.00 0;SIMPLE_INSTRUMENT;BLOCK;EUR;10;2.26000000;2500;PRC_DECOMP_EXCHANGE;;;;XEUR;13001288;362;EXCHANGE
10.04.2025;11:33:47.799;DBK SI 20260320 PS AM C 18.00 0;SIMPLE_INSTRUMENT;BLOCK;EUR;10;3.47000000;2500;PRC_DECOMP_EXCHANGE;;;;XEUR;13001307;362;EXCHANGE
10.04.2025;13:08:53.168;DBK.O.250410.PDIA.000016;STANDARD_OPTION_STRATEGY;BLOCK;EUR;12;1.11000000;2500;EXCHANGE_LAST;;1;1;XEUR;72059148816161504;362;
10.04.2025;13:08:53.168;DBK SI 20251219 PS AM P 17.00 0;SIMPLE_INSTRUMENT;BLOCK;EUR;12;1.74000000;2500;PRC_DECOMP_EXCHANGE;;;;XEUR;12352685;362;EXCHANGE
10.04.2025;13:08:53.168;DBK SI 20260320 PS AM P 19.00 0;SIMPLE_INSTRUMENT;BLOCK;EUR;12;2.85000000;2500;PRC_DECOMP_EXCHANGE;;;;XEUR;13001285;362;EXCHANGE
10.04.2025;11:57:58.778;DPW.O.250410.COMBO.000011;STANDARD_OPTION_STRATEGY;BLOCK;EUR;12;0.98000000;2000;EXCHANGE_LAST;;2;1;XEUR;72059505298416355;445;
10.04.2025;11:57:58.778;DPW SI 20250919 PS AM P 30.00 0;SIMPLE_INSTRUMENT;BLOCK;EUR;12;1.70000000;2000;PRC_DECOMP_EXCHANGE;;;;XEUR;11878853;445;EXCHANGE
10.04.2025;11:57:58.778;DPW SI 20250919 PS AM C 40.00 0;SIMPLE_INSTRUMENT;BLOCK;EUR;12;0.72000000;2000;PRC_DECOMP_EXCHANGE;;;;XEUR;11878793;445;EXCHANGE
10.04.2025;10:41:14.824;DTE SI 20251219 PS AM P 25.00 0;SIMPLE_INSTRUMENT;BLOCK;EUR;7;0.55000000;10000;EXCHANGE_LAST;;1;1;XEUR;11262847;424;
10.04.2025;10:41:30.216;DTE SI 20250417 PS AM P 32.00 0;SIMPLE_INSTRUMENT;BLOCK;EUR;8;0.95000000;2406;EXCHANGE_LAST;;1;1;XEUR;12619447;424;
10.04.2025;11:27:26.902;DTE.O.250410.STD.000009;STANDARD_OPTION_STRATEGY;BLOCK;EUR;11;4.15000000;2500;EXCHANGE_LAST;;1;1;XEUR;72059415104108314;424;
10.04.2025;11:27:26.902;DTE SI 20250919 PS AM P 31.00 0;SIMPLE_INSTRUMENT;BLOCK;EUR;11;2.21000000;2500;PRC_DECOMP_EXCHANGE;;;;XEUR;12795510;424;EXCHANGE
10.04.2025;11:27:26.902;DTE SI 20250919 PS AM C 31.00 0;SIMPLE_INSTRUMENT;BLOCK;EUR;11;1.94000000;2500;PRC_DECOMP_EXCHANGE;;;;XEUR;12795511;424;EXCHANGE
10.04.2025;12:05:05.192;DTE SI 20250620 PS AM P 28.00 0;SIMPLE_INSTRUMENT;BLOCK;EUR;13;0.44000000;3000;EXCHANGE_LAST;;1;1;XEUR;7902018;424;
10.04.2025;13:26:24.017;DTE SI 20250417 PS AM P 30.00 0;SIMPLE_INSTRUMENT;BLOCK;EUR;14;0.17000000;3000;EXCHANGE_LAST;;1;1;XEUR;12619525;424;
10.04.2025;13:46:28.390;DTE SI 20250417 PS AM P 30.00 0;SIMPLE_INSTRUMENT;BLOCK;EUR;15;0.16000000;3000;EXCHANGE_LAST;;1;1;XEUR;12619525;424;
10.04.2025;08:02:05.058;DTEF SI 20250620 CS;SIMPLE_INSTRUMENT;BLOCK;EUR;6;31.53000000;20000;EXCHANGE_LAST;;1;1;XEUR;11173145;430;
10.04.2025;12:43:20.406;E2IA SI 20250620 CS;SIMPLE_INSTRUMENT;BLOCK;EUR;68;1.18000000;564;EXCHANGE_LAST;;1;1;XEUR;10868554;57105;
10.04.2025;15:44:26.296;E2NL SI 20261218 CS;SIMPLE_INSTRUMENT;BLOCK;EUR;132;0.45200000;250;EXCHANGE_LAST;;1;1;XEUR;4632356;471;
10.04.2025;15:45:04.353;E2NL SI 20261218 CS;SIMPLE_INSTRUMENT;BLOCK;EUR;133;0.45300000;250;EXCHANGE_LAST;;1;1;XEUR;4632356;471;
10.04.2025;12:25:00.672;E2NT SI 20271217 CS;SIMPLE_INSTRUMENT;BLOCK;EUR;57;0.82000000;1000;EXCHANGE_LAST;;1;1;XEUR;5914575;470;
10.04.2025;12:38:01.468;E2NT SI 20261218 CS;SIMPLE_INSTRUMENT;BLOCK;EUR;58;0.93000000;1250;EXCHANGE_LAST;;2;2;XEUR;4632357;470;
10.04.2025;12:38:33.656;E2NT SI 20261218 CS;SIMPLE_INSTRUMENT;BLOCK;EUR;59;0.93000000;750;EXCHANGE_LAST;;1;2;XEUR;4632357;470;
10.04.2025;12:46:23.129;E2NT SI 20271217 CS;SIMPLE_INSTRUMENT;BLOCK;EUR;69;0.82000000;500;EXCHANGE_LAST;;1;2;XEUR;5914575;470;
10.04.2025;12:46:07.580;E2NT SI 20271217 CS;SIMPLE_INSTRUMENT;BLOCK;EUR;70;0.82000000;200;EXCHANGE_LAST;;1;1;XEUR;5914575;470;
10.04.2025;13:07:40.121;E2NT SI 20261218 CS;SIMPLE_INSTRUMENT;BLOCK;EUR;74;0.91000000;1000;EXCHANGE_LAST;;3;1;XEUR;4632357;470;
10.04.2025;13:22:31.771;E2NT SI 20271217 CS;SIMPLE_INSTRUMENT;BLOCK;EUR;78;0.81000000;500;EXCHANGE_LAST;;1;2;XEUR;5914575;470;
10.04.2025;13:28:27.754;E2NT SI 20271217 CS;SIMPLE_INSTRUMENT;BLOCK;EUR;79;0.82000000;500;EXCHANGE_LAST;;1;1;XEUR;5914575;470;
10.04.2025;13:55:30.879;E2NT SI 20271217 CS;SIMPLE_INSTRUMENT;BLOCK;EUR;85;0.82000000;100;EXCHANGE_LAST;;1;1;XEUR;5914575;470;
10.04.2025;13:44:00.990;E2NT SI 20271217 CS;SIMPLE_INSTRUMENT;BLOCK;EUR;86;0.81000000;150;EXCHANGE_LAST;;1;1;XEUR;5914575;470;
10.04.2025;11:34:56.101;EAD.O.250410.STG.000013;STANDARD_OPTION_STRATEGY;BLOCK;EUR;20;22.05000000;450;EXCHANGE_LAST;;1;1;XEUR;72059591197747889;465;
10.04.2025;11:34:56.101;EAD SI 20251219 PS AM C 155.00 0;SIMPLE_INSTRUMENT;BLOCK;EUR;20;9.24000000;450;PRC_DECOMP_EXCHANGE;;;;XEUR;12602587;465;EXCHANGE
10.04.2025;11:34:56.101;EAD SI 20251219 PS AM P 135.00 0;SIMPLE_INSTRUMENT;BLOCK;EUR;20;12.81000000;450;PRC_DECOMP_EXCHANGE;;;;XEUR;12602584;465;EXCHANGE
10.04.2025;07:44:25.182;EADG SI 20250620 CS;SIMPLE_INSTRUMENT;BLOCK;EUR;3;144.10000000;4000;EXCHANGE_LAST;;1;1;XEUR;11420351;840008;
10.04.2025;12:41:48.928;EIAG SI 20250619 CS;SIMPLE_INSTRUMENT;BLOCK;EUR;67;44.20680000;6500;EXCHANGE_LAST;;1;1;XEUR;11174688;509;
10.04.2025;08:27:18.697;ENR SI 20250516 PS AM P 56.00 0;SIMPLE_INSTRUMENT;BLOCK;EUR;5;5.45000000;250;EXCHANGE_LAST;;1;1;XEUR;12848240;298530;
10.04.2025;08:48:48.298;F3IA SI 20261218 CS;SIMPLE_INSTRUMENT;BLOCK;EUR;10;0.36000000;800;EXCHANGE_LAST;;2;3;XEUR;6830373;390387;
10.04.2025;16:03:34.930;FATX SI 20250620 CS;SIMPLE_INSTRUMENT;EFP_IDX;EUR;15;3620.00000000;33;EXCHANGE_LAST;;1;1;XEUR;11905432;28699;
10.04.2025;16:03:35.044;FATX SI 20250620 CS;SIMPLE_INSTRUMENT;EFP_IDX;EUR;16;3619.00000000;30;EXCHANGE_LAST;;1;1;XEUR;11905432;28699;
10.04.2025;07:26:35.847;FBTP SI 20250606 PS;SIMPLE_INSTRUMENT;BLOCK;EUR;1;117.52000000;2677;EXCHANGE_LAST;;1;1;XEUR;11820365;636;
10.04.2025;07:32:40.735;FBTP SI 20250606 PS;SIMPLE_INSTRUMENT;BLOCK;EUR;2;117.53000000;267;EXCHANGE_LAST;;1;1;XEUR;11820365;636;
10.04.2025;08:01:17.126;FBTP SI 20250606 PS;SIMPLE_INSTRUMENT;BLOCK;EUR;3;117.44000000;3393;EXCHANGE_LAST;;1;1;XEUR;11820365;636;
10.04.2025;08:26:10.735;FBTP SI 20250606 PS;SIMPLE_INSTRUMENT;EFP_FIN;EUR;4;117.64000000;1286;EXCHANGE_LAST;;1;1;XEUR;11820365;636;
10.04.2025;09:14:24.327;FBTP SI 20250606 PS;SIMPLE_INSTRUMENT;EFP_FIN;EUR;5;117.64000000;575;EXCHANGE_LAST;;1;1;XEUR;11820365;636;
10.04.2025;09:42:32.696;FBTP SI 20250606 PS;SIMPLE_INSTRUMENT;EFP_FIN;EUR;6;117.64000000;265;EXCHANGE_LAST;;1;1;XEUR;11820365;636;
10.04.2025;09:53:14.187;FBTP SI 20250606 PS;SIMPLE_INSTRUMENT;EFP_FIN;EUR;7;117.72000000;324;EXCHANGE_LAST;;1;1;XEUR;11820365;636;
10.04.2025;10:03:28.535;FBTP SI 20250606 PS;SIMPLE_INSTRUMENT;EFP_FIN;EUR;8;117.63000000;264;EXCHANGE_LAST;;1;1;XEUR;11820365;636;
10.04.2025;10:25:24.128;FBTP SI 20250606 PS;SIMPLE_INSTRUMENT;EFP_FIN;EUR;9;117.63000000;198;EXCHANGE_LAST;;1;1;XEUR;11820365;636;
10.04.2025;11:35:55.849;FBTP SI 20250606 PS;SIMPLE_INSTRUMENT;EFP_FIN;EUR;10;117.78000000;461;EXCHANGE_LAST;;1;1;XEUR;11820365;636;
10.04.2025;11:40:32.484;FBTP SI 20250606 PS;SIMPLE_INSTRUMENT;EFP_FIN;EUR;11;117.84000000;96;EXCHANGE_LAST;;1;1;XEUR;11820365;636;
10.04.2025;11:51:13.679;FBTP SI 20250606 PS;SIMPLE_INSTRUMENT;EFP_FIN;EUR;12;117.80000000;144;EXCHANGE_LAST;;1;1;XEUR;11820365;636;
10.04.2025;11:51:34.202;FBTP SI 20250606 PS;SIMPLE_INSTRUMENT;EFP_FIN;EUR;13;117.80000000;479;EXCHANGE_LAST;;1;1;XEUR;11820365;636;
10.04.2025;11:54:07.552;FBTP SI 20250606 PS;SIMPLE_INSTRUMENT;BLOCK;EUR;14;117.91000000;1162;EXCHANGE_LAST;;1;1;XEUR;11820365;636;
10.04.2025;12:23:00.690;FBTP SI 20250606 PS;SIMPLE_INSTRUMENT;EFP_FIN;EUR;15;117.94000000;349;EXCHANGE_LAST;;1;1;XEUR;11820365;636;
10.04.2025;12:25:28.461;FBTP SI 20250606 PS;SIMPLE_INSTRUMENT;EFP_FIN;EUR;16;117.93000000;176;EXCHANGE_LAST;;1;1;XEUR;11820365;636;
10.04.2025;12:27:02.791;FBTP SI 20250606 PS;SIMPLE_INSTRUMENT;EFP_FIN;EUR;17;117.93000000;65;EXCHANGE_LAST;;1;1;XEUR;11820365;636;
10.04.2025;12:40:59.571;FBTP SI 20250606 PS;SIMPLE_INSTRUMENT;EFP_FIN;EUR;18;117.78000000;461;EXCHANGE_LAST;;1;1;XEUR;11820365;636;
10.04.2025;13:26:05.114;FBTP SI 20250606 PS;SIMPLE_INSTRUMENT;EFP_FIN;EUR;19;117.84000000;158;EXCHANGE_LAST;;1;1;XEUR;11820365;636;
10.04.2025;13:34:38.642;FBTP SI 20250606 PS;SIMPLE_INSTRUMENT;EFP_FIN;EUR;20;117.84000000;135;EXCHANGE_LAST;;1;1;XEUR;11820365;636;
10.04.2025;13:38:59.263;FBTP SI 20250606 PS;SIMPLE_INSTRUMENT;EFP_FIN;EUR;21;117.82000000;165;EXCHANGE_LAST;;1;1;XEUR;11820365;636;
10.04.2025;14:15:06.574;FBTP SI 20250606 PS;SIMPLE_INSTRUMENT;EFP_FIN;EUR;22;118.18000000;108;EXCHANGE_LAST;;1;1;XEUR;11820365;636;
10.04.2025;14:26:58.545;FBTP SI 20250606 PS;SIMPLE_INSTRUMENT;EFP_FIN;EUR;23;118.16000000;88;EXCHANGE_LAST;;1;1;XEUR;11820365;636;
10.04.2025;14:40:40.207;FBTP SI 20250606 PS;SIMPLE_INSTRUMENT;EFP_FIN;EUR;24;118.11000000;728;EXCHANGE_LAST;;1;1;XEUR;11820365;636;
10.04.2025;14:43:32.389;FBTP SI 20250606 PS;SIMPLE_INSTRUMENT;EFP_FIN;EUR;25;118.06000000;663;EXCHANGE_LAST;;1;1;XEUR;11820365;636;
10.04.2025;14:47:40.633;FBTP SI 20250606 PS;SIMPLE_INSTRUMENT;EFP_FIN;EUR;26;118.10000000;109;EXCHANGE_LAST;;1;1;XEUR;11820365;636;
10.04.2025;15:03:53.096;FBTP SI 20250606 PS;SIMPLE_INSTRUMENT;EFP_FIN;EUR;27;118.14000000;109;EXCHANGE_LAST;;1;1;XEUR;11820365;636;
10.04.2025;15:05:26.062;FBTP SI 20250606 PS;SIMPLE_INSTRUMENT;EFP_FIN;EUR;28;118.14000000;96;EXCHANGE_LAST;;1;1;XEUR;11820365;636;
10.04.2025;15:09:38.970;FBTP SI 20250606 PS;SIMPLE_INSTRUMENT;BLOCK;EUR;29;118.12000000;405;EXCHANGE_LAST;;1;1;XEUR;11820365;636;
10.04.2025;15:42:08.122;FBTP SI 20250606 PS;SIMPLE_INSTRUMENT;BLOCK;EUR;30;118.10000000;264;EXCHANGE_LAST;;1;1;XEUR;11820365;636;
10.04.2025;08:33:28.221;FBTS SI 20250606 PS;SIMPLE_INSTRUMENT;EFP_FIN;EUR;8;107.79000000;469;EXCHANGE_LAST;;1;1;XEUR;11820367;639;
10.04.2025;08:42:33.438;FBTS SI 20250606 PS;SIMPLE_INSTRUMENT;BLOCK;EUR;9;107.83000000;2856;EXCHANGE_LAST;;1;1;XEUR;11820367;639;
10.04.2025;11:13:50.510;FBTS SI 20250606 PS;SIMPLE_INSTRUMENT;BLOCK;EUR;20;107.78000000;476;EXCHANGE_LAST;;1;1;XEUR;11820367;639;
10.04.2025;11:22:33.646;FBTS SI 20250606 PS;SIMPLE_INSTRUMENT;EFP_FIN;EUR;21;107.78000000;238;EXCHANGE_LAST;;1;1;XEUR;11820367;639;
10.04.2025;11:54:17.638;FBTS SI 20250606 PS;SIMPLE_INSTRUMENT;EFP_FIN;EUR;22;107.78000000;203;EXCHANGE_LAST;;1;1;XEUR;11820367;639;
10.04.2025;12:12:58.036;FBTS SI 20250606 PS;SIMPLE_INSTRUMENT;BLOCK;EUR;23;107.82000000;8642;EXCHANGE_LAST;;1;1;XEUR;11820367;639;
10.04.2025;14:15:47.372;FBTS SI 20250606 PS;SIMPLE_INSTRUMENT;BLOCK;EUR;26;107.83000000;325;EXCHANGE_LAST;;1;1;XEUR;11820367;639;
10.04.2025;12:36:34.698;FCBU SI 20250505 CS;SIMPLE_INSTRUMENT;BLOCK;USD;4;0.17010000;300;EXCHANGE_LAST;;1;1;XEUR;11129772;570870;
10.04.2025;15:35:23.284;FCBU SI 20250505 CS;SIMPLE_INSTRUMENT;BLOCK;USD;12;0.16810000;300;EXCHANGE_LAST;;1;1;XEUR;11129772;570870;
10.04.2025;15:33:52.322;FCDK SI 20250616 PS;SIMPLE_INSTRUMENT;BLOCK;DKK;11;7.45908000;135;EXCHANGE_LAST;;1;1;XEUR;7879246;402917;
10.04.2025;15:21:23.840;FCEU SI 20250616 PS;SIMPLE_INSTRUMENT;BLOCK;USD;5;1.12243000;381;EXCHANGE_LAST;;1;1;XEUR;7879022;369376;
10.04.2025;15:21:36.740;FCEU SI 20250616 PS;SIMPLE_INSTRUMENT;BLOCK;USD;6;1.12243000;853;EXCHANGE_LAST;;1;1;XEUR;7879022;369376;
10.04.2025;15:21:49.694;FCEU SI 20250616 PS;SIMPLE_INSTRUMENT;BLOCK;USD;7;1.12243000;1154;EXCHANGE_LAST;;1;1;XEUR;7879022;369376;
10.04.2025;15:22:02.334;FCEU SI 20250616 PS;SIMPLE_INSTRUMENT;BLOCK;USD;8;1.12243000;89;EXCHANGE_LAST;;1;1;XEUR;7879022;369376;
10.04.2025;15:22:12.850;FCEU SI 20250616 PS;SIMPLE_INSTRUMENT;BLOCK;USD;9;1.12243000;652;EXCHANGE_LAST;;1;1;XEUR;7879022;369376;
10.04.2025;15:27:53.924;FCEY SI 20250616 PS;SIMPLE_INSTRUMENT;BLOCK;JPY;10;161.12300000;1137;EXCHANGE_LAST;;1;1;XEUR;7878722;369363;
10.04.2025;06:33:51.064;FCMU SI 20250616 CS;SIMPLE_INSTRUMENT;BLOCK;USD;1;0.04875000;100;EXCHANGE_LAST;;1;1;XEUR;11855448;570874;
10.04.2025;07:02:02.937;FCXB SI 20250627 CS;SIMPLE_INSTRUMENT;BLOCK;USD;1;120.59000000;33;EXCHANGE_LAST;;1;1;XEUR;7968456;23778;
10.04.2025;07:02:34.594;FCXB SI 20250627 CS;SIMPLE_INSTRUMENT;BLOCK;USD;2;120.58000000;25;EXCHANGE_LAST;;1;1;XEUR;7968456;23778;
10.04.2025;07:43:48.632;FCZU SI 20250616 CS;SIMPLE_INSTRUMENT;BLOCK;USD;2;0.05155000;150;EXCHANGE_LAST;;1;1;XEUR;11855446;570872;
10.04.2025;12:26:37.011;FCZU SI 20250616 CS;SIMPLE_INSTRUMENT;BLOCK;USD;3;0.05132000;100;EXCHANGE_LAST;;1;1;XEUR;11855446;570872;
10.04.2025;11:46:00.966;FDAX SI 20250620 CS;SIMPLE_INSTRUMENT;EFP_IDX;EUR;1;20915.00000000;69;EXCHANGE_LAST;;1;1;XEUR;7903800;589;
10.04.2025;11:44:42.819;FDAX SI 20250620 CS;SIMPLE_INSTRUMENT;EFP_IDX;EUR;2;20930.00000000;100;EXCHANGE_LAST;;1;1;XEUR;7903800;589;
10.04.2025;11:44:38.888;FDAX SI 20250620 CS;SIMPLE_INSTRUMENT;EFP_IDX;EUR;3;20915.00000000;150;EXCHANGE_LAST;;1;1;XEUR;7903800;589;
10.04.2025;11:53:35.776;FDAX SI 20250620 CS;SIMPLE_INSTRUMENT;EFP_IDX;EUR;4;20995.00000000;125;EXCHANGE_LAST;;1;1;XEUR;7903800;589;
10.04.2025;15:48:28.175;FDAX SI 20250620 CS;SIMPLE_INSTRUMENT;EFP_IDX;EUR;5;20730.00000000;185;EXCHANGE_LAST;;1;1;XEUR;7903800;589;
10.04.2025;16:09:47.723;FDAX SI 20250620 CS;SIMPLE_INSTRUMENT;EFP_IDX;EUR;6;20700.00000000;200;EXCHANGE_LAST;;1;1;XEUR;7903800;589;
10.04.2025;07:59:59.251;FDAX SI 20250620 CS;SIMPLE_INSTRUMENT;VOLA;EUR;671088648;21160.00000000;76;EXCHANGE_LAST;;1;1;XEUR;7903800;589;
10.04.2025;08:42:17.225;FDAX SI 20250620 CS;SIMPLE_INSTRUMENT;VOLA;EUR;671088652;21020.00000000;10;EXCHANGE_LAST;;1;1;XEUR;7903800;589;
10.04.2025;09:02:41.694;FDAX SI 20250620 CS;SIMPLE_INSTRUMENT;VOLA;EUR;671088656;20960.00000000;23;EXCHANGE_LAST;;1;1;XEUR;7903800;589;
10.04.2025;09:24:15.018;FDAX SI 20250620 CS;SIMPLE_INSTRUMENT;VOLA;EUR;671088665;20950.00000000;65;EXCHANGE_LAST;;1;1;XEUR;7903800;589;
10.04.2025;09:24:36.915;FDAX SI 20250620 CS;SIMPLE_INSTRUMENT;VOLA;EUR;671088666;20915.00000000;15;EXCHANGE_LAST;;1;1;XEUR;7903800;589;
10.04.2025;11:13:04.648;FDAX SI 20250620 CS;SIMPLE_INSTRUMENT;VOLA;EUR;671088682;20981.00000000;5;EXCHANGE_LAST;;1;1;XEUR;7903800;589;
10.04.2025;13:21:43.129;FDAX SI 20250620 CS;SIMPLE_INSTRUMENT;VOLA;EUR;671088695;20885.00000000;30;EXCHANGE_LAST;;1;1;XEUR;7903800;589;
10.04.2025;13:40:15.933;FDAX SI 20250620 CS;SIMPLE_INSTRUMENT;VOLA;EUR;671088698;20900.00000000;29;EXCHANGE_LAST;;1;1;XEUR;7903800;589;
10.04.2025;14:59:16.264;FDAX SI 20250620 CS;SIMPLE_INSTRUMENT;VOLA;EUR;671088703;20900.00000000;52;EXCHANGE_LAST;;1;1;XEUR;7903800;589;
10.04.2025;07:26:22.536;FEBD SI 20261218 CS;SIMPLE_INSTRUMENT;BLOCK;EUR;2;9.78000000;50;EXCHANGE_LAST;;1;1;XEUR;7158212;597;
10.04.2025;08:27:22.485;FEBD SI 20271217 CS;SIMPLE_INSTRUMENT;BLOCK;EUR;7;8.70000000;300;EXCHANGE_LAST;;1;1;XEUR;7776307;597;
10.04.2025;09:33:02.458;FEBD SI 20261218 CS;SIMPLE_INSTRUMENT;BLOCK;EUR;25;9.70000000;2800;EXCHANGE_LAST;;1;1;XEUR;7158212;597;
10.04.2025;09:57:14.247;FEBD SI 20261218 CS;SIMPLE_INSTRUMENT;BLOCK;EUR;30;9.70000000;750;EXCHANGE_LAST;;1;1;XEUR;7158212;597;
10.04.2025;10:45:51.269;FEBD SI 20261218 CS;SIMPLE_INSTRUMENT;BLOCK;EUR;38;9.70000000;400;EXCHANGE_LAST;;2;2;XEUR;7158212;597;
10.04.2025;13:12:15.778;FEBD SI 20261218 CS;SIMPLE_INSTRUMENT;BLOCK;EUR;64;9.57000000;325;EXCHANGE_LAST;;1;1;XEUR;7158212;597;
10.04.2025;13:12:24.729;FEBD SI 20261218 CS;SIMPLE_INSTRUMENT;BLOCK;EUR;65;9.58000000;325;EXCHANGE_LAST;;1;1;XEUR;7158212;597;
10.04.2025;13:16:03.507;FEBD SI 20261218 CS;SIMPLE_INSTRUMENT;BLOCK;EUR;68;9.55000000;392;EXCHANGE_LAST;;1;1;XEUR;7158212;597;
10.04.2025;13:41:27.485;FEBD SI 20261218 CS;SIMPLE_INSTRUMENT;BLOCK;EUR;69;9.70000000;2000;EXCHANGE_LAST;;1;1;XEUR;7158212;597;
10.04.2025;13:47:24.441;FEBD SI 20261218 CS;SIMPLE_INSTRUMENT;BLOCK;EUR;75;9.67000000;400;EXCHANGE_LAST;;1;1;XEUR;7158212;597;
10.04.2025;14:33:54.800;FEBD SI 20261218 CS;SIMPLE_INSTRUMENT;BLOCK;EUR;78;9.64000000;400;EXCHANGE_LAST;;2;1;XEUR;7158212;597;
10.04.2025;14:54:19.099;FEBD SI 20261218 CS;SIMPLE_INSTRUMENT;BLOCK;EUR;83;9.62000000;1350;EXCHANGE_LAST;;3;1;XEUR;7158212;597;
10.04.2025;15:22:42.126;FEBD SI 20261218 CS;SIMPLE_INSTRUMENT;BLOCK;EUR;92;9.61000000;125;EXCHANGE_LAST;;1;1;XEUR;7158212;597;
10.04.2025;15:22:50.693;FEBD SI 20261218 CS;SIMPLE_INSTRUMENT;BLOCK;EUR;93;9.62000000;125;EXCHANGE_LAST;;1;1;XEUR;7158212;597;
10.04.2025;15:34:31.727;FEBD SI 20271217 CS;SIMPLE_INSTRUMENT;BLOCK;EUR;96;8.60000000;500;EXCHANGE_LAST;;1;1;XEUR;7776307;597;
10.04.2025;15:36:51.654;FEBD SI 20261218 CS;SIMPLE_INSTRUMENT;BLOCK;EUR;101;9.59000000;100;EXCHANGE_LAST;;1;1;XEUR;7158212;597;
10.04.2025;15:37:09.762;FEBD SI 20261218 CS;SIMPLE_INSTRUMENT;BLOCK;EUR;102;9.60000000;100;EXCHANGE_LAST;;1;1;XEUR;7158212;597;
10.04.2025;15:45:55.581;FEBD SI 20271217 CS;SIMPLE_INSTRUMENT;BLOCK;EUR;105;8.58000000;250;EXCHANGE_LAST;;1;1;XEUR;7776307;597;
10.04.2025;15:58:01.528;FEBD SI 20271217 CS;SIMPLE_INSTRUMENT;BLOCK;EUR;106;8.58000000;250;EXCHANGE_LAST;;1;1;XEUR;7776307;597;
10.04.2025;15:49:28.775;FEBD SI 20261218 CS;SIMPLE_INSTRUMENT;BLOCK;EUR;114;9.58000000;250;EXCHANGE_LAST;;1;1;XEUR;7158212;597;
10.04.2025;15:55:07.327;FEBD SI 20261218 CS;SIMPLE_INSTRUMENT;BLOCK;EUR;123;9.58000000;250;EXCHANGE_LAST;;1;1;XEUR;7158212;597;
10.04.2025;07:24:25.415;FECX SI 20250620 CS;SIMPLE_INSTRUMENT;BLOCK;EUR;1;165.82000000;80;EXCHANGE_LAST;;1;1;XEUR;11949125;410158;
10.04.2025;07:30:08.571;FECX SI 20250620 CS;SIMPLE_INSTRUMENT;BLOCK;EUR;3;166.03000000;100;EXCHANGE_LAST;;1;1;XEUR;11949125;410158;
10.04.2025;08:37:11.302;FECX SI 20250620 CS;SIMPLE_INSTRUMENT;BLOCK;EUR;9;165.37000000;50;EXCHANGE_LAST;;1;1;XEUR;11949125;410158;
10.04.2025;11:26:36.053;FECX SI 20250620 CS;SIMPLE_INSTRUMENT;BLOCK;EUR;50;165.26000000;150;EXCHANGE_LAST;;1;1;XEUR;11949125;410158;
10.04.2025;12:37:46.255;FECX SI 20250620 CS;SIMPLE_INSTRUMENT;BLOCK;EUR;58;165.44000000;39;EXCHANGE_LAST;;1;1;XEUR;11949125;410158;
10.04.2025;15:51:53.556;FEDV SI 20250620 CS;SIMPLE_INSTRUMENT;EFP_IDX;EUR;121;1694.00000000;714;EXCHANGE_LAST;;1;1;XEUR;11880642;596;
10.04.2025;15:52:15.745;FEDV SI 20250620 CS;SIMPLE_INSTRUMENT;EFP_IDX;EUR;122;1694.50000000;136;EXCHANGE_LAST;;1;1;XEUR;11880642;596;
10.04.2025;08:44:45.709;FEHY SI 20250620 CS;SIMPLE_INSTRUMENT;BLOCK;EUR;8;293.30000000;170;EXCHANGE_LAST;;1;1;XEUR;11949378;574047;
10.04.2025;08:47:37.832;FEHY SI 20250620 CS;SIMPLE_INSTRUMENT;BLOCK;EUR;12;292.62000000;296;EXCHANGE_LAST;;1;1;XEUR;11949378;574047;
10.04.2025;11:32:06.688;FEHY SI 20250620 CS;SIMPLE_INSTRUMENT;BLOCK;EUR;52;292.50000000;270;EXCHANGE_LAST;;1;1;XEUR;11949378;574047;
10.04.2025;15:19:15.979;FES1 SI 20250620 PS;SIMPLE_INSTRUMENT;BLOCK;EUR;89;-60.20000000;400;EXCHANGE_LAST;;1;1;XEUR;11910814;58959;
10.04.2025;09:29:26.983;FESB SI 20250620 CS;SIMPLE_INSTRUMENT;BLOCK;EUR;50;165.90000000;3100;EXCHANGE_LAST;;1;1;XEUR;11880665;605;
10.04.2025;15:51:15.038;FESB SI 20250620 CS;SIMPLE_INSTRUMENT;EFP_IDX;EUR;68;163.00000000;80;EXCHANGE_LAST;;1;1;XEUR;11880665;605;
10.04.2025;15:51:23.039;FESB SI 20250620 CS;SIMPLE_INSTRUMENT;EFP_IDX;EUR;69;163.05000000;53;EXCHANGE_LAST;;1;1;XEUR;11880665;605;
10.04.2025;15:55:59.491;FESB SI 20250620 CS;SIMPLE_INSTRUMENT;EFP_IDX;EUR;70;163.05000000;3300;EXCHANGE_LAST;;1;1;XEUR;11880665;605;
10.04.2025;10:28:17.515;FESB SI 20250620 CS;SIMPLE_INSTRUMENT;VOLA;EUR;603979812;166.40000000;3128;EXCHANGE_LAST;;1;1;XEUR;11880665;605;
10.04.2025;11:39:29.640;FESB SI 20250620 CS;SIMPLE_INSTRUMENT;VOLA;EUR;603979823;166.30000000;120;EXCHANGE_LAST;;1;1;XEUR;11880665;605;
10.04.2025;12:15:27.781;FESB SI 20250620 CS;SIMPLE_INSTRUMENT;VOLA;EUR;603979830;165.55000000;1500;EXCHANGE_LAST;;1;1;XEUR;11880665;605;
10.04.2025;07:25:43.683;FESX SI 20250620 CS;SIMPLE_INSTRUMENT;BLOCK;EUR;1;4918.00000000;20000;EXCHANGE_LAST;;1;1;XEUR;7904020;675;
10.04.2025;09:18:31.174;FESX SI 20250620 CS;SIMPLE_INSTRUMENT;BLOCK;EUR;2;4828.00000000;5000;EXCHANGE_LAST;;1;1;XEUR;7904020;675;
10.04.2025;09:26:57.960;FESX SI 20250620 CS;SIMPLE_INSTRUMENT;BLOCK;EUR;3;4804.00000000;4945;EXCHANGE_LAST;;1;1;XEUR;7904020;675;
10.04.2025;12:01:40.283;FESX SI 20250620 CS;SIMPLE_INSTRUMENT;BLOCK;EUR;4;4828.00000000;2000;EXCHANGE_LAST;;1;1;XEUR;7904020;675;
10.04.2025;12:36:24.934;FESX SI 20250620 CS;SIMPLE_INSTRUMENT;BLOCK;EUR;5;4840.00000000;2500;EXCHANGE_LAST;;1;1;XEUR;7904020;675;
10.04.2025;12:57:00.846;FESX SI 20250620 CS;SIMPLE_INSTRUMENT;EFP_IDX;EUR;6;4840.00000000;1000;EXCHANGE_LAST;;1;1;XEUR;7904020;675;
10.04.2025;15:40:05.654;FESX SI 20250620 CS;SIMPLE_INSTRUMENT;EFP_IDX;EUR;9;4759.00000000;1590;EXCHANGE_LAST;;1;1;XEUR;7904020;675;
10.04.2025;15:40:25.269;FESX SI 20250620 CS;SIMPLE_INSTRUMENT;EFP_IDX;EUR;10;4758.00000000;410;EXCHANGE_LAST;;1;1;XEUR;7904020;675;
10.04.2025;15:49:43.186;FESX SI 20250620 CS;SIMPLE_INSTRUMENT;EFP_IDX;EUR;11;4758.00000000;65;EXCHANGE_LAST;;1;1;XEUR;7904020;675;
10.04.2025;15:49:59.357;FESX SI 20250620 CS;SIMPLE_INSTRUMENT;EFP_IDX;EUR;12;4759.00000000;47;EXCHANGE_LAST;;1;1;XEUR;7904020;675;
10.04.2025;15:44:15.450;FESX SI 20250620 CS;SIMPLE_INSTRUMENT;BLOCK;EUR;13;4780.00000000;3000;EXCHANGE_LAST;;1;1;XEUR;7904020;675;
10.04.2025;15:48:43.607;FESX SI 20250620 CS;SIMPLE_INSTRUMENT;EFP_IDX;EUR;14;4759.00000000;164;EXCHANGE_LAST;;1;1;XEUR;7904020;675;
10.04.2025;15:48:55.487;FESX SI 20250620 CS;SIMPLE_INSTRUMENT;EFP_IDX;EUR;15;4759.00000000;1590;EXCHANGE_LAST;;1;1;XEUR;7904020;675;
10.04.2025;15:49:00.824;FESX SI 20250620 CS;SIMPLE_INSTRUMENT;EFP_IDX;EUR;16;4758.00000000;36;EXCHANGE_LAST;;1;1;XEUR;7904020;675;
10.04.2025;15:49:08.941;FESX SI 20250620 CS;SIMPLE_INSTRUMENT;EFP_IDX;EUR;17;4758.00000000;410;EXCHANGE_LAST;;1;1;XEUR;7904020;675;
10.04.2025;15:49:49.941;FESX SI 20250620 CS;SIMPLE_INSTRUMENT;EFP_IDX;EUR;18;4758.00000000;86;EXCHANGE_LAST;;1;1;XEUR;7904020;675;
10.04.2025;15:50:02.661;FESX SI 20250620 CS;SIMPLE_INSTRUMENT;EFP_IDX;EUR;19;4759.00000000;134;EXCHANGE_LAST;;1;1;XEUR;7904020;675;
10.04.2025;15:54:10.147;FESX SI 20250620 CS;SIMPLE_INSTRUMENT;EFP_IDX;EUR;20;4758.00000000;160;EXCHANGE_LAST;;1;1;XEUR;7904020;675;
10.04.2025;15:54:00.320;FESX SI 20250620 CS;SIMPLE_INSTRUMENT;EFP_IDX;EUR;21;4759.00000000;1840;EXCHANGE_LAST;;1;1;XEUR;7904020;675;
10.04.2025;15:51:29.592;FESX SI 20250620 CS;SIMPLE_INSTRUMENT;EFP_IDX;EUR;22;4758.00000000;307;EXCHANGE_LAST;;1;1;XEUR;7904020;675;
10.04.2025;15:51:39.445;FESX SI 20250620 CS;SIMPLE_INSTRUMENT;EFP_IDX;EUR;23;4759.00000000;1193;EXCHANGE_LAST;;1;1;XEUR;7904020;675;
10.04.2025;15:52:40.707;FESX SI 20250620 CS;SIMPLE_INSTRUMENT;EFP_IDX;EUR;24;4758.00000000;160;EXCHANGE_LAST;;1;1;XEUR;7904020;675;
10.04.2025;15:53:11.592;FESX SI 20250620 CS;SIMPLE_INSTRUMENT;EFP_IDX;EUR;25;4759.00000000;1840;EXCHANGE_LAST;;1;1;XEUR;7904020;675;
10.04.2025;15:53:42.398;FESX SI 20250620 CS;SIMPLE_INSTRUMENT;EFP_IDX;EUR;26;4758.00000000;40;EXCHANGE_LAST;;1;1;XEUR;7904020;675;
10.04.2025;15:54:09.080;FESX SI 20250620 CS;SIMPLE_INSTRUMENT;EFP_IDX;EUR;27;4759.00000000;460;EXCHANGE_LAST;;1;1;XEUR;7904020;675;
10.04.2025;15:55:31.218;FESX SI 20250620 CS;SIMPLE_INSTRUMENT;EFP_IDX;EUR;28;4759.00000000;2005;EXCHANGE_LAST;;1;1;XEUR;7904020;675;
10.04.2025;15:55:44.537;FESX SI 20250620 CS;SIMPLE_INSTRUMENT;EFP_IDX;EUR;29;4760.00000000;95;EXCHANGE_LAST;;1;1;XEUR;7904020;675;
10.04.2025;15:55:15.357;FESX SI 20250620 CS;SIMPLE_INSTRUMENT;EFP_IDX;EUR;30;4759.00000000;955;EXCHANGE_LAST;;1;1;XEUR;7904020;675;
10.04.2025;15:58:59.197;FESX SI 20250620 CS;SIMPLE_INSTRUMENT;EFP_IDX;EUR;32;4760.00000000;45;EXCHANGE_LAST;;1;1;XEUR;7904020;675;
10.04.2025;07:52:46.306;FESX SI 20250620 CS;SIMPLE_INSTRUMENT;VOLA;EUR;637534230;4860.00000000;700;EXCHANGE_LAST;;1;1;XEUR;7904020;675;
10.04.2025;08:19:13.641;FESX SI 20250620 CS;SIMPLE_INSTRUMENT;VOLA;EUR;637534242;4830.00000000;1500;EXCHANGE_LAST;;1;1;XEUR;7904020;675;
10.04.2025;09:33:35.785;FESX SI 20250620 CS;SIMPLE_INSTRUMENT;VOLA;EUR;637534304;4805.00000000;360;EXCHANGE_LAST;;1;1;XEUR;7904020;675;
10.04.2025;09:36:23.474;FESX SI 20250620 CS;SIMPLE_INSTRUMENT;VOLA;EUR;637534311;4800.00000000;70;EXCHANGE_LAST;;1;1;XEUR;7904020;675;
10.04.2025;09:45:46.902;FESX SI 20250620 CS;SIMPLE_INSTRUMENT;VOLA;EUR;637534326;4815.00000000;420;EXCHANGE_LAST;;1;1;XEUR;7904020;675;
10.04.2025;09:50:58.997;FESX SI 20250620 CS;SIMPLE_INSTRUMENT;VOLA;EUR;637534331;4820.00000000;90;EXCHANGE_LAST;;1;1;XEUR;7904020;675;
10.04.2025;10:11:37.003;FESX SI 20250620 CS;SIMPLE_INSTRUMENT;VOLA;EUR;637534342;4800.00000000;1;EXCHANGE_LAST;;1;1;XEUR;7904020;675;
10.04.2025;10:41:39.956;FESX SI 20250620 CS;SIMPLE_INSTRUMENT;VOLA;EUR;637534357;4820.00000000;560;EXCHANGE_LAST;;1;1;XEUR;7904020;675;
10.04.2025;10:50:27.742;FESX SI 20250620 CS;SIMPLE_INSTRUMENT;VOLA;EUR;637534365;4820.00000000;220;EXCHANGE_LAST;;1;1;XEUR;7904020;675;
10.04.2025;10:51:14.189;FESX SI 20250620 CS;SIMPLE_INSTRUMENT;VOLA;EUR;637534367;4838.00000000;130;EXCHANGE_LAST;;1;1;XEUR;7904020;675;
10.04.2025;10:51:16.735;FESX SI 20250620 CS;SIMPLE_INSTRUMENT;VOLA;EUR;637534368;4838.00000000;130;EXCHANGE_LAST;;1;1;XEUR;7904020;675;
10.04.2025;11:32:58.768;FESX SI 20250620 CS;SIMPLE_INSTRUMENT;VOLA;EUR;637534399;4835.00000000;500;EXCHANGE_LAST;;1;1;XEUR;7904020;675;
10.04.2025;12:14:31.970;FESX SI 20250620 CS;SIMPLE_INSTRUMENT;VOLA;EUR;637534417;4820.00000000;75;EXCHANGE_LAST;;1;1;XEUR;7904020;675;
10.04.2025;12:23:26.053;FESX SI 20250620 CS;SIMPLE_INSTRUMENT;VOLA;EUR;637534421;4808.00000000;451;EXCHANGE_LAST;;1;1;XEUR;7904020;675;
10.04.2025;13:04:46.769;FESX SI 20250620 CS;SIMPLE_INSTRUMENT;VOLA;EUR;637534441;4810.00000000;62;EXCHANGE_LAST;;1;1;XEUR;7904020;675;
10.04.2025;14:42:09.038;FESX SI 20250620 CS;SIMPLE_INSTRUMENT;VOLA;EUR;637534480;4805.00000000;440;EXCHANGE_LAST;;1;1;XEUR;7904020;675;
10.04.2025;14:43:42.598;FESX SI 20250620 CS;SIMPLE_INSTRUMENT;VOLA;EUR;637534484;4800.00000000;595;EXCHANGE_LAST;;1;1;XEUR;7904020;675;
10.04.2025;14:48:15.967;FESX SI 20250620 CS;SIMPLE_INSTRUMENT;VOLA;EUR;637534489;4808.00000000;1925;EXCHANGE_LAST;;1;1;XEUR;7904020;675;
10.04.2025;15:04:14.042;FESX SI 20250620 CS;SIMPLE_INSTRUMENT;VOLA;EUR;637534493;4790.00000000;324;EXCHANGE_LAST;;1;1;XEUR;7904020;675;
10.04.2025;15:30:09.290;FESX SI 20250620 CS;SIMPLE_INSTRUMENT;VOLA;EUR;637534519;4800.00000000;60;EXCHANGE_LAST;;1;1;XEUR;7904020;675;
10.04.2025;15:42:23.357;FESX SI 20250620 CS;SIMPLE_INSTRUMENT;VOLA;EUR;637534530;4780.00000000;200;EXCHANGE_LAST;;1;1;XEUR;7904020;675;
10.04.2025;08:14:53.301;FEXD.S.DEC26.DEC27.SPD;FUTURES_SPREAD;BLOCK;EUR;4;6.00000000;650;EXCHANGE_LAST;;2;1;XEUR;72060570450264153;693;
10.04.2025;08:14:53.301;FEXD SI 20261218 CS;SIMPLE_INSTRUMENT;BLOCK;EUR;4;149.50000000;650;PRC_DECOMP_MEMBER;;;;XEUR;2163053;693;MEMBER
10.04.2025;08:14:53.301;FEXD SI 20271217 CS;SIMPLE_INSTRUMENT;BLOCK;EUR;4;143.50000000;650;PRC_DECOMP_MEMBER;;;;XEUR;2848338;693;MEMBER
10.04.2025;08:22:06.231;FEXD SI 20261218 CS;SIMPLE_INSTRUMENT;BLOCK;EUR;5;147.90000000;700;EXCHANGE_LAST;;1;1;XEUR;2163053;693;
10.04.2025;08:57:54.566;FEXD SI 20261218 CS;SIMPLE_INSTRUMENT;BLOCK;EUR;13;146.90000000;800;EXCHANGE_LAST;;1;1;XEUR;2163053;693;
10.04.2025;09:04:58.964;FEXD.S.DEC26.DEC28.SPD;FUTURES_SPREAD;BLOCK;EUR;17;9.70000000;1000;EXCHANGE_LAST;;1;1;XEUR;72060570450264161;693;
10.04.2025;09:04:58.964;FEXD SI 20261218 CS;SIMPLE_INSTRUMENT;BLOCK;EUR;17;147.00000000;1000;PRC_DECOMP_MEMBER;;;;XEUR;2163053;693;MEMBER
10.04.2025;09:04:58.964;FEXD SI 20281215 CS;SIMPLE_INSTRUMENT;BLOCK;EUR;17;137.30000000;1000;PRC_DECOMP_MEMBER;;;;XEUR;3680985;693;MEMBER
10.04.2025;09:10:05.837;FEXD SI 20261218 CS;SIMPLE_INSTRUMENT;BLOCK;EUR;18;146.60000000;100;EXCHANGE_LAST;;1;1;XEUR;2163053;693;
10.04.2025;09:23:31.641;FEXD SI 20261218 CS;SIMPLE_INSTRUMENT;BLOCK;EUR;22;147.00000000;850;EXCHANGE_LAST;;1;1;XEUR;2163053;693;
10.04.2025;09:32:58.860;FEXD SI 20261218 CS;SIMPLE_INSTRUMENT;BLOCK;EUR;23;147.00000000;250;EXCHANGE_LAST;;1;1;XEUR;2163053;693;
10.04.2025;09:33:08.251;FEXD SI 20271217 CS;SIMPLE_INSTRUMENT;BLOCK;EUR;24;140.80000000;250;EXCHANGE_LAST;;1;1;XEUR;2848338;693;
10.04.2025;10:28:35.388;FEXD SI 20261218 CS;SIMPLE_INSTRUMENT;BLOCK;EUR;32;147.60000000;125;EXCHANGE_LAST;;1;1;XEUR;2163053;693;
10.04.2025;10:34:00.561;FEXD SI 20261218 CS;SIMPLE_INSTRUMENT;BLOCK;EUR;35;147.70000000;2247;EXCHANGE_LAST;;1;1;XEUR;2163053;693;
10.04.2025;10:34:22.216;FEXD SI 20271217 CS;SIMPLE_INSTRUMENT;BLOCK;EUR;37;141.20000000;2247;EXCHANGE_LAST;;1;1;XEUR;2848338;693;
10.04.2025;10:49:10.468;FEXD SI 20271217 CS;SIMPLE_INSTRUMENT;BLOCK;EUR;39;141.50000000;750;EXCHANGE_LAST;;1;1;XEUR;2848338;693;
10.04.2025;10:49:24.715;FEXD SI 20261218 CS;SIMPLE_INSTRUMENT;BLOCK;EUR;40;147.80000000;750;EXCHANGE_LAST;;1;1;XEUR;2163053;693;
10.04.2025;11:22:12.306;FEXD.S.DEC26.DEC28.SPD;FUTURES_SPREAD;BLOCK;EUR;45;10.30000000;300;EXCHANGE_LAST;;1;1;XEUR;72060570450264161;693;
10.04.2025;11:22:12.306;FEXD SI 20281215 CS;SIMPLE_INSTRUMENT;BLOCK;EUR;45;137.40000000;300;PRC_DECOMP_MEMBER;;;;XEUR;3680985;693;MEMBER
10.04.2025;11:22:12.306;FEXD SI 20261218 CS;SIMPLE_INSTRUMENT;BLOCK;EUR;45;147.70000000;300;PRC_DECOMP_MEMBER;;;;XEUR;2163053;693;MEMBER
10.04.2025;11:23:46.136;FEXD.S.DEC27.DEC28.SPD;FUTURES_SPREAD;BLOCK;EUR;46;3.80000000;700;EXCHANGE_LAST;;2;1;XEUR;72060570450264162;693;
10.04.2025;11:23:46.136;FEXD SI 20281215 CS;SIMPLE_INSTRUMENT;BLOCK;EUR;46;137.60000000;700;PRC_DECOMP_MEMBER;;;;XEUR;3680985;693;MEMBER
10.04.2025;11:23:46.136;FEXD SI 20271217 CS;SIMPLE_INSTRUMENT;BLOCK;EUR;46;141.40000000;700;PRC_DECOMP_MEMBER;;;;XEUR;2848338;693;MEMBER
10.04.2025;11:23:57.452;FEXD.S.DEC26.DEC27.SPD;FUTURES_SPREAD;BLOCK;EUR;49;6.30000000;300;EXCHANGE_LAST;;1;1;XEUR;72060570450264153;693;
10.04.2025;11:23:57.452;FEXD SI 20261218 CS;SIMPLE_INSTRUMENT;BLOCK;EUR;49;147.90000000;300;PRC_DECOMP_EXCHANGE;;;;XEUR;2163053;693;EXCHANGE
10.04.2025;11:23:57.452;FEXD SI 20271217 CS;SIMPLE_INSTRUMENT;BLOCK;EUR;49;141.60000000;300;PRC_DECOMP_EXCHANGE;;;;XEUR;2848338;693;EXCHANGE
10.04.2025;11:25:36.556;FEXD.S.DEC26.DEC28.SPD;FUTURES_SPREAD;BLOCK;EUR;51;10.30000000;500;EXCHANGE_LAST;;1;1;XEUR;72060570450264161;693;
10.04.2025;11:25:36.556;FEXD SI 20261218 CS;SIMPLE_INSTRUMENT;BLOCK;EUR;51;147.70000000;500;PRC_DECOMP_MEMBER;;;;XEUR;2163053;693;MEMBER
10.04.2025;11:25:36.556;FEXD SI 20281215 CS;SIMPLE_INSTRUMENT;BLOCK;EUR;51;137.40000000;500;PRC_DECOMP_MEMBER;;;;XEUR;3680985;693;MEMBER
10.04.2025;11:52:35.314;FEXD SI 20261218 CS;SIMPLE_INSTRUMENT;BLOCK;EUR;54;147.60000000;250;EXCHANGE_LAST;;1;1;XEUR;2163053;693;
10.04.2025;13:07:43.843;FEXD SI 20261218 CS;SIMPLE_INSTRUMENT;BLOCK;EUR;59;146.90000000;250;EXCHANGE_LAST;;1;1;XEUR;2163053;693;
10.04.2025;13:33:08.002;FEXD SI 20261218 CS;SIMPLE_INSTRUMENT;BLOCK;EUR;67;146.90000000;100;EXCHANGE_LAST;;1;1;XEUR;2163053;693;
10.04.2025;13:42:13.864;FEXD SI 20261218 CS;SIMPLE_INSTRUMENT;BLOCK;EUR;72;147.00000000;650;EXCHANGE_LAST;;1;1;XEUR;2163053;693;
10.04.2025;13:46:19.783;FEXD SI 20250620 CS;SIMPLE_INSTRUMENT;BLOCK;EUR;73;129.40000000;500;EXCHANGE_LAST;;1;1;XEUR;9548493;693;
10.04.2025;13:47:15.023;FEXD SI 20250620 CS;SIMPLE_INSTRUMENT;BLOCK;EUR;74;129.50000000;500;EXCHANGE_LAST;;1;1;XEUR;9548493;693;
10.04.2025;14:26:51.152;FEXD SI 20261218 CS;SIMPLE_INSTRUMENT;BLOCK;EUR;76;146.50000000;250;EXCHANGE_LAST;;1;1;XEUR;2163053;693;
10.04.2025;14:33:39.881;FEXD.S.DEC26.DEC27.SPD;FUTURES_SPREAD;BLOCK;EUR;77;6.30000000;500;EXCHANGE_LAST;;1;1;XEUR;72060570450264153;693;
10.04.2025;14:33:39.881;FEXD SI 20271217 CS;SIMPLE_INSTRUMENT;BLOCK;EUR;77;140.40000000;500;PRC_DECOMP_MEMBER;;;;XEUR;2848338;693;MEMBER
10.04.2025;14:33:39.881;FEXD SI 20261218 CS;SIMPLE_INSTRUMENT;BLOCK;EUR;77;146.70000000;500;PRC_DECOMP_MEMBER;;;;XEUR;2163053;693;MEMBER
10.04.2025;15:11:39.666;FEXD SI 20281215 CS;SIMPLE_INSTRUMENT;BLOCK;EUR;84;135.20000000;500;EXCHANGE_LAST;;1;2;XEUR;3680985;693;
10.04.2025;15:10:46.574;FEXD SI 20250620 CS;SIMPLE_INSTRUMENT;BLOCK;EUR;85;129.30000000;10000;EXCHANGE_LAST;;1;1;XEUR;9548493;693;
10.04.2025;15:11:57.428;FEXD SI 20250620 CS;SIMPLE_INSTRUMENT;BLOCK;EUR;87;129.40000000;800;EXCHANGE_LAST;;1;1;XEUR;9548493;693;
10.04.2025;15:12:34.050;FEXD SI 20250620 CS;SIMPLE_INSTRUMENT;BLOCK;EUR;88;129.50000000;800;EXCHANGE_LAST;;1;1;XEUR;9548493;693;
10.04.2025;15:34:13.503;FEXD SI 20261218 CS;SIMPLE_INSTRUMENT;BLOCK;EUR;94;145.40000000;500;EXCHANGE_LAST;;1;1;XEUR;2163053;693;
10.04.2025;15:34:25.101;FEXD.S.DEC27.DEC28.SPD;FUTURES_SPREAD;BLOCK;EUR;95;4.00000000;300;EXCHANGE_LAST;;1;1;XEUR;72060570450264162;693;
10.04.2025;15:34:25.101;FEXD SI 20281215 CS;SIMPLE_INSTRUMENT;BLOCK;EUR;95;135.00000000;300;PRC_DECOMP_MEMBER;;;;XEUR;3680985;693;MEMBER
10.04.2025;15:34:25.101;FEXD SI 20271217 CS;SIMPLE_INSTRUMENT;BLOCK;EUR;95;139.00000000;300;PRC_DECOMP_MEMBER;;;;XEUR;2848338;693;MEMBER
10.04.2025;15:34:54.431;FEXD SI 20261218 CS;SIMPLE_INSTRUMENT;BLOCK;EUR;97;145.40000000;500;EXCHANGE_LAST;;1;1;XEUR;2163053;693;
10.04.2025;15:33:59.522;FEXD.S.DEC27.DEC28.SPD;FUTURES_SPREAD;BLOCK;EUR;98;4.00000000;200;EXCHANGE_LAST;;1;1;XEUR;72060570450264162;693;
10.04.2025;15:33:59.522;FEXD SI 20271217 CS;SIMPLE_INSTRUMENT;BLOCK;EUR;98;139.60000000;200;PRC_DECOMP_EXCHANGE;;;;XEUR;2848338;693;EXCHANGE
10.04.2025;15:33:59.522;FEXD SI 20281215 CS;SIMPLE_INSTRUMENT;BLOCK;EUR;98;135.60000000;200;PRC_DECOMP_EXCHANGE;;;;XEUR;3680985;693;EXCHANGE
10.04.2025;15:33:26.445;FEXD SI 20250620 CS;SIMPLE_INSTRUMENT;BLOCK;EUR;99;129.50000000;700;EXCHANGE_LAST;;1;1;XEUR;9548493;693;
10.04.2025;15:33:37.957;FEXD SI 20250620 CS;SIMPLE_INSTRUMENT;BLOCK;EUR;100;129.40000000;700;EXCHANGE_LAST;;1;1;XEUR;9548493;693;
10.04.2025;15:37:07.908;FEXD SI 20261218 CS;SIMPLE_INSTRUMENT;BLOCK;EUR;103;146.30000000;250;EXCHANGE_LAST;;1;1;XEUR;2163053;693;
10.04.2025;15:54:52.505;FEXD SI 20261218 CS;SIMPLE_INSTRUMENT;BLOCK;EUR;124;144.00000000;100;EXCHANGE_LAST;;1;1;XEUR;2163053;693;
10.04.2025;15:55:36.780;FEXD SI 20271217 CS;SIMPLE_INSTRUMENT;BLOCK;EUR;125;137.00000000;100;EXCHANGE_LAST;;1;1;XEUR;2848338;693;
10.04.2025;16:17:05.190;FEXD SI 20261218 CS;SIMPLE_INSTRUMENT;BLOCK;EUR;139;144.00000000;100;EXCHANGE_LAST;;1;1;XEUR;2163053;693;
10.04.2025;16:17:13.938;FEXD SI 20271217 CS;SIMPLE_INSTRUMENT;BLOCK;EUR;140;136.50000000;100;EXCHANGE_LAST;;1;1;XEUR;2848338;693;
10.04.2025;06:36:53.741;FGBL SI 20250606 PS;SIMPLE_INSTRUMENT;EFS;EUR;1;129.19000000;994;EXCHANGE_LAST;;1;1;XEUR;11820389;688;
10.04.2025;06:38:05.576;FGBL SI 20250606 PS;SIMPLE_INSTRUMENT;EFS;EUR;2;129.35000000;248;EXCHANGE_LAST;;1;1;XEUR;11820389;688;
10.04.2025;06:42:18.600;FGBL SI 20250606 PS;SIMPLE_INSTRUMENT;EFS;EUR;3;129.37000000;248;EXCHANGE_LAST;;1;1;XEUR;11820389;688;
10.04.2025;06:42:13.968;FGBL SI 20250606 PS;SIMPLE_INSTRUMENT;EFS;EUR;4;129.35000000;49;EXCHANGE_LAST;;1;1;XEUR;11820389;688;
10.04.2025;06:46:40.819;FGBL SI 20250606 PS;SIMPLE_INSTRUMENT;EFS;EUR;5;129.35000000;745;EXCHANGE_LAST;;1;1;XEUR;11820389;688;
10.04.2025;06:56:37.143;FGBL SI 20250606 PS;SIMPLE_INSTRUMENT;EFS;EUR;6;129.25000000;100;EXCHANGE_LAST;;1;1;XEUR;11820389;688;
10.04.2025;06:59:45.169;FGBL SI 20250606 PS;SIMPLE_INSTRUMENT;EFP_FIN;EUR;7;129.10000000;317;EXCHANGE_LAST;;1;1;XEUR;11820389;688;
10.04.2025;07:03:48.005;FGBL SI 20250606 PS;SIMPLE_INSTRUMENT;EFS;EUR;8;129.26000000;496;EXCHANGE_LAST;;1;1;XEUR;11820389;688;
10.04.2025;07:03:33.780;FGBL SI 20250606 PS;SIMPLE_INSTRUMENT;EFS;EUR;9;129.31000000;432;EXCHANGE_LAST;;1;1;XEUR;11820389;688;
10.04.2025;07:03:57.574;FGBL SI 20250606 PS;SIMPLE_INSTRUMENT;EFS;EUR;10;129.21000000;272;EXCHANGE_LAST;;1;1;XEUR;11820389;688;
10.04.2025;07:05:20.705;FGBL SI 20250606 PS;SIMPLE_INSTRUMENT;EFS;EUR;11;129.16000000;497;EXCHANGE_LAST;;1;1;XEUR;11820389;688;
10.04.2025;07:08:04.373;FGBL SI 20250606 PS;SIMPLE_INSTRUMENT;EFS;EUR;12;129.53000000;248;EXCHANGE_LAST;;1;1;XEUR;11820389;688;
10.04.2025;07:06:53.272;FGBL SI 20250606 PS;SIMPLE_INSTRUMENT;EFS;EUR;13;129.10000000;230;EXCHANGE_LAST;;1;1;XEUR;11820389;688;
10.04.2025;07:08:17.374;FGBL SI 20250606 PS;SIMPLE_INSTRUMENT;EFS;EUR;14;129.09000000;248;EXCHANGE_LAST;;1;1;XEUR;11820389;688;
10.04.2025;07:10:24.506;FGBL SI 20250606 PS;SIMPLE_INSTRUMENT;EFS;EUR;15;129.30000000;452;EXCHANGE_LAST;;1;1;XEUR;11820389;688;
10.04.2025;07:10:33.184;FGBL SI 20250606 PS;SIMPLE_INSTRUMENT;EFS;EUR;16;129.33000000;453;EXCHANGE_LAST;;1;1;XEUR;11820389;688;
10.04.2025;07:11:03.991;FGBL SI 20250606 PS;SIMPLE_INSTRUMENT;EFS;EUR;17;129.26000000;432;EXCHANGE_LAST;;1;1;XEUR;11820389;688;
10.04.2025;07:11:17.691;FGBL SI 20250606 PS;SIMPLE_INSTRUMENT;EFS;EUR;18;129.33000000;248;EXCHANGE_LAST;;1;1;XEUR;11820389;688;
10.04.2025;07:11:35.230;FGBL SI 20250606 PS;SIMPLE_INSTRUMENT;EFS;EUR;19;129.28000000;432;EXCHANGE_LAST;;1;1;XEUR;11820389;688;
10.04.2025;07:13:50.039;FGBL SI 20250606 PS;SIMPLE_INSTRUMENT;EFS;EUR;20;129.31000000;432;EXCHANGE_LAST;;1;1;XEUR;11820389;688;
10.04.2025;07:14:04.452;FGBL SI 20250606 PS;SIMPLE_INSTRUMENT;EFS;EUR;21;129.51000000;991;EXCHANGE_LAST;;1;1;XEUR;11820389;688;
10.04.2025;07:14:57.691;FGBL SI 20250606 PS;SIMPLE_INSTRUMENT;EFS;EUR;22;129.36000000;496;EXCHANGE_LAST;;1;1;XEUR;11820389;688;
10.04.2025;07:17:38.872;FGBL SI 20250606 PS;SIMPLE_INSTRUMENT;EFS;EUR;23;129.35000000;452;EXCHANGE_LAST;;1;1;XEUR;11820389;688;
10.04.2025;07:21:39.170;FGBL SI 20250606 PS;SIMPLE_INSTRUMENT;EFS;EUR;24;129.32000000;453;EXCHANGE_LAST;;1;1;XEUR;11820389;688;
10.04.2025;07:22:02.818;FGBL SI 20250606 PS;SIMPLE_INSTRUMENT;EFS;EUR;25;129.39000000;300;EXCHANGE_LAST;;1;1;XEUR;11820389;688;
10.04.2025;07:28:12.060;FGBL SI 20250606 PS;SIMPLE_INSTRUMENT;EFS;EUR;26;129.41000000;248;EXCHANGE_LAST;;1;1;XEUR;11820389;688;
10.04.2025;07:29:23.856;FGBL SI 20250606 PS;SIMPLE_INSTRUMENT;EFS;EUR;27;129.36000000;452;EXCHANGE_LAST;;1;1;XEUR;11820389;688;
10.04.2025;07:33:46.564;FGBL SI 20250606 PS;SIMPLE_INSTRUMENT;EFP_FIN;EUR;28;129.42000000;300;EXCHANGE_LAST;;1;1;XEUR;11820389;688;
10.04.2025;07:34:31.552;FGBL SI 20250606 PS;SIMPLE_INSTRUMENT;EFS;EUR;29;129.39000000;49;EXCHANGE_LAST;;1;1;XEUR;11820389;688;
10.04.2025;07:35:13.048;FGBL SI 20250606 PS;SIMPLE_INSTRUMENT;EFS;EUR;30;129.31000000;452;EXCHANGE_LAST;;1;1;XEUR;11820389;688;
10.04.2025;07:36:31.221;FGBL SI 20250606 PS;SIMPLE_INSTRUMENT;EFS;EUR;31;129.28000000;216;EXCHANGE_LAST;;1;1;XEUR;11820389;688;
10.04.2025;07:37:08.989;FGBL SI 20250606 PS;SIMPLE_INSTRUMENT;EFS;EUR;32;129.28000000;432;EXCHANGE_LAST;;1;1;XEUR;11820389;688;
10.04.2025;07:38:04.360;FGBL SI 20250606 PS;SIMPLE_INSTRUMENT;EFS;EUR;33;129.28000000;216;EXCHANGE_LAST;;1;1;XEUR;11820389;688;
10.04.2025;07:38:29.887;FGBL SI 20250606 PS;SIMPLE_INSTRUMENT;EFS;EUR;34;129.28000000;1357;EXCHANGE_LAST;;1;1;XEUR;11820389;688;
10.04.2025;07:38:51.762;FGBL SI 20250606 PS;SIMPLE_INSTRUMENT;EFS;EUR;35;129.28000000;462;EXCHANGE_LAST;;1;1;XEUR;11820389;688;
10.04.2025;07:39:18.901;FGBL SI 20250606 PS;SIMPLE_INSTRUMENT;EFS;EUR;36;129.30000000;259;EXCHANGE_LAST;;1;1;XEUR;11820389;688;
10.04.2025;07:40:13.221;FGBL SI 20250606 PS;SIMPLE_INSTRUMENT;EFS;EUR;37;129.23000000;432;EXCHANGE_LAST;;1;1;XEUR;11820389;688;
10.04.2025;07:40:58.168;FGBL SI 20250606 PS;SIMPLE_INSTRUMENT;EFS;EUR;38;129.24000000;432;EXCHANGE_LAST;;1;1;XEUR;11820389;688;
10.04.2025;07:42:09.785;FGBL SI 20250606 PS;SIMPLE_INSTRUMENT;EFS;EUR;39;129.24000000;248;EXCHANGE_LAST;;1;1;XEUR;11820389;688;
10.04.2025;07:42:12.210;FGBL SI 20250606 PS;SIMPLE_INSTRUMENT;EFS;EUR;40;129.22000000;303;EXCHANGE_LAST;;1;1;XEUR;11820389;688;
10.04.2025;07:43:06.424;FGBL SI 20250606 PS;SIMPLE_INSTRUMENT;EFS;EUR;41;129.27000000;130;EXCHANGE_LAST;;1;1;XEUR;11820389;688;
10.04.2025;07:43:50.675;FGBL SI 20250606 PS;SIMPLE_INSTRUMENT;EFP_FIN;EUR;42;129.34000000;300;EXCHANGE_LAST;;1;1;XEUR;11820389;688;
10.04.2025;07:49:13.246;FGBL SI 20250606 PS;SIMPLE_INSTRUMENT;EFS;EUR;43;129.32000000;298;EXCHANGE_LAST;;1;1;XEUR;11820389;688;
10.04.2025;07:50:18.954;FGBL SI 20250606 PS;SIMPLE_INSTRUMENT;EFS;EUR;44;129.40000000;432;EXCHANGE_LAST;;1;1;XEUR;11820389;688;
10.04.2025;07:50:29.966;FGBL SI 20250606 PS;SIMPLE_INSTRUMENT;EFS;EUR;45;129.40000000;432;EXCHANGE_LAST;;1;1;XEUR;11820389;688;
10.04.2025;07:50:53.989;FGBL SI 20250606 PS;SIMPLE_INSTRUMENT;EFS;EUR;46;129.40000000;432;EXCHANGE_LAST;;1;1;XEUR;11820389;688;
10.04.2025;07:53:15.097;FGBL SI 20250606 PS;SIMPLE_INSTRUMENT;EFS;EUR;47;129.45000000;432;EXCHANGE_LAST;;1;1;XEUR;11820389;688;
10.04.2025;08:01:42.465;FGBL SI 20250606 PS;SIMPLE_INSTRUMENT;EFS;EUR;48;129.55000000;132;EXCHANGE_LAST;;1;1;XEUR;11820389;688;
10.04.2025;08:03:12.627;FGBL SI 20250606 PS;SIMPLE_INSTRUMENT;EFS;EUR;49;129.34000000;140;EXCHANGE_LAST;;1;1;XEUR;11820389;688;
10.04.2025;08:03:00.586;FGBL SI 20250606 PS;SIMPLE_INSTRUMENT;EFS;EUR;50;129.61000000;432;EXCHANGE_LAST;;1;1;XEUR;11820389;688;
10.04.2025;08:03:20.615;FGBL SI 20250606 PS;SIMPLE_INSTRUMENT;EFS;EUR;51;129.61000000;864;EXCHANGE_LAST;;1;1;XEUR;11820389;688;
10.04.2025;08:03:30.964;FGBL SI 20250606 PS;SIMPLE_INSTRUMENT;BLOCK;EUR;52;129.26000000;2857;EXCHANGE_LAST;;1;1;XEUR;11820389;688;
10.04.2025;08:04:11.687;FGBL SI 20250606 PS;SIMPLE_INSTRUMENT;EFS;EUR;53;129.61000000;432;EXCHANGE_LAST;;1;1;XEUR;11820389;688;
10.04.2025;08:04:56.749;FGBL SI 20250606 PS;SIMPLE_INSTRUMENT;EFS;EUR;54;129.69000000;216;EXCHANGE_LAST;;1;1;XEUR;11820389;688;
10.04.2025;08:07:15.703;FGBL SI 20250606 PS;SIMPLE_INSTRUMENT;EFP_FIN;EUR;55;129.62000000;80;EXCHANGE_LAST;;1;1;XEUR;11820389;688;
10.04.2025;08:10:29.025;FGBL SI 20250606 PS;SIMPLE_INSTRUMENT;EFS;EUR;56;129.68000000;216;EXCHANGE_LAST;;1;1;XEUR;11820389;688;
10.04.2025;08:12:52.287;FGBL SI 20250606 PS;SIMPLE_INSTRUMENT;EFS;EUR;57;129.54000000;432;EXCHANGE_LAST;;1;1;XEUR;11820389;688;
10.04.2025;08:13:00.544;FGBL SI 20250606 PS;SIMPLE_INSTRUMENT;EFS;EUR;58;129.74000000;100;EXCHANGE_LAST;;1;1;XEUR;11820389;688;
10.04.2025;08:14:10.993;FGBL SI 20250606 PS;SIMPLE_INSTRUMENT;EFS;EUR;59;129.74000000;748;EXCHANGE_LAST;;1;1;XEUR;11820389;688;
10.04.2025;08:15:15.241;FGBL SI 20250606 PS;SIMPLE_INSTRUMENT;EFS;EUR;60;129.70000000;353;EXCHANGE_LAST;;1;1;XEUR;11820389;688;
10.04.2025;08:17:16.619;FGBL SI 20250606 PS;SIMPLE_INSTRUMENT;EFS;EUR;61;129.71000000;2000;EXCHANGE_LAST;;1;1;XEUR;11820389;688;
10.04.2025;08:19:22.373;FGBL SI 20250606 PS;SIMPLE_INSTRUMENT;EFS;EUR;62;129.54000000;149;EXCHANGE_LAST;;1;1;XEUR;11820389;688;
10.04.2025;08:21:39.142;FGBL SI 20250606 PS;SIMPLE_INSTRUMENT;EFP_FIN;EUR;63;129.55000000;269;EXCHANGE_LAST;;1;1;XEUR;11820389;688;
10.04.2025;08:26:28.035;FGBL SI 20250606 PS;SIMPLE_INSTRUMENT;EFP_FIN;EUR;64;129.52000000;442;EXCHANGE_LAST;;1;1;XEUR;11820389;688;
10.04.2025;08:27:57.040;FGBL SI 20250606 PS;SIMPLE_INSTRUMENT;EFS;EUR;65;129.43000000;90;EXCHANGE_LAST;;1;1;XEUR;11820389;688;
10.04.2025;08:28:59.003;FGBL SI 20250606 PS;SIMPLE_INSTRUMENT;EFS;EUR;66;129.62000000;216;EXCHANGE_LAST;;1;1;XEUR;11820389;688;
10.04.2025;08:30:27.748;FGBL SI 20250606 PS;SIMPLE_INSTRUMENT;EFS;EUR;67;129.62000000;248;EXCHANGE_LAST;;1;1;XEUR;11820389;688;
10.04.2025;08:29:21.045;FGBL SI 20250606 PS;SIMPLE_INSTRUMENT;EFS;EUR;68;129.58000000;248;EXCHANGE_LAST;;1;1;XEUR;11820389;688;
10.04.2025;08:32:11.601;FGBL SI 20250606 PS;SIMPLE_INSTRUMENT;EFP_FIN;EUR;69;129.60000000;151;EXCHANGE_LAST;;1;1;XEUR;11820389;688;
10.04.2025;08:37:12.770;FGBL SI 20250606 PS;SIMPLE_INSTRUMENT;BLOCK;EUR;70;129.55000000;5051;EXCHANGE_LAST;;1;1;XEUR;11820389;688;
10.04.2025;08:37:10.919;FGBL SI 20250606 PS;SIMPLE_INSTRUMENT;EFS;EUR;71;129.74000000;431;EXCHANGE_LAST;;1;1;XEUR;11820389;688;
10.04.2025;08:38:06.928;FGBL SI 20250606 PS;SIMPLE_INSTRUMENT;EFS;EUR;72;129.74000000;431;EXCHANGE_LAST;;1;1;XEUR;11820389;688;
10.04.2025;08:40:24.518;FGBL SI 20250606 PS;SIMPLE_INSTRUMENT;EFS;EUR;73;129.55000000;248;EXCHANGE_LAST;;1;1;XEUR;11820389;688;
10.04.2025;08:40:25.160;FGBL SI 20250606 PS;SIMPLE_INSTRUMENT;EFS;EUR;74;129.74000000;216;EXCHANGE_LAST;;1;1;XEUR;11820389;688;
10.04.2025;08:40:31.516;FGBL SI 20250606 PS;SIMPLE_INSTRUMENT;EFP_FIN;EUR;75;129.76000000;403;EXCHANGE_LAST;;1;1;XEUR;11820389;688;
10.04.2025;08:41:09.084;FGBL SI 20250606 PS;SIMPLE_INSTRUMENT;EFS;EUR;76;129.75000000;230;EXCHANGE_LAST;;1;1;XEUR;11820389;688;
10.04.2025;08:42:11.885;FGBL SI 20250606 PS;SIMPLE_INSTRUMENT;EFS;EUR;77;129.70000000;224;EXCHANGE_LAST;;1;1;XEUR;11820389;688;
10.04.2025;08:43:25.269;FGBL SI 20250606 PS;SIMPLE_INSTRUMENT;EFS;EUR;78;129.73000000;431;EXCHANGE_LAST;;1;1;XEUR;11820389;688;
10.04.2025;08:44:40.512;FGBL SI 20250606 PS;SIMPLE_INSTRUMENT;EFS;EUR;79;129.72000000;431;EXCHANGE_LAST;;1;1;XEUR;11820389;688;
10.04.2025;08:45:31.243;FGBL SI 20250606 PS;SIMPLE_INSTRUMENT;EFS;EUR;80;129.72000000;431;EXCHANGE_LAST;;1;1;XEUR;11820389;688;
10.04.2025;08:46:30.819;FGBL SI 20250606 PS;SIMPLE_INSTRUMENT;EFS;EUR;81;129.79000000;269;EXCHANGE_LAST;;1;1;XEUR;11820389;688;
10.04.2025;08:47:58.530;FGBL SI 20250606 PS;SIMPLE_INSTRUMENT;EFP_FIN;EUR;82;129.61000000;243;EXCHANGE_LAST;;1;1;XEUR;11820389;688;
10.04.2025;08:53:21.588;FGBL SI 20250606 PS;SIMPLE_INSTRUMENT;EFP_FIN;EUR;83;129.72000000;456;EXCHANGE_LAST;;1;1;XEUR;11820389;688;
10.04.2025;08:56:56.218;FGBL SI 20250606 PS;SIMPLE_INSTRUMENT;EFS;EUR;84;129.65000000;448;EXCHANGE_LAST;;1;1;XEUR;11820389;688;
10.04.2025;08:58:31.322;FGBL SI 20250606 PS;SIMPLE_INSTRUMENT;EFS;EUR;85;129.65000000;216;EXCHANGE_LAST;;1;1;XEUR;11820389;688;
10.04.2025;08:59:01.257;FGBL SI 20250606 PS;SIMPLE_INSTRUMENT;EFS;EUR;86;129.69000000;216;EXCHANGE_LAST;;1;1;XEUR;11820389;688;
10.04.2025;08:59:09.759;FGBL SI 20250606 PS;SIMPLE_INSTRUMENT;EFS;EUR;87;129.72000000;228;EXCHANGE_LAST;;1;1;XEUR;11820389;688;
10.04.2025;09:01:36.467;FGBL SI 20250606 PS;SIMPLE_INSTRUMENT;EFS;EUR;88;129.70000000;216;EXCHANGE_LAST;;1;1;XEUR;11820389;688;
10.04.2025;09:02:06.357;FGBL SI 20250606 PS;SIMPLE_INSTRUMENT;EFS;EUR;89;129.66000000;216;EXCHANGE_LAST;;1;1;XEUR;11820389;688;
10.04.2025;09:02:06.492;FGBL SI 20250606 PS;SIMPLE_INSTRUMENT;EFS;EUR;90;129.70000000;216;EXCHANGE_LAST;;1;1;XEUR;11820389;688;
10.04.2025;09:03:41.282;FGBL SI 20250606 PS;SIMPLE_INSTRUMENT;EFP_FIN;EUR;91;129.66000000;293;EXCHANGE_LAST;;1;1;XEUR;11820389;688;
10.04.2025;09:04:15.594;FGBL SI 20250606 PS;SIMPLE_INSTRUMENT;EFP_FIN;EUR;92;129.66000000;74;EXCHANGE_LAST;;1;1;XEUR;11820389;688;
10.04.2025;09:04:56.750;FGBL SI 20250606 PS;SIMPLE_INSTRUMENT;EFS;EUR;93;129.63000000;432;EXCHANGE_LAST;;1;1;XEUR;11820389;688;
10.04.2025;09:10:10.116;FGBL SI 20250606 PS;SIMPLE_INSTRUMENT;EFS;EUR;94;129.68000000;431;EXCHANGE_LAST;;1;1;XEUR;11820389;688;
10.04.2025;09:11:31.948;FGBL SI 20250606 PS;SIMPLE_INSTRUMENT;EFS;EUR;95;129.66000000;304;EXCHANGE_LAST;;1;1;XEUR;11820389;688;
10.04.2025;09:12:38.556;FGBL SI 20250606 PS;SIMPLE_INSTRUMENT;EFS;EUR;96;129.68000000;216;EXCHANGE_LAST;;1;1;XEUR;11820389;688;
10.04.2025;09:12:53.384;FGBL SI 20250606 PS;SIMPLE_INSTRUMENT;EFS;EUR;97;129.67000000;216;EXCHANGE_LAST;;1;1;XEUR;11820389;688;
10.04.2025;09:16:24.292;FGBL SI 20250606 PS;SIMPLE_INSTRUMENT;EFS;EUR;98;129.62000000;925;EXCHANGE_LAST;;1;1;XEUR;11820389;688;
10.04.2025;09:18:54.812;FGBL SI 20250606 PS;SIMPLE_INSTRUMENT;EFS;EUR;100;129.75000000;216;EXCHANGE_LAST;;1;1;XEUR;11820389;688;
10.04.2025;09:21:45.400;FGBL SI 20250606 PS;SIMPLE_INSTRUMENT;EFS;EUR;101;129.81000000;216;EXCHANGE_LAST;;1;1;XEUR;11820389;688;
10.04.2025;09:22:10.423;FGBL SI 20250606 PS;SIMPLE_INSTRUMENT;EFS;EUR;102;129.82000000;216;EXCHANGE_LAST;;1;1;XEUR;11820389;688;
10.04.2025;09:31:45.938;FGBL SI 20250606 PS;SIMPLE_INSTRUMENT;EFS;EUR;103;129.75000000;198;EXCHANGE_LAST;;1;1;XEUR;11820389;688;
10.04.2025;09:34:11.945;FGBL SI 20250606 PS;SIMPLE_INSTRUMENT;EFS;EUR;104;129.80000000;1388;EXCHANGE_LAST;;1;1;XEUR;11820389;688;
10.04.2025;09:34:16.221;FGBL SI 20250606 PS;SIMPLE_INSTRUMENT;EFS;EUR;105;129.75000000;495;EXCHANGE_LAST;;1;1;XEUR;11820389;688;
10.04.2025;09:35:32.926;FGBL SI 20250606 PS;SIMPLE_INSTRUMENT;EFS;EUR;106;129.83000000;431;EXCHANGE_LAST;;1;1;XEUR;11820389;688;
10.04.2025;09:35:43.864;FGBL SI 20250606 PS;SIMPLE_INSTRUMENT;EFS;EUR;107;129.84000000;224;EXCHANGE_LAST;;1;1;XEUR;11820389;688;
10.04.2025;09:41:25.431;FGBL SI 20250606 PS;SIMPLE_INSTRUMENT;EFP_FIN;EUR;108;129.64000000;386;EXCHANGE_LAST;;1;1;XEUR;11820389;688;
10.04.2025;09:42:40.969;FGBL SI 20250606 PS;SIMPLE_INSTRUMENT;EFS;EUR;109;129.84000000;900;EXCHANGE_LAST;;1;1;XEUR;11820389;688;
10.04.2025;09:42:37.321;FGBL SI 20250606 PS;SIMPLE_INSTRUMENT;EFS;EUR;110;129.83000000;431;EXCHANGE_LAST;;1;1;XEUR;11820389;688;
10.04.2025;09:49:34.220;FGBL SI 20250606 PS;SIMPLE_INSTRUMENT;EFS;EUR;111;129.82000000;494;EXCHANGE_LAST;;1;1;XEUR;11820389;688;
10.04.2025;09:49:56.097;FGBL SI 20250606 PS;SIMPLE_INSTRUMENT;EFS;EUR;112;129.76000000;399;EXCHANGE_LAST;;1;1;XEUR;11820389;688;
10.04.2025;09:51:05.737;FGBL SI 20250606 PS;SIMPLE_INSTRUMENT;EFP_FIN;EUR;113;129.92000000;187;EXCHANGE_LAST;;1;1;XEUR;11820389;688;
10.04.2025;09:52:32.792;FGBL SI 20250606 PS;SIMPLE_INSTRUMENT;EFS;EUR;114;129.93000000;431;EXCHANGE_LAST;;1;1;XEUR;11820389;688;
10.04.2025;09:58:44.055;FGBL SI 20250606 PS;SIMPLE_INSTRUMENT;EFS;EUR;115;129.87000000;430;EXCHANGE_LAST;;1;1;XEUR;11820389;688;
10.04.2025;10:01:25.720;FGBL SI 20250606 PS;SIMPLE_INSTRUMENT;EFP_FIN;EUR;116;129.70000000;270;EXCHANGE_LAST;;1;1;XEUR;11820389;688;
10.04.2025;10:04:26.264;FGBL SI 20250606 PS;SIMPLE_INSTRUMENT;EFP_FIN;EUR;117;129.93000000;363;EXCHANGE_LAST;;1;1;XEUR;11820389;688;
10.04.2025;10:04:20.664;FGBL SI 20250606 PS;SIMPLE_INSTRUMENT;EFS;EUR;118;129.93000000;100;EXCHANGE_LAST;;1;1;XEUR;11820389;688;
10.04.2025;10:04:38.490;FGBL SI 20250606 PS;SIMPLE_INSTRUMENT;EFS;EUR;119;129.94000000;741;EXCHANGE_LAST;;1;1;XEUR;11820389;688;
10.04.2025;10:06:31.842;FGBL SI 20250606 PS;SIMPLE_INSTRUMENT;EFS;EUR;120;129.79000000;216;EXCHANGE_LAST;;1;1;XEUR;11820389;688;
10.04.2025;10:06:55.566;FGBL SI 20250606 PS;SIMPLE_INSTRUMENT;EFS;EUR;121;129.79000000;216;EXCHANGE_LAST;;1;1;XEUR;11820389;688;
10.04.2025;10:10:30.713;FGBL SI 20250606 PS;SIMPLE_INSTRUMENT;EFS;EUR;122;129.86000000;215;EXCHANGE_LAST;;1;1;XEUR;11820389;688;
10.04.2025;10:12:49.056;FGBL SI 20250606 PS;SIMPLE_INSTRUMENT;EFS;EUR;123;129.84000000;450;EXCHANGE_LAST;;1;1;XEUR;11820389;688;
10.04.2025;10:14:45.408;FGBL SI 20250606 PS;SIMPLE_INSTRUMENT;EFP_FIN;EUR;124;129.75000000;68;EXCHANGE_LAST;;1;1;XEUR;11820389;688;
10.04.2025;10:14:54.245;FGBL SI 20250606 PS;SIMPLE_INSTRUMENT;EFP_FIN;EUR;125;129.85000000;926;EXCHANGE_LAST;;1;1;XEUR;11820389;688;
10.04.2025;10:17:24.960;FGBL SI 20250606 PS;SIMPLE_INSTRUMENT;EFS;EUR;126;129.80000000;447;EXCHANGE_LAST;;1;1;XEUR;11820389;688;
10.04.2025;10:17:57.012;FGBL SI 20250606 PS;SIMPLE_INSTRUMENT;EFS;EUR;127;129.84000000;431;EXCHANGE_LAST;;1;1;XEUR;11820389;688;
10.04.2025;10:19:06.198;FGBL SI 20250606 PS;SIMPLE_INSTRUMENT;EFS;EUR;128;129.79000000;216;EXCHANGE_LAST;;1;1;XEUR;11820389;688;
10.04.2025;10:19:23.133;FGBL SI 20250606 PS;SIMPLE_INSTRUMENT;EFS;EUR;129;129.85000000;1381;EXCHANGE_LAST;;1;1;XEUR;11820389;688;
10.04.2025;10:20:10.976;FGBL SI 20250606 PS;SIMPLE_INSTRUMENT;EFS;EUR;130;129.78000000;216;EXCHANGE_LAST;;1;1;XEUR;11820389;688;
10.04.2025;10:21:27.432;FGBL SI 20250606 PS;SIMPLE_INSTRUMENT;EFS;EUR;131;129.80000000;216;EXCHANGE_LAST;;1;1;XEUR;11820389;688;
10.04.2025;10:22:22.125;FGBL SI 20250606 PS;SIMPLE_INSTRUMENT;EFS;EUR;132;129.80000000;1117;EXCHANGE_LAST;;1;1;XEUR;11820389;688;
10.04.2025;10:26:11.731;FGBL SI 20250606 PS;SIMPLE_INSTRUMENT;EFS;EUR;133;129.79000000;457;EXCHANGE_LAST;;1;1;XEUR;11820389;688;
10.04.2025;10:27:07.475;FGBL SI 20250606 PS;SIMPLE_INSTRUMENT;EFS;EUR;134;129.79000000;431;EXCHANGE_LAST;;1;1;XEUR;11820389;688;
10.04.2025;10:29:36.377;FGBL SI 20250606 PS;SIMPLE_INSTRUMENT;EFS;EUR;135;129.84000000;431;EXCHANGE_LAST;;1;1;XEUR;11820389;688;
10.04.2025;10:32:22.521;FGBL SI 20250606 PS;SIMPLE_INSTRUMENT;EFS;EUR;136;129.89000000;431;EXCHANGE_LAST;;1;1;XEUR;11820389;688;
10.04.2025;10:42:11.487;FGBL SI 20250606 PS;SIMPLE_INSTRUMENT;EFP_FIN;EUR;137;129.68000000;442;EXCHANGE_LAST;;1;1;XEUR;11820389;688;
10.04.2025;10:48:55.664;FGBL SI 20250606 PS;SIMPLE_INSTRUMENT;EFS;EUR;138;129.81000000;227;EXCHANGE_LAST;;1;1;XEUR;11820389;688;
10.04.2025;10:52:26.343;FGBL SI 20250606 PS;SIMPLE_INSTRUMENT;EFP_FIN;EUR;139;129.76000000;367;EXCHANGE_LAST;;1;1;XEUR;11820389;688;
10.04.2025;10:52:13.477;FGBL SI 20250606 PS;SIMPLE_INSTRUMENT;EFS;EUR;140;129.78000000;300;EXCHANGE_LAST;;1;1;XEUR;11820389;688;
10.04.2025;10:53:22.724;FGBL SI 20250606 PS;SIMPLE_INSTRUMENT;EFS;EUR;141;129.75000000;431;EXCHANGE_LAST;;1;1;XEUR;11820389;688;
10.04.2025;10:55:39.535;FGBL SI 20250606 PS;SIMPLE_INSTRUMENT;EFS;EUR;142;129.83000000;431;EXCHANGE_LAST;;1;1;XEUR;11820389;688;
10.04.2025;10:58:39.676;FGBL SI 20250606 PS;SIMPLE_INSTRUMENT;EFS;EUR;143;129.84000000;431;EXCHANGE_LAST;;1;1;XEUR;11820389;688;
10.04.2025;11:00:23.888;FGBL SI 20250606 PS;SIMPLE_INSTRUMENT;EFS;EUR;144;129.78000000;989;EXCHANGE_LAST;;1;1;XEUR;11820389;688;
10.04.2025;11:00:30.944;FGBL SI 20250606 PS;SIMPLE_INSTRUMENT;EFS;EUR;145;129.75000000;1381;EXCHANGE_LAST;;1;1;XEUR;11820389;688;
10.04.2025;11:02:29.871;FGBL SI 20250606 PS;SIMPLE_INSTRUMENT;EFS;EUR;146;129.82000000;216;EXCHANGE_LAST;;1;1;XEUR;11820389;688;
10.04.2025;11:02:59.898;FGBL SI 20250606 PS;SIMPLE_INSTRUMENT;EFS;EUR;147;129.82000000;216;EXCHANGE_LAST;;1;1;XEUR;11820389;688;
10.04.2025;11:06:26.147;FGBL SI 20250606 PS;SIMPLE_INSTRUMENT;EFS;EUR;148;129.82000000;446;EXCHANGE_LAST;;1;1;XEUR;11820389;688;
10.04.2025;11:10:44.155;FGBL SI 20250606 PS;SIMPLE_INSTRUMENT;EFS;EUR;149;129.82000000;447;EXCHANGE_LAST;;1;1;XEUR;11820389;688;
10.04.2025;11:17:32.941;FGBL SI 20250606 PS;SIMPLE_INSTRUMENT;EFS;EUR;150;129.84000000;989;EXCHANGE_LAST;;1;1;XEUR;11820389;688;
10.04.2025;11:25:44.789;FGBL SI 20250606 PS;SIMPLE_INSTRUMENT;EFS;EUR;151;129.88000000;223;EXCHANGE_LAST;;1;1;XEUR;11820389;688;
10.04.2025;11:36:13.940;FGBL SI 20250606 PS;SIMPLE_INSTRUMENT;EFS;EUR;152;129.87000000;346;EXCHANGE_LAST;;1;1;XEUR;11820389;688;
10.04.2025;11:36:57.364;FGBL SI 20250606 PS;SIMPLE_INSTRUMENT;EFS;EUR;153;129.95000000;215;EXCHANGE_LAST;;1;1;XEUR;11820389;688;
10.04.2025;11:37:12.376;FGBL SI 20250606 PS;SIMPLE_INSTRUMENT;EFS;EUR;154;129.95000000;215;EXCHANGE_LAST;;1;1;XEUR;11820389;688;
10.04.2025;11:40:14.547;FGBL SI 20250606 PS;SIMPLE_INSTRUMENT;EFS;EUR;155;129.91000000;110;EXCHANGE_LAST;;1;1;XEUR;11820389;688;
10.04.2025;11:46:54.836;FGBL SI 20250606 PS;SIMPLE_INSTRUMENT;EFS;EUR;156;130.00000000;431;EXCHANGE_LAST;;1;1;XEUR;11820389;688;
10.04.2025;11:48:44.933;FGBL SI 20250606 PS;SIMPLE_INSTRUMENT;EFS;EUR;157;130.04000000;431;EXCHANGE_LAST;;1;1;XEUR;11820389;688;
10.04.2025;11:51:56.949;FGBL SI 20250606 PS;SIMPLE_INSTRUMENT;EFS;EUR;158;130.04000000;223;EXCHANGE_LAST;;1;1;XEUR;11820389;688;
10.04.2025;11:52:30.552;FGBL SI 20250606 PS;SIMPLE_INSTRUMENT;EFS;EUR;159;130.05000000;430;EXCHANGE_LAST;;1;1;XEUR;11820389;688;
10.04.2025;11:53:30.833;FGBL SI 20250606 PS;SIMPLE_INSTRUMENT;EFS;EUR;160;130.05000000;430;EXCHANGE_LAST;;1;1;XEUR;11820389;688;
10.04.2025;11:56:24.834;FGBL SI 20250606 PS;SIMPLE_INSTRUMENT;EFS;EUR;161;130.04000000;215;EXCHANGE_LAST;;1;1;XEUR;11820389;688;
10.04.2025;11:58:00.344;FGBL SI 20250606 PS;SIMPLE_INSTRUMENT;EFS;EUR;162;130.09000000;400;EXCHANGE_LAST;;1;1;XEUR;11820389;688;
10.04.2025;11:58:59.718;FGBL SI 20250606 PS;SIMPLE_INSTRUMENT;EFS;EUR;163;130.07000000;493;EXCHANGE_LAST;;1;1;XEUR;11820389;688;
10.04.2025;12:05:20.700;FGBL SI 20250606 PS;SIMPLE_INSTRUMENT;EFS;EUR;164;130.08000000;431;EXCHANGE_LAST;;1;1;XEUR;11820389;688;
10.04.2025;12:07:22.025;FGBL SI 20250606 PS;SIMPLE_INSTRUMENT;EFP_FIN;EUR;165;130.10000000;414;EXCHANGE_LAST;;1;1;XEUR;11820389;688;
10.04.2025;12:05:55.728;FGBL SI 20250606 PS;SIMPLE_INSTRUMENT;EFS;EUR;166;130.08000000;646;EXCHANGE_LAST;;1;1;XEUR;11820389;688;
10.04.2025;12:12:12.202;FGBL SI 20250606 PS;SIMPLE_INSTRUMENT;EFS;EUR;167;130.05000000;430;EXCHANGE_LAST;;1;1;XEUR;11820389;688;
10.04.2025;12:13:46.344;FGBL SI 20250606 PS;SIMPLE_INSTRUMENT;EFP_FIN;EUR;168;130.17000000;694;EXCHANGE_LAST;;1;1;XEUR;11820389;688;
10.04.2025;12:17:35.076;FGBL SI 20250606 PS;SIMPLE_INSTRUMENT;EFS;EUR;169;130.04000000;150;EXCHANGE_LAST;;1;1;XEUR;11820389;688;
10.04.2025;12:17:51.347;FGBL SI 20250606 PS;SIMPLE_INSTRUMENT;EFP_FIN;EUR;170;129.78000000;193;EXCHANGE_LAST;;1;1;XEUR;11820389;688;
10.04.2025;12:18:50.243;FGBL SI 20250606 PS;SIMPLE_INSTRUMENT;EFS;EUR;171;130.01000000;430;EXCHANGE_LAST;;1;1;XEUR;11820389;688;
10.04.2025;12:19:27.532;FGBL SI 20250606 PS;SIMPLE_INSTRUMENT;EFS;EUR;172;130.01000000;215;EXCHANGE_LAST;;1;1;XEUR;11820389;688;
10.04.2025;12:21:10.476;FGBL SI 20250606 PS;SIMPLE_INSTRUMENT;EFS;EUR;173;130.14000000;493;EXCHANGE_LAST;;1;1;XEUR;11820389;688;
10.04.2025;12:21:47.408;FGBL SI 20250606 PS;SIMPLE_INSTRUMENT;EFS;EUR;174;129.99000000;431;EXCHANGE_LAST;;1;1;XEUR;11820389;688;
10.04.2025;12:27:45.057;FGBL SI 20250606 PS;SIMPLE_INSTRUMENT;EFS;EUR;175;129.91000000;431;EXCHANGE_LAST;;1;1;XEUR;11820389;688;
10.04.2025;12:33:25.264;FGBL SI 20250606 PS;SIMPLE_INSTRUMENT;BLOCK;EUR;176;129.92000000;6500;EXCHANGE_LAST;;1;1;XEUR;11820389;688;
10.04.2025;12:41:22.289;FGBL SI 20250606 PS;SIMPLE_INSTRUMENT;EFS;EUR;177;129.99000000;494;EXCHANGE_LAST;;1;1;XEUR;11820389;688;
10.04.2025;12:43:08.399;FGBL SI 20250606 PS;SIMPLE_INSTRUMENT;EFS;EUR;178;130.10000000;431;EXCHANGE_LAST;;1;1;XEUR;11820389;688;
10.04.2025;12:46:47.797;FGBL SI 20250606 PS;SIMPLE_INSTRUMENT;EFP_FIN;EUR;179;129.94000000;239;EXCHANGE_LAST;;1;1;XEUR;11820389;688;
10.04.2025;12:45:29.505;FGBL SI 20250606 PS;SIMPLE_INSTRUMENT;EFS;EUR;180;130.10000000;431;EXCHANGE_LAST;;1;1;XEUR;11820389;688;
10.04.2025;12:54:59.915;FGBL SI 20250606 PS;SIMPLE_INSTRUMENT;EFS;EUR;181;129.96000000;431;EXCHANGE_LAST;;1;1;XEUR;11820389;688;
10.04.2025;12:55:09.925;FGBL SI 20250606 PS;SIMPLE_INSTRUMENT;EFS;EUR;182;129.96000000;431;EXCHANGE_LAST;;1;1;XEUR;11820389;688;
10.04.2025;13:01:29.783;FGBL SI 20250606 PS;SIMPLE_INSTRUMENT;EFS;EUR;183;129.98000000;329;EXCHANGE_LAST;;1;1;XEUR;11820389;688;
10.04.2025;13:01:42.583;FGBL SI 20250606 PS;SIMPLE_INSTRUMENT;EFS;EUR;184;129.96000000;215;EXCHANGE_LAST;;1;1;XEUR;11820389;688;
10.04.2025;13:02:36.340;FGBL SI 20250606 PS;SIMPLE_INSTRUMENT;EFS;EUR;185;129.96000000;431;EXCHANGE_LAST;;1;1;XEUR;11820389;688;
10.04.2025;13:04:22.584;FGBL SI 20250606 PS;SIMPLE_INSTRUMENT;EFS;EUR;186;129.93000000;1000;EXCHANGE_LAST;;1;1;XEUR;11820389;688;
10.04.2025;13:05:20.514;FGBL SI 20250606 PS;SIMPLE_INSTRUMENT;EFS;EUR;187;129.93000000;431;EXCHANGE_LAST;;1;1;XEUR;11820389;688;
10.04.2025;13:05:50.429;FGBL SI 20250606 PS;SIMPLE_INSTRUMENT;EFS;EUR;188;129.90000000;216;EXCHANGE_LAST;;1;1;XEUR;11820389;688;
10.04.2025;13:06:14.801;FGBL SI 20250606 PS;SIMPLE_INSTRUMENT;EFS;EUR;189;129.98000000;329;EXCHANGE_LAST;;1;1;XEUR;11820389;688;
10.04.2025;13:06:26.366;FGBL SI 20250606 PS;SIMPLE_INSTRUMENT;EFS;EUR;190;129.91000000;431;EXCHANGE_LAST;;1;1;XEUR;11820389;688;
10.04.2025;13:07:02.805;FGBL SI 20250606 PS;SIMPLE_INSTRUMENT;EFS;EUR;191;129.98000000;329;EXCHANGE_LAST;;1;1;XEUR;11820389;688;
10.04.2025;13:07:45.367;FGBL SI 20250606 PS;SIMPLE_INSTRUMENT;EFS;EUR;192;129.93000000;494;EXCHANGE_LAST;;1;1;XEUR;11820389;688;
10.04.2025;13:09:57.624;FGBL SI 20250606 PS;SIMPLE_INSTRUMENT;EFS;EUR;193;129.90000000;431;EXCHANGE_LAST;;1;1;XEUR;11820389;688;
10.04.2025;13:10:52.673;FGBL SI 20250606 PS;SIMPLE_INSTRUMENT;EFS;EUR;194;129.90000000;431;EXCHANGE_LAST;;1;1;XEUR;11820389;688;
10.04.2025;13:11:14.536;FGBL SI 20250606 PS;SIMPLE_INSTRUMENT;EFS;EUR;195;129.85000000;431;EXCHANGE_LAST;;1;1;XEUR;11820389;688;
10.04.2025;13:12:43.022;FGBL SI 20250606 PS;SIMPLE_INSTRUMENT;EFS;EUR;196;129.85000000;431;EXCHANGE_LAST;;1;1;XEUR;11820389;688;
10.04.2025;13:13:27.799;FGBL SI 20250606 PS;SIMPLE_INSTRUMENT;EFS;EUR;197;129.90000000;431;EXCHANGE_LAST;;1;1;XEUR;11820389;688;
10.04.2025;13:13:42.815;FGBL SI 20250606 PS;SIMPLE_INSTRUMENT;EFS;EUR;198;129.90000000;431;EXCHANGE_LAST;;1;1;XEUR;11820389;688;
10.04.2025;13:13:50.319;FGBL SI 20250606 PS;SIMPLE_INSTRUMENT;EFS;EUR;199;129.89000000;247;EXCHANGE_LAST;;1;1;XEUR;11820389;688;
10.04.2025;13:16:07.796;FGBL SI 20250606 PS;SIMPLE_INSTRUMENT;BLOCK;EUR;200;129.85000000;3000;EXCHANGE_LAST;;1;1;XEUR;11820389;688;
10.04.2025;13:17:51.282;FGBL SI 20250606 PS;SIMPLE_INSTRUMENT;EFS;EUR;201;129.85000000;884;EXCHANGE_LAST;;1;1;XEUR;11820389;688;
10.04.2025;13:20:15.800;FGBL SI 20250606 PS;SIMPLE_INSTRUMENT;EFS;EUR;202;129.85000000;885;EXCHANGE_LAST;;1;1;XEUR;11820389;688;
10.04.2025;13:21:21.411;FGBL SI 20250606 PS;SIMPLE_INSTRUMENT;EFS;EUR;203;129.84000000;317;EXCHANGE_LAST;;1;1;XEUR;11820389;688;
10.04.2025;13:26:43.643;FGBL SI 20250606 PS;SIMPLE_INSTRUMENT;EFS;EUR;204;129.84000000;431;EXCHANGE_LAST;;1;1;XEUR;11820389;688;
10.04.2025;13:28:48.959;FGBL SI 20250606 PS;SIMPLE_INSTRUMENT;EFS;EUR;205;129.84000000;1294;EXCHANGE_LAST;;1;1;XEUR;11820389;688;
10.04.2025;13:30:11.910;FGBL SI 20250606 PS;SIMPLE_INSTRUMENT;EFS;EUR;206;129.84000000;561;EXCHANGE_LAST;;1;1;XEUR;11820389;688;
10.04.2025;13:30:49.536;FGBL SI 20250606 PS;SIMPLE_INSTRUMENT;EFS;EUR;207;129.84000000;302;EXCHANGE_LAST;;1;1;XEUR;11820389;688;
10.04.2025;13:32:56.280;FGBL SI 20250606 PS;SIMPLE_INSTRUMENT;EFS;EUR;208;129.84000000;431;EXCHANGE_LAST;;1;1;XEUR;11820389;688;
10.04.2025;13:37:51.852;FGBL SI 20250606 PS;SIMPLE_INSTRUMENT;EFS;EUR;209;130.07000000;1000;EXCHANGE_LAST;;1;1;XEUR;11820389;688;
10.04.2025;13:42:21.980;FGBL SI 20250606 PS;SIMPLE_INSTRUMENT;EFS;EUR;210;130.20000000;430;EXCHANGE_LAST;;1;1;XEUR;11820389;688;
10.04.2025;13:42:31.718;FGBL SI 20250606 PS;SIMPLE_INSTRUMENT;EFS;EUR;211;130.13000000;861;EXCHANGE_LAST;;1;1;XEUR;11820389;688;
10.04.2025;13:43:36.808;FGBL SI 20250606 PS;SIMPLE_INSTRUMENT;EFS;EUR;212;130.13000000;861;EXCHANGE_LAST;;1;1;XEUR;11820389;688;
10.04.2025;13:48:11.345;FGBL SI 20250606 PS;SIMPLE_INSTRUMENT;EFS;EUR;213;130.25000000;133;EXCHANGE_LAST;;1;1;XEUR;11820389;688;
10.04.2025;13:49:43.687;FGBL SI 20250606 PS;SIMPLE_INSTRUMENT;EFS;EUR;214;130.26000000;886;EXCHANGE_LAST;;1;1;XEUR;11820389;688;
10.04.2025;13:50:14.722;FGBL SI 20250606 PS;SIMPLE_INSTRUMENT;EFS;EUR;215;130.03000000;215;EXCHANGE_LAST;;1;1;XEUR;11820389;688;
10.04.2025;13:51:46.304;FGBL SI 20250606 PS;SIMPLE_INSTRUMENT;EFS;EUR;216;130.03000000;129;EXCHANGE_LAST;;1;1;XEUR;11820389;688;
10.04.2025;13:53:15.917;FGBL SI 20250606 PS;SIMPLE_INSTRUMENT;EFS;EUR;217;130.36000000;1771;EXCHANGE_LAST;;1;1;XEUR;11820389;688;
10.04.2025;13:53:38.418;FGBL SI 20250606 PS;SIMPLE_INSTRUMENT;EFS;EUR;218;130.35000000;430;EXCHANGE_LAST;;1;1;XEUR;11820389;688;
10.04.2025;13:54:11.220;FGBL SI 20250606 PS;SIMPLE_INSTRUMENT;EFS;EUR;219;130.03000000;344;EXCHANGE_LAST;;1;1;XEUR;11820389;688;
10.04.2025;13:56:17.518;FGBL SI 20250606 PS;SIMPLE_INSTRUMENT;BLOCK;EUR;220;130.28000000;7000;EXCHANGE_LAST;;1;1;XEUR;11820389;688;
10.04.2025;13:59:03.674;FGBL SI 20250606 PS;SIMPLE_INSTRUMENT;EFS;EUR;221;130.35000000;430;EXCHANGE_LAST;;1;1;XEUR;11820389;688;
10.04.2025;14:00:10.620;FGBL SI 20250606 PS;SIMPLE_INSTRUMENT;EFS;EUR;222;130.19000000;861;EXCHANGE_LAST;;1;1;XEUR;11820389;688;
10.04.2025;14:00:52.220;FGBL SI 20250606 PS;SIMPLE_INSTRUMENT;EFS;EUR;223;130.33000000;344;EXCHANGE_LAST;;1;1;XEUR;11820389;688;
10.04.2025;14:03:18.877;FGBL SI 20250606 PS;SIMPLE_INSTRUMENT;EFS;EUR;224;130.51000000;430;EXCHANGE_LAST;;1;1;XEUR;11820389;688;
10.04.2025;14:04:32.315;FGBL SI 20250606 PS;SIMPLE_INSTRUMENT;EFP_FIN;EUR;225;130.14000000;1310;EXCHANGE_LAST;;1;1;XEUR;11820389;688;
10.04.2025;14:05:18.734;FGBL SI 20250606 PS;SIMPLE_INSTRUMENT;EFS;EUR;226;130.19000000;861;EXCHANGE_LAST;;1;1;XEUR;11820389;688;
10.04.2025;14:11:39.568;FGBL SI 20250606 PS;SIMPLE_INSTRUMENT;EFS;EUR;227;129.90000000;494;EXCHANGE_LAST;;1;1;XEUR;11820389;688;
10.04.2025;14:13:27.984;FGBL SI 20250606 PS;SIMPLE_INSTRUMENT;EFS;EUR;228;130.54000000;49;EXCHANGE_LAST;;1;1;XEUR;11820389;688;
10.04.2025;14:13:43.010;FGBL SI 20250606 PS;SIMPLE_INSTRUMENT;EFS;EUR;229;130.35000000;215;EXCHANGE_LAST;;1;1;XEUR;11820389;688;
10.04.2025;14:13:57.569;FGBL SI 20250606 PS;SIMPLE_INSTRUMENT;EFS;EUR;230;130.35000000;215;EXCHANGE_LAST;;1;1;XEUR;11820389;688;
10.04.2025;14:15:04.877;FGBL SI 20250606 PS;SIMPLE_INSTRUMENT;EFS;EUR;231;130.42000000;215;EXCHANGE_LAST;;1;1;XEUR;11820389;688;
10.04.2025;14:16:24.110;FGBL SI 20250606 PS;SIMPLE_INSTRUMENT;EFS;EUR;232;130.54000000;491;EXCHANGE_LAST;;1;1;XEUR;11820389;688;
10.04.2025;14:16:46.133;FGBL SI 20250606 PS;SIMPLE_INSTRUMENT;EFS;EUR;233;130.39000000;215;EXCHANGE_LAST;;1;1;XEUR;11820389;688;
10.04.2025;14:17:22.267;FGBL SI 20250606 PS;SIMPLE_INSTRUMENT;EFS;EUR;234;130.40000000;215;EXCHANGE_LAST;;1;1;XEUR;11820389;688;
10.04.2025;14:18:35.065;FGBL SI 20250606 PS;SIMPLE_INSTRUMENT;EFS;EUR;235;130.41000000;215;EXCHANGE_LAST;;1;1;XEUR;11820389;688;
10.04.2025;14:22:00.817;FGBL SI 20250606 PS;SIMPLE_INSTRUMENT;EFS;EUR;236;130.41000000;301;EXCHANGE_LAST;;1;1;XEUR;11820389;688;
10.04.2025;14:22:40.066;FGBL SI 20250606 PS;SIMPLE_INSTRUMENT;EFS;EUR;237;130.41000000;1590;EXCHANGE_LAST;;1;1;XEUR;11820389;688;
10.04.2025;14:23:39.921;FGBL SI 20250606 PS;SIMPLE_INSTRUMENT;EFS;EUR;238;130.53000000;859;EXCHANGE_LAST;;1;1;XEUR;11820389;688;
10.04.2025;14:24:32.735;FGBL SI 20250606 PS;SIMPLE_INSTRUMENT;EFS;EUR;239;130.51000000;430;EXCHANGE_LAST;;1;1;XEUR;11820389;688;
10.04.2025;14:25:08.609;FGBL SI 20250606 PS;SIMPLE_INSTRUMENT;EFS;EUR;240;130.19000000;444;EXCHANGE_LAST;;1;1;XEUR;11820389;688;
10.04.2025;14:28:55.622;FGBL SI 20250606 PS;SIMPLE_INSTRUMENT;EFP_FIN;EUR;241;130.53000000;1770;EXCHANGE_LAST;;1;1;XEUR;11820389;688;
10.04.2025;14:29:50.156;FGBL SI 20250606 PS;SIMPLE_INSTRUMENT;EFS;EUR;242;130.44000000;215;EXCHANGE_LAST;;1;1;XEUR;11820389;688;
10.04.2025;14:30:08.358;FGBL SI 20250606 PS;SIMPLE_INSTRUMENT;EFS;EUR;243;130.35000000;430;EXCHANGE_LAST;;1;1;XEUR;11820389;688;
10.04.2025;14:30:34.154;FGBL SI 20250606 PS;SIMPLE_INSTRUMENT;EFS;EUR;244;130.44000000;215;EXCHANGE_LAST;;1;1;XEUR;11820389;688;
10.04.2025;14:31:30.317;FGBL SI 20250606 PS;SIMPLE_INSTRUMENT;EFS;EUR;245;130.60000000;215;EXCHANGE_LAST;;1;1;XEUR;11820389;688;
10.04.2025;14:32:34.350;FGBL SI 20250606 PS;SIMPLE_INSTRUMENT;EFS;EUR;246;130.41000000;53;EXCHANGE_LAST;;1;1;XEUR;11820389;688;
10.04.2025;14:33:13.530;FGBL SI 20250606 PS;SIMPLE_INSTRUMENT;EFS;EUR;247;130.60000000;215;EXCHANGE_LAST;;1;1;XEUR;11820389;688;
10.04.2025;14:35:21.436;FGBL SI 20250606 PS;SIMPLE_INSTRUMENT;EFS;EUR;248;130.45000000;352;EXCHANGE_LAST;;1;1;XEUR;11820389;688;
10.04.2025;14:37:18.808;FGBL SI 20250606 PS;SIMPLE_INSTRUMENT;EFS;EUR;249;130.44000000;705;EXCHANGE_LAST;;1;1;XEUR;11820389;688;
10.04.2025;14:37:36.992;FGBL SI 20250606 PS;SIMPLE_INSTRUMENT;EFS;EUR;250;130.44000000;705;EXCHANGE_LAST;;1;1;XEUR;11820389;688;
10.04.2025;14:37:56.669;FGBL SI 20250606 PS;SIMPLE_INSTRUMENT;EFS;EUR;251;130.29000000;344;EXCHANGE_LAST;;1;1;XEUR;11820389;688;
10.04.2025;14:38:00.484;FGBL SI 20250606 PS;SIMPLE_INSTRUMENT;EFS;EUR;252;130.31000000;878;EXCHANGE_LAST;;1;1;XEUR;11820389;688;
10.04.2025;14:38:33.287;FGBL SI 20250606 PS;SIMPLE_INSTRUMENT;EFS;EUR;253;130.51000000;295;EXCHANGE_LAST;;1;1;XEUR;11820389;688;
10.04.2025;14:42:21.662;FGBL SI 20250606 PS;SIMPLE_INSTRUMENT;BLOCK;EUR;254;130.32000000;4000;EXCHANGE_LAST;;1;1;XEUR;11820389;688;
10.04.2025;14:49:07.359;FGBL SI 20250606 PS;SIMPLE_INSTRUMENT;EFS;EUR;255;130.32000000;448;EXCHANGE_LAST;;1;1;XEUR;11820389;688;
10.04.2025;15:00:09.216;FGBL SI 20250606 PS;SIMPLE_INSTRUMENT;EFS;EUR;256;130.38000000;430;EXCHANGE_LAST;;1;1;XEUR;11820389;688;
10.04.2025;15:01:21.331;FGBL SI 20250606 PS;SIMPLE_INSTRUMENT;EFS;EUR;257;130.38000000;430;EXCHANGE_LAST;;1;1;XEUR;11820389;688;
10.04.2025;15:03:20.724;FGBL SI 20250606 PS;SIMPLE_INSTRUMENT;EFS;EUR;258;130.42000000;443;EXCHANGE_LAST;;1;1;XEUR;11820389;688;
10.04.2025;15:04:19.391;FGBL SI 20250606 PS;SIMPLE_INSTRUMENT;EFS;EUR;259;130.36000000;430;EXCHANGE_LAST;;1;1;XEUR;11820389;688;
10.04.2025;15:04:59.842;FGBL SI 20250606 PS;SIMPLE_INSTRUMENT;EFS;EUR;260;130.42000000;301;EXCHANGE_LAST;;1;1;XEUR;11820389;688;
10.04.2025;15:05:36.841;FGBL SI 20250606 PS;SIMPLE_INSTRUMENT;EFS;EUR;261;130.42000000;258;EXCHANGE_LAST;;1;1;XEUR;11820389;688;
10.04.2025;15:06:39.471;FGBL SI 20250606 PS;SIMPLE_INSTRUMENT;EFS;EUR;262;130.42000000;301;EXCHANGE_LAST;;1;1;XEUR;11820389;688;
10.04.2025;15:07:41.660;FGBL SI 20250606 PS;SIMPLE_INSTRUMENT;EFS;EUR;263;130.44000000;492;EXCHANGE_LAST;;1;1;XEUR;11820389;688;
10.04.2025;15:11:13.460;FGBL SI 20250606 PS;SIMPLE_INSTRUMENT;EFS;EUR;264;130.38000000;215;EXCHANGE_LAST;;1;1;XEUR;11820389;688;
10.04.2025;15:13:06.201;FGBL SI 20250606 PS;SIMPLE_INSTRUMENT;EFS;EUR;265;130.29000000;492;EXCHANGE_LAST;;1;1;XEUR;11820389;688;
10.04.2025;15:16:31.014;FGBL SI 20250606 PS;SIMPLE_INSTRUMENT;EFS;EUR;266;130.31000000;430;EXCHANGE_LAST;;1;1;XEUR;11820389;688;
10.04.2025;15:22:10.378;FGBL SI 20250606 PS;SIMPLE_INSTRUMENT;BLOCK;EUR;267;130.35000000;2736;EXCHANGE_LAST;;1;1;XEUR;11820389;688;
10.04.2025;15:23:36.468;FGBL SI 20250606 PS;SIMPLE_INSTRUMENT;EFS;EUR;268;130.40000000;430;EXCHANGE_LAST;;1;1;XEUR;11820389;688;
10.04.2025;15:25:50.763;FGBL SI 20250606 PS;SIMPLE_INSTRUMENT;EFS;EUR;269;130.44000000;468;EXCHANGE_LAST;;1;1;XEUR;11820389;688;
10.04.2025;15:26:36.674;FGBL SI 20250606 PS;SIMPLE_INSTRUMENT;EFS;EUR;270;130.42000000;430;EXCHANGE_LAST;;1;1;XEUR;11820389;688;
10.04.2025;15:28:54.971;FGBL SI 20250606 PS;SIMPLE_INSTRUMENT;EFS;EUR;271;130.43000000;220;EXCHANGE_LAST;;1;1;XEUR;11820389;688;
10.04.2025;15:33:41.229;FGBL SI 20250606 PS;SIMPLE_INSTRUMENT;EFS;EUR;272;130.43000000;879;EXCHANGE_LAST;;1;1;XEUR;11820389;688;
10.04.2025;15:35:36.837;FGBL SI 20250606 PS;SIMPLE_INSTRUMENT;EFS;EUR;273;130.44000000;750;EXCHANGE_LAST;;1;1;XEUR;11820389;688;
10.04.2025;15:40:45.679;FGBL SI 20250606 PS;SIMPLE_INSTRUMENT;EFP_FIN;EUR;274;130.44000000;1317;EXCHANGE_LAST;;1;1;XEUR;11820389;688;
10.04.2025;15:41:41.549;FGBL SI 20250606 PS;SIMPLE_INSTRUMENT;EFS;EUR;275;130.50000000;150;EXCHANGE_LAST;;1;1;XEUR;11820389;688;
10.04.2025;15:47:16.808;FGBL SI 20250606 PS;SIMPLE_INSTRUMENT;EFS;EUR;276;130.45000000;430;EXCHANGE_LAST;;1;1;XEUR;11820389;688;
10.04.2025;15:49:37.323;FGBL SI 20250606 PS;SIMPLE_INSTRUMENT;EFS;EUR;277;130.45000000;430;EXCHANGE_LAST;;1;1;XEUR;11820389;688;
10.04.2025;15:51:34.503;FGBL SI 20250606 PS;SIMPLE_INSTRUMENT;EFS;EUR;278;130.44000000;430;EXCHANGE_LAST;;1;1;XEUR;11820389;688;
10.04.2025;15:56:30.606;FGBL SI 20250606 PS;SIMPLE_INSTRUMENT;EFP_FIN;EUR;279;129.86000000;161;EXCHANGE_LAST;;1;1;XEUR;11820389;688;
10.04.2025;16:02:51.858;FGBL SI 20250606 PS;SIMPLE_INSTRUMENT;EFS;EUR;280;130.51000000;687;EXCHANGE_LAST;;1;1;XEUR;11820389;688;
10.04.2025;06:59:27.542;FGBL SI 20250606 PS;SIMPLE_INSTRUMENT;VOLA;EUR;268435459;129.18000000;225;EXCHANGE_LAST;;1;1;XEUR;11820389;688;
10.04.2025;07:13:12.937;FGBL SI 20250606 PS;SIMPLE_INSTRUMENT;VOLA;EUR;268435465;129.32000000;30;EXCHANGE_LAST;;1;1;XEUR;11820389;688;
10.04.2025;07:13:33.940;FGBL SI 20250606 PS;SIMPLE_INSTRUMENT;VOLA;EUR;268435468;129.32000000;20;EXCHANGE_LAST;;1;1;XEUR;11820389;688;
10.04.2025;07:47:25.636;FGBL SI 20250606 PS;SIMPLE_INSTRUMENT;VOLA;EUR;268435481;129.33000000;71;EXCHANGE_LAST;;1;1;XEUR;11820389;688;
10.04.2025;08:12:29.407;FGBL SI 20250606 PS;SIMPLE_INSTRUMENT;VOLA;EUR;268435489;129.60000000;19;EXCHANGE_LAST;;1;1;XEUR;11820389;688;
10.04.2025;08:16:28.964;FGBL SI 20250606 PS;SIMPLE_INSTRUMENT;VOLA;EUR;268435495;129.28000000;200;EXCHANGE_LAST;;1;1;XEUR;11820389;688;
10.04.2025;08:18:10.987;FGBL SI 20250606 PS;SIMPLE_INSTRUMENT;VOLA;EUR;268435496;129.28000000;100;EXCHANGE_LAST;;1;1;XEUR;11820389;688;
10.04.2025;08:18:51.998;FGBL SI 20250606 PS;SIMPLE_INSTRUMENT;VOLA;EUR;268435498;129.28000000;80;EXCHANGE_LAST;;1;1;XEUR;11820389;688;
10.04.2025;08:51:48.668;FGBL SI 20250606 PS;SIMPLE_INSTRUMENT;VOLA;EUR;268435512;129.75000000;31;EXCHANGE_LAST;;1;1;XEUR;11820389;688;
10.04.2025;08:52:51.045;FGBL SI 20250606 PS;SIMPLE_INSTRUMENT;VOLA;EUR;268435513;129.72000000;300;EXCHANGE_LAST;;1;1;XEUR;11820389;688;
10.04.2025;08:53:22.020;FGBL SI 20250606 PS;SIMPLE_INSTRUMENT;VOLA;EUR;268435514;129.75000000;31;EXCHANGE_LAST;;1;1;XEUR;11820389;688;
10.04.2025;08:53:36.431;FGBL SI 20250606 PS;SIMPLE_INSTRUMENT;VOLA;EUR;268435515;129.72000000;300;EXCHANGE_LAST;;1;1;XEUR;11820389;688;
10.04.2025;08:54:28.137;FGBL SI 20250606 PS;SIMPLE_INSTRUMENT;VOLA;EUR;268435516;129.72000000;318;EXCHANGE_LAST;;1;1;XEUR;11820389;688;
10.04.2025;10:16:38.247;FGBL SI 20250606 PS;SIMPLE_INSTRUMENT;VOLA;EUR;268435532;129.85000000;650;EXCHANGE_LAST;;1;1;XEUR;11820389;688;
10.04.2025;10:17:11.853;FGBL SI 20250606 PS;SIMPLE_INSTRUMENT;VOLA;EUR;268435534;129.85000000;650;EXCHANGE_LAST;;1;1;XEUR;11820389;688;
10.04.2025;12:55:45.039;FGBL SI 20250606 PS;SIMPLE_INSTRUMENT;VOLA;EUR;268435574;130.02000000;34;EXCHANGE_LAST;;1;1;XEUR;11820389;688;
10.04.2025;13:26:19.178;FGBL SI 20250606 PS;SIMPLE_INSTRUMENT;VOLA;EUR;268435578;129.93000000;12;EXCHANGE_LAST;;1;1;XEUR;11820389;688;
10.04.2025;13:47:16.708;FGBL SI 20250606 PS;SIMPLE_INSTRUMENT;VOLA;EUR;268435584;129.98000000;138;EXCHANGE_LAST;;1;1;XEUR;11820389;688;
10.04.2025;14:37:47.597;FGBL SI 20250606 PS;SIMPLE_INSTRUMENT;VOLA;EUR;268435602;130.39000000;188;EXCHANGE_LAST;;1;1;XEUR;11820389;688;
10.04.2025;14:41:38.790;FGBL SI 20250606 PS;SIMPLE_INSTRUMENT;VOLA;EUR;268435605;130.55000000;63;EXCHANGE_LAST;;1;1;XEUR;11820389;688;
10.04.2025;14:42:04.793;FGBL SI 20250606 PS;SIMPLE_INSTRUMENT;VOLA;EUR;268435606;130.55000000;62;EXCHANGE_LAST;;1;1;XEUR;11820389;688;
10.04.2025;06:39:55.359;FGBM SI 20250606 PS;SIMPLE_INSTRUMENT;EFS;EUR;1;118.28000000;930;EXCHANGE_LAST;;1;1;XEUR;11820390;689;
10.04.2025;06:46:03.021;FGBM SI 20250606 PS;SIMPLE_INSTRUMENT;EFS;EUR;2;118.28000000;850;EXCHANGE_LAST;;1;1;XEUR;11820390;689;
10.04.2025;06:56:46.479;FGBM SI 20250606 PS;SIMPLE_INSTRUMENT;EFS;EUR;3;118.34000000;93;EXCHANGE_LAST;;1;1;XEUR;11820390;689;
10.04.2025;06:57:24.507;FGBM SI 20250606 PS;SIMPLE_INSTRUMENT;EFS;EUR;4;118.24000000;847;EXCHANGE_LAST;;1;1;XEUR;11820390;689;
10.04.2025;06:59:00.890;FGBM SI 20250606 PS;SIMPLE_INSTRUMENT;EFS;EUR;5;118.21000000;552;EXCHANGE_LAST;;1;1;XEUR;11820390;689;
10.04.2025;07:00:54.978;FGBM SI 20250606 PS;SIMPLE_INSTRUMENT;EFS;EUR;6;118.29000000;850;EXCHANGE_LAST;;1;1;XEUR;11820390;689;
10.04.2025;07:05:03.754;FGBM SI 20250606 PS;SIMPLE_INSTRUMENT;EFS;EUR;7;118.24000000;1272;EXCHANGE_LAST;;1;1;XEUR;11820390;689;
10.04.2025;07:06:54.938;FGBM SI 20250606 PS;SIMPLE_INSTRUMENT;EFS;EUR;8;118.34000000;638;EXCHANGE_LAST;;1;1;XEUR;11820390;689;
10.04.2025;07:23:02.815;FGBM SI 20250606 PS;SIMPLE_INSTRUMENT;EFP_FIN;EUR;9;118.36000000;1278;EXCHANGE_LAST;;1;1;XEUR;11820390;689;
10.04.2025;07:19:54.554;FGBM SI 20250606 PS;SIMPLE_INSTRUMENT;EFS;EUR;10;118.25000000;930;EXCHANGE_LAST;;1;1;XEUR;11820390;689;
10.04.2025;07:31:46.864;FGBM SI 20250606 PS;SIMPLE_INSTRUMENT;EFS;EUR;11;118.33000000;2183;EXCHANGE_LAST;;1;1;XEUR;11820390;689;
10.04.2025;07:34:40.929;FGBM SI 20250606 PS;SIMPLE_INSTRUMENT;EFS;EUR;12;118.37000000;1269;EXCHANGE_LAST;;1;1;XEUR;11820390;689;
10.04.2025;07:45:09.110;FGBM SI 20250606 PS;SIMPLE_INSTRUMENT;EFS;EUR;13;118.32000000;465;EXCHANGE_LAST;;1;1;XEUR;11820390;689;
10.04.2025;07:48:52.101;FGBM SI 20250606 PS;SIMPLE_INSTRUMENT;EFP_FIN;EUR;14;118.38000000;893;EXCHANGE_LAST;;1;1;XEUR;11820390;689;
10.04.2025;07:54:08.139;FGBM SI 20250606 PS;SIMPLE_INSTRUMENT;EFS;EUR;15;118.38000000;1393;EXCHANGE_LAST;;1;1;XEUR;11820390;689;
10.04.2025;07:52:49.001;FGBM SI 20250606 PS;SIMPLE_INSTRUMENT;EFP_FIN;EUR;16;118.37000000;470;EXCHANGE_LAST;;1;1;XEUR;11820390;689;
10.04.2025;07:53:01.488;FGBM SI 20250606 PS;SIMPLE_INSTRUMENT;EFS;EUR;17;118.44000000;1264;EXCHANGE_LAST;;1;1;XEUR;11820390;689;
10.04.2025;07:55:03.135;FGBM SI 20250606 PS;SIMPLE_INSTRUMENT;EFS;EUR;18;118.33000000;469;EXCHANGE_LAST;;1;1;XEUR;11820390;689;
10.04.2025;08:08:53.830;FGBM SI 20250606 PS;SIMPLE_INSTRUMENT;EFP_FIN;EUR;19;118.59000000;834;EXCHANGE_LAST;;1;1;XEUR;11820390;689;
10.04.2025;08:11:14.045;FGBM SI 20250606 PS;SIMPLE_INSTRUMENT;EFS;EUR;20;118.54000000;334;EXCHANGE_LAST;;1;1;XEUR;11820390;689;
10.04.2025;08:12:28.637;FGBM SI 20250606 PS;SIMPLE_INSTRUMENT;EFP_FIN;EUR;21;118.34000000;426;EXCHANGE_LAST;;1;1;XEUR;11820390;689;
10.04.2025;08:13:15.660;FGBM SI 20250606 PS;SIMPLE_INSTRUMENT;EFS;EUR;22;118.49000000;928;EXCHANGE_LAST;;1;1;XEUR;11820390;689;
10.04.2025;08:15:46.639;FGBM SI 20250606 PS;SIMPLE_INSTRUMENT;EFS;EUR;23;118.53000000;500;EXCHANGE_LAST;;1;1;XEUR;11820390;689;
10.04.2025;08:17:06.473;FGBM SI 20250606 PS;SIMPLE_INSTRUMENT;EFP_FIN;EUR;24;118.41000000;1704;EXCHANGE_LAST;;1;1;XEUR;11820390;689;
10.04.2025;08:20:40.634;FGBM SI 20250606 PS;SIMPLE_INSTRUMENT;EFP_FIN;EUR;25;118.35000000;4063;EXCHANGE_LAST;;1;1;XEUR;11820390;689;
10.04.2025;08:24:07.800;FGBM SI 20250606 PS;SIMPLE_INSTRUMENT;EFP_FIN;EUR;26;118.51000000;503;EXCHANGE_LAST;;1;1;XEUR;11820390;689;
10.04.2025;08:27:02.480;FGBM SI 20250606 PS;SIMPLE_INSTRUMENT;EFP_FIN;EUR;27;118.53000000;245;EXCHANGE_LAST;;1;1;XEUR;11820390;689;
10.04.2025;08:27:49.262;FGBM SI 20250606 PS;SIMPLE_INSTRUMENT;EFS;EUR;28;118.54000000;424;EXCHANGE_LAST;;1;1;XEUR;11820390;689;
10.04.2025;08:28:28.359;FGBM SI 20250606 PS;SIMPLE_INSTRUMENT;EFS;EUR;29;118.54000000;848;EXCHANGE_LAST;;1;1;XEUR;11820390;689;
10.04.2025;08:29:19.059;FGBM SI 20250606 PS;SIMPLE_INSTRUMENT;EFS;EUR;30;118.54000000;254;EXCHANGE_LAST;;1;1;XEUR;11820390;689;
10.04.2025;08:29:59.052;FGBM SI 20250606 PS;SIMPLE_INSTRUMENT;EFS;EUR;31;118.54000000;424;EXCHANGE_LAST;;1;1;XEUR;11820390;689;
10.04.2025;08:31:04.649;FGBM SI 20250606 PS;SIMPLE_INSTRUMENT;EFS;EUR;32;118.54000000;424;EXCHANGE_LAST;;1;1;XEUR;11820390;689;
10.04.2025;08:31:22.380;FGBM SI 20250606 PS;SIMPLE_INSTRUMENT;EFP_FIN;EUR;33;118.52000000;483;EXCHANGE_LAST;;1;1;XEUR;11820390;689;
10.04.2025;08:31:37.176;FGBM SI 20250606 PS;SIMPLE_INSTRUMENT;EFS;EUR;34;118.54000000;2523;EXCHANGE_LAST;;1;1;XEUR;11820390;689;
10.04.2025;08:32:02.248;FGBM SI 20250606 PS;SIMPLE_INSTRUMENT;EFP_FIN;EUR;35;118.46000000;852;EXCHANGE_LAST;;1;1;XEUR;11820390;689;
10.04.2025;08:36:26.336;FGBM SI 20250606 PS;SIMPLE_INSTRUMENT;EFS;EUR;36;118.54000000;828;EXCHANGE_LAST;;1;1;XEUR;11820390;689;
10.04.2025;08:42:36.860;FGBM SI 20250606 PS;SIMPLE_INSTRUMENT;EFS;EUR;37;118.64000000;424;EXCHANGE_LAST;;1;1;XEUR;11820390;689;
10.04.2025;08:47:18.093;FGBM SI 20250606 PS;SIMPLE_INSTRUMENT;EFS;EUR;38;118.59000000;250;EXCHANGE_LAST;;1;1;XEUR;11820390;689;
10.04.2025;08:52:28.532;FGBM SI 20250606 PS;SIMPLE_INSTRUMENT;EFP_FIN;EUR;39;118.54000000;61;EXCHANGE_LAST;;1;1;XEUR;11820390;689;
10.04.2025;08:54:31.705;FGBM SI 20250606 PS;SIMPLE_INSTRUMENT;EFP_FIN;EUR;40;118.46000000;213;EXCHANGE_LAST;;1;1;XEUR;11820390;689;
10.04.2025;08:56:01.205;FGBM SI 20250606 PS;SIMPLE_INSTRUMENT;EFS;EUR;41;118.54000000;849;EXCHANGE_LAST;;1;1;XEUR;11820390;689;
10.04.2025;08:59:31.371;FGBM SI 20250606 PS;SIMPLE_INSTRUMENT;EFP_FIN;EUR;42;118.61000000;167;EXCHANGE_LAST;;1;1;XEUR;11820390;689;
10.04.2025;08:58:21.312;FGBM SI 20250606 PS;SIMPLE_INSTRUMENT;EFS;EUR;43;118.54000000;425;EXCHANGE_LAST;;1;1;XEUR;11820390;689;
10.04.2025;09:10:48.327;FGBM SI 20250606 PS;SIMPLE_INSTRUMENT;EFP_FIN;EUR;44;118.62000000;1223;EXCHANGE_LAST;;1;1;XEUR;11820390;689;
10.04.2025;09:11:32.628;FGBM SI 20250606 PS;SIMPLE_INSTRUMENT;EFS;EUR;45;118.35000000;929;EXCHANGE_LAST;;1;1;XEUR;11820390;689;
10.04.2025;09:15:37.761;FGBM SI 20250606 PS;SIMPLE_INSTRUMENT;EFS;EUR;46;118.41000000;253;EXCHANGE_LAST;;1;1;XEUR;11820390;689;
10.04.2025;09:31:56.070;FGBM SI 20250606 PS;SIMPLE_INSTRUMENT;EFP_FIN;EUR;47;118.57000000;408;EXCHANGE_LAST;;1;1;XEUR;11820390;689;
10.04.2025;09:31:56.070;FGBM SI 20250606 PS;SIMPLE_INSTRUMENT;EFP_FIN;EUR;48;118.57000000;204;EXCHANGE_LAST;;1;1;XEUR;11820390;689;
10.04.2025;09:31:56.070;FGBM SI 20250606 PS;SIMPLE_INSTRUMENT;EFP_FIN;EUR;49;118.57000000;204;EXCHANGE_LAST;;1;1;XEUR;11820390;689;
10.04.2025;09:49:40.850;FGBM SI 20250606 PS;SIMPLE_INSTRUMENT;EFS;EUR;50;118.68000000;250;EXCHANGE_LAST;;1;1;XEUR;11820390;689;
10.04.2025;09:51:09.326;FGBM SI 20250606 PS;SIMPLE_INSTRUMENT;EFS;EUR;51;118.68000000;250;EXCHANGE_LAST;;1;1;XEUR;11820390;689;
10.04.2025;09:52:16.024;FGBM SI 20250606 PS;SIMPLE_INSTRUMENT;EFS;EUR;52;118.69000000;847;EXCHANGE_LAST;;1;1;XEUR;11820390;689;
10.04.2025;09:55:48.430;FGBM SI 20250606 PS;SIMPLE_INSTRUMENT;EFS;EUR;53;118.67000000;814;EXCHANGE_LAST;;1;1;XEUR;11820390;689;
10.04.2025;10:02:10.865;FGBM SI 20250606 PS;SIMPLE_INSTRUMENT;EFS;EUR;54;118.67000000;84;EXCHANGE_LAST;;1;1;XEUR;11820390;689;
10.04.2025;10:03:39.242;FGBM SI 20250606 PS;SIMPLE_INSTRUMENT;EFS;EUR;55;118.72000000;1388;EXCHANGE_LAST;;1;1;XEUR;11820390;689;
10.04.2025;10:04:05.667;FGBM SI 20250606 PS;SIMPLE_INSTRUMENT;EFP_FIN;EUR;56;118.70000000;846;EXCHANGE_LAST;;1;1;XEUR;11820390;689;
10.04.2025;10:07:19.893;FGBM SI 20250606 PS;SIMPLE_INSTRUMENT;EFP_FIN;EUR;57;118.63000000;400;EXCHANGE_LAST;;1;1;XEUR;11820390;689;
10.04.2025;10:07:04.413;FGBM SI 20250606 PS;SIMPLE_INSTRUMENT;EFS;EUR;58;118.64000000;424;EXCHANGE_LAST;;1;1;XEUR;11820390;689;
10.04.2025;10:08:17.000;FGBM SI 20250606 PS;SIMPLE_INSTRUMENT;EFS;EUR;59;118.66000000;421;EXCHANGE_LAST;;1;1;XEUR;11820390;689;
10.04.2025;10:14:52.299;FGBM SI 20250606 PS;SIMPLE_INSTRUMENT;EFS;EUR;60;118.64000000;824;EXCHANGE_LAST;;1;1;XEUR;11820390;689;
10.04.2025;10:23:20.629;FGBM SI 20250606 PS;SIMPLE_INSTRUMENT;EFS;EUR;61;118.61000000;848;EXCHANGE_LAST;;1;1;XEUR;11820390;689;
10.04.2025;10:25:59.790;FGBM SI 20250606 PS;SIMPLE_INSTRUMENT;EFP_FIN;EUR;62;118.55000000;1278;EXCHANGE_LAST;;1;1;XEUR;11820390;689;
10.04.2025;10:35:18.211;FGBM SI 20250606 PS;SIMPLE_INSTRUMENT;EFS;EUR;63;118.65000000;838;EXCHANGE_LAST;;1;1;XEUR;11820390;689;
10.04.2025;10:41:52.888;FGBM SI 20250606 PS;SIMPLE_INSTRUMENT;EFS;EUR;64;118.66000000;356;EXCHANGE_LAST;;1;1;XEUR;11820390;689;
10.04.2025;10:42:14.331;FGBM SI 20250606 PS;SIMPLE_INSTRUMENT;EFS;EUR;65;118.65000000;1843;EXCHANGE_LAST;;1;1;XEUR;11820390;689;
10.04.2025;10:46:02.891;FGBM SI 20250606 PS;SIMPLE_INSTRUMENT;EFS;EUR;66;118.62000000;1393;EXCHANGE_LAST;;1;1;XEUR;11820390;689;
10.04.2025;10:58:23.928;FGBM SI 20250606 PS;SIMPLE_INSTRUMENT;EFS;EUR;67;118.59000000;371;EXCHANGE_LAST;;1;1;XEUR;11820390;689;
10.04.2025;10:59:49.885;FGBM SI 20250606 PS;SIMPLE_INSTRUMENT;EFS;EUR;68;118.57000000;1854;EXCHANGE_LAST;;1;1;XEUR;11820390;689;
10.04.2025;11:07:15.372;FGBM SI 20250606 PS;SIMPLE_INSTRUMENT;EFS;EUR;69;118.64000000;848;EXCHANGE_LAST;;1;1;XEUR;11820390;689;
