#Date;TrdTime;Contract;ContractType;TrdTyp;Currency;TesId;Prc;Qty;TrdInd;Aggressor;Buy;Sell;Exch;InstrumentId;RelatedProdId;PrcDecomp
29.04.2025;14:42:19.648;A2LV SI 20250620 CS;SIMPLE_INSTRUMENT;BLOCK;EUR;100;15.40000000;41;EXCHANGE_LAST;;1;1;XEUR;10827629;12;
29.04.2025;09:17:34.069;A2NA SI 20250620 CS;SIMPLE_INSTRUMENT;BLOCK;EUR;9;9.76000000;441;EXCHANGE_LAST;;1;1;XEUR;10872538;151298;
29.04.2025;10:36:29.213;A2NA SI 20250620 CS;SIMPLE_INSTRUMENT;BLOCK;EUR;46;9.76000000;440;EXCHANGE_LAST;;1;1;XEUR;10872538;151298;
29.04.2025;13:28:35.331;A2SG SI 20251219 CS;SIMPLE_INSTRUMENT;BLOCK;EUR;69;1.47000000;1200;EXCHANGE_LAST;;2;2;XEUR;5914262;14;
29.04.2025;13:48:57.909;A2SG SI 20251219 CS;SIMPLE_INSTRUMENT;BLOCK;EUR;73;1.47000000;300;EXCHANGE_LAST;;1;2;XEUR;5914262;14;
29.04.2025;16:31:19.462;A2XA SI 20250620 CS;SIMPLE_INSTRUMENT;BLOCK;EUR;139;2.15000000;245;EXCHANGE_LAST;;1;2;XEUR;10827630;17;
29.04.2025;08:34:10.141;ABBN SI 20250919 PS AM P 42.00 0;SIMPLE_INSTRUMENT;BLOCK;CHF;5;2.50000000;1750;EXCHANGE_LAST;;1;1;XEUR;11927938;574517;
29.04.2025;07:53:21.930;ADS SI 20251219 PS AM C 300.00 0;SIMPLE_INSTRUMENT;BLOCK;EUR;2;2.23000000;250;EXCHANGE_LAST;;1;1;XEUR;12430784;50;
29.04.2025;09:17:29.752;AEAF SI 20250620 CS;SIMPLE_INSTRUMENT;BLOCK;EUR;8;217.72580000;5000;EXCHANGE_LAST;;1;1;XEUR;11202228;298511;
29.04.2025;10:35:57.984;AEAF SI 20250620 CS;SIMPLE_INSTRUMENT;BLOCK;EUR;45;217.72630000;5000;EXCHANGE_LAST;;1;1;XEUR;11202228;298511;
29.04.2025;15:06:02.460;AIR SI 20250718 PS AM C 190.00 0;SIMPLE_INSTRUMENT;BLOCK;EUR;40;1.40000000;372;EXCHANGE_LAST;;1;1;XEUR;13234659;64;
29.04.2025;15:05:58.459;AIR SI 20250718 PS AM C 190.00 0;SIMPLE_INSTRUMENT;BLOCK;EUR;41;1.47000000;465;EXCHANGE_LAST;;1;1;XEUR;13234659;64;
29.04.2025;13:28:09.144;AKU SI 20250516 PS AM C 58.00 0;SIMPLE_INSTRUMENT;BLOCK;EUR;23;0.39000000;300;EXCHANGE_LAST;;1;1;XEUR;12812607;78;
29.04.2025;09:23:38.930;ALV SI 20260619 PS AM P 360.00 0;SIMPLE_INSTRUMENT;BLOCK;EUR;3;39.15000000;300;EXCHANGE_LAST;;1;1;XEUR;9537466;74;
29.04.2025;09:49:49.998;ALV.O.250429.CNV.000007;STANDARD_OPTION_STRATEGY;BLOCK;EUR;7;39.50000000;900;EXCHANGE_LAST;;1;1;XEUR;72057911865570312;74;
29.04.2025;09:49:49.998;ALV SI 20260619 PS AM P 310.00 0;SIMPLE_INSTRUMENT;BLOCK;EUR;7;17.17000000;900;PRC_DECOMP_MEMBER;;;;XEUR;12715885;74;MEMBER
29.04.2025;09:49:49.998;ALV SI 20260619 PS AM C 310.00 0;SIMPLE_INSTRUMENT;BLOCK;EUR;7;56.67000000;900;PRC_DECOMP_MEMBER;;;;XEUR;12715881;74;MEMBER
29.04.2025;14:35:42.525;ALVG SI 20250620 CS;SIMPLE_INSTRUMENT;BLOCK;EUR;99;349.80000000;500;EXCHANGE_LAST;;1;1;XEUR;11168195;85;
29.04.2025;09:57:27.975;AMS SI 20251219 PS AM P 8.00 0;SIMPLE_INSTRUMENT;BLOCK;CHF;23;2.16000000;500;EXCHANGE_LAST;;1;1;XEUR;11997386;10807;
29.04.2025;11:14:43.678;ANN.O.250429.STD.000007;STANDARD_OPTION_STRATEGY;BLOCK;EUR;11;2.02000000;2000;EXCHANGE_LAST;;1;1;XEUR;72251735149670359;45202;
29.04.2025;11:14:43.678;ANN SI 20250516 PS AM P 28.00 0;SIMPLE_INSTRUMENT;BLOCK;EUR;11;0.65000000;2000;PRC_DECOMP_EXCHANGE;;;;XEUR;12838443;45202;EXCHANGE
29.04.2025;11:14:43.678;ANN SI 20250516 PS AM C 28.00 0;SIMPLE_INSTRUMENT;BLOCK;EUR;11;1.37000000;2000;PRC_DECOMP_EXCHANGE;;;;XEUR;12838441;45202;EXCHANGE
29.04.2025;12:31:15.861;ANN SI 20251219 PS AM P 24.00 0;SIMPLE_INSTRUMENT;BLOCK;EUR;13;1.25000000;7000;EXCHANGE_LAST;;1;1;XEUR;7733120;45202;
29.04.2025;12:05:11.654;ASG5.O.250429.COMBO.000001;STANDARD_OPTION_STRATEGY;BLOCK;EUR;21;-0.36000000;8500;EXCHANGE_LAST;;1;2;XEUR;72058062189369563;109;
29.04.2025;12:05:11.654;ASG5 SI 20250619 PS AM P 26.00 0;SIMPLE_INSTRUMENT;BLOCK;EUR;21;0.23450000;8500;PRC_DECOMP_EXCHANGE;;;;XEUR;11336767;109;EXCHANGE
29.04.2025;12:05:11.654;ASG5 SI 20250619 PS AM C 32.00 0;SIMPLE_INSTRUMENT;BLOCK;EUR;21;0.59450000;8500;PRC_DECOMP_EXCHANGE;;;;XEUR;8659226;109;EXCHANGE
29.04.2025;09:26:48.403;ASM SI 20250919 PS AM C 680.00 0;SIMPLE_INSTRUMENT;BLOCK;EUR;8;24.20000000;300;EXCHANGE_LAST;;1;1;XEUR;11872159;107;
29.04.2025;08:01:57.252;AXA.O.250429.STD.000002;STANDARD_OPTION_STRATEGY;BLOCK;EUR;7;9.45000000;9500;EXCHANGE_LAST;;1;1;XEUR;72058139498795525;127;
29.04.2025;08:01:57.252;AXA SI 20260619 PS AM C 34.00 0;SIMPLE_INSTRUMENT;BLOCK;EUR;7;7.45000000;9500;PRC_DECOMP_MEMBER;;;;XEUR;12748971;127;MEMBER
29.04.2025;08:01:57.252;AXA SI 20260619 PS AM P 34.00 0;SIMPLE_INSTRUMENT;BLOCK;EUR;7;2.00000000;9500;PRC_DECOMP_MEMBER;;;;XEUR;12748950;127;MEMBER
29.04.2025;08:02:24.028;AXA SI 20260619 PS AM P 36.00 0;SIMPLE_INSTRUMENT;BLOCK;EUR;8;2.72000000;16000;EXCHANGE_LAST;;1;1;XEUR;9538760;127;
29.04.2025;16:31:11.167;AXAG SI 20250620 CS;SIMPLE_INSTRUMENT;BLOCK;EUR;138;39.75250000;4880;EXCHANGE_LAST;;1;3;XEUR;11168731;125;
29.04.2025;11:25:28.865;B2AS SI 20250620 CS;SIMPLE_INSTRUMENT;BLOCK;EUR;50;2.25000000;160;EXCHANGE_LAST;;1;1;XEUR;10830335;140;
29.04.2025;14:23:39.773;B2AS SI 20250620 CS;SIMPLE_INSTRUMENT;BLOCK;EUR;89;2.25000000;85;EXCHANGE_LAST;;1;1;XEUR;10830335;140;
29.04.2025;10:10:25.303;B2MW SI 20261218 CS;SIMPLE_INSTRUMENT;BLOCK;EUR;37;3.17000000;100;EXCHANGE_LAST;;1;1;XEUR;4632168;128;
29.04.2025;14:36:30.827;B2PE SI 20250620 CS;SIMPLE_INSTRUMENT;BLOCK;EUR;98;0.60000000;2640;EXCHANGE_LAST;;1;1;XEUR;12178633;949835;
29.04.2025;08:27:28.745;B3BV SI 20251219 CS;SIMPLE_INSTRUMENT;BLOCK;EUR;2;0.69200000;700;EXCHANGE_LAST;;1;2;XEUR;5914370;135;
29.04.2025;08:40:21.821;B3BV SI 20251219 CS;SIMPLE_INSTRUMENT;BLOCK;EUR;3;0.69300000;700;EXCHANGE_LAST;;1;2;XEUR;5914370;135;
29.04.2025;09:25:38.269;B3BV SI 20251219 CS;SIMPLE_INSTRUMENT;BLOCK;EUR;14;0.69000000;250;EXCHANGE_LAST;;1;1;XEUR;5914370;135;
29.04.2025;09:25:47.830;B3BV SI 20251219 CS;SIMPLE_INSTRUMENT;BLOCK;EUR;15;0.69500000;250;EXCHANGE_LAST;;1;1;XEUR;5914370;135;
29.04.2025;09:53:45.723;B3BV SI 20251219 CS;SIMPLE_INSTRUMENT;BLOCK;EUR;33;0.69500000;500;EXCHANGE_LAST;;1;1;XEUR;5914370;135;
29.04.2025;09:53:52.451;B3BV SI 20251219 CS;SIMPLE_INSTRUMENT;BLOCK;EUR;34;0.69200000;500;EXCHANGE_LAST;;2;1;XEUR;5914370;135;
29.04.2025;09:53:59.541;B3BV SI 20251219 CS;SIMPLE_INSTRUMENT;BLOCK;EUR;36;0.69300000;500;EXCHANGE_LAST;;2;1;XEUR;5914370;135;
29.04.2025;09:49:11.045;BAEN.O.250429.STG.000001;STANDARD_OPTION_STRATEGY;BLOCK;CHF;21;8.93000000;400;EXCHANGE_LAST;;1;1;XEUR;72058276937746818;159;
29.04.2025;09:49:11.045;BAEN SI 20260320 PS AM P 50.00 0;SIMPLE_INSTRUMENT;BLOCK;CHF;21;4.53000000;400;PRC_DECOMP_EXCHANGE;;;;XEUR;12996733;159;EXCHANGE
29.04.2025;09:49:11.045;BAEN SI 20260320 PS AM C 56.00 0;SIMPLE_INSTRUMENT;BLOCK;CHF;21;4.40000000;400;PRC_DECOMP_EXCHANGE;;;;XEUR;12996738;159;EXCHANGE
29.04.2025;08:56:50.065;BAS SI 20250620 PS AM P 52.00 0;SIMPLE_INSTRUMENT;BLOCK;EUR;2;8.37000000;1500;EXCHANGE_LAST;;1;2;XEUR;7898981;150;
29.04.2025;09:47:19.141;BAS.O.250429.BUL.000006;STANDARD_OPTION_STRATEGY;BLOCK;EUR;6;0.37000000;2000;EXCHANGE_LAST;;1;1;XEUR;72058238283093235;150;
29.04.2025;09:47:19.141;BAS SI 20250620 PS AM C 48.00 0;SIMPLE_INSTRUMENT;BLOCK;EUR;6;0.78000000;2000;PRC_DECOMP_EXCHANGE;;;;XEUR;7898967;150;EXCHANGE
29.04.2025;09:47:19.141;BAS SI 20250620 PS AM C 50.00 0;SIMPLE_INSTRUMENT;BLOCK;EUR;6;0.41000000;2000;PRC_DECOMP_EXCHANGE;;;;XEUR;10779749;150;EXCHANGE
29.04.2025;11:23:34.074;BAS.N.250429.000008;NON_STANDARD_OPTION_STRATEGY;BLOCK;EUR;8;0.82000000;1000;EXCHANGE_LAST;;1;1;XEUR;72058238283093237;150;
29.04.2025;11:23:34.074;BAS SI 20250718 PS AM C 44.00 0;SIMPLE_INSTRUMENT;BLOCK;EUR;8;2.65000000;1000;PRC_DECOMP_EXCHANGE;;;;XEUR;13235993;150;EXCHANGE
29.04.2025;11:23:34.074;BAS SI 20250620 PS AM P 46.00 0;SIMPLE_INSTRUMENT;BLOCK;EUR;8;3.47000000;1000;PRC_DECOMP_EXCHANGE;;;;XEUR;9516114;150;EXCHANGE
29.04.2025;12:33:45.810;BAS SI 20251219 PS AM C 47.00 0;SIMPLE_INSTRUMENT;BLOCK;EUR;9;2.95000000;2473;EXCHANGE_LAST;;1;1;XEUR;7509822;150;
29.04.2025;12:33:49.711;BAS SI 20251219 PS AM C 60.00 0;SIMPLE_INSTRUMENT;BLOCK;EUR;10;0.48000000;619;EXCHANGE_LAST;;1;1;XEUR;5922207;150;
29.04.2025;12:33:54.266;BAS SI 20251219 PS AM C 60.00 0;SIMPLE_INSTRUMENT;BLOCK;EUR;11;0.49000000;1854;EXCHANGE_LAST;;1;1;XEUR;5922207;150;
29.04.2025;13:19:54.970;BAS SI 20250516 PS AM C 48.00 0;SIMPLE_INSTRUMENT;BLOCK;EUR;12;0.25000000;4500;EXCHANGE_LAST;;1;1;XEUR;12813654;150;
29.04.2025;13:19:54.757;BAS SI 20250516 PS AM C 50.00 0;SIMPLE_INSTRUMENT;BLOCK;EUR;13;0.07000000;4500;EXCHANGE_LAST;;1;1;XEUR;12813628;150;
29.04.2025;14:17:51.139;BAS.O.250429.BUL.000012;STANDARD_OPTION_STRATEGY;BLOCK;EUR;16;0.18000000;5000;EXCHANGE_LAST;;1;2;XEUR;72058238283093241;150;
29.04.2025;14:17:51.139;BAS SI 20250516 PS AM C 50.00 0;SIMPLE_INSTRUMENT;BLOCK;EUR;16;0.07000000;5000;PRC_DECOMP_EXCHANGE;;;;XEUR;12813628;150;EXCHANGE
29.04.2025;14:17:51.139;BAS SI 20250516 PS AM C 48.00 0;SIMPLE_INSTRUMENT;BLOCK;EUR;16;0.25000000;5000;PRC_DECOMP_EXCHANGE;;;;XEUR;12813654;150;EXCHANGE
29.04.2025;08:57:50.505;BASE SI 20250620 PS EU P 46.00 0;SIMPLE_INSTRUMENT;BLOCK;EUR;3;3.34000000;1000;EXCHANGE_LAST;;1;1;XEUR;11350574;151;
29.04.2025;08:57:38.603;BASE SI 20250718 PS EU P 48.00 0;SIMPLE_INSTRUMENT;BLOCK;EUR;4;5.06000000;1000;EXCHANGE_LAST;;1;1;XEUR;13296465;151;
29.04.2025;09:33:30.223;BASE.O.250429.BUL.000001;STANDARD_OPTION_STRATEGY;BLOCK;EUR;5;0.86000000;1000;EXCHANGE_LAST;;1;1;XEUR;72058242577996866;151;
29.04.2025;09:33:30.223;BASE SI 20250620 PS EU C 46.00 0;SIMPLE_INSTRUMENT;BLOCK;EUR;5;1.30000000;1000;PRC_DECOMP_EXCHANGE;;;;XEUR;11350578;151;EXCHANGE
29.04.2025;09:33:30.223;BASE SI 20250620 PS EU C 50.00 0;SIMPLE_INSTRUMENT;BLOCK;EUR;5;0.44000000;1000;PRC_DECOMP_EXCHANGE;;;;XEUR;11350669;151;EXCHANGE
29.04.2025;11:25:01.632;BASG SI 20250620 CS;SIMPLE_INSTRUMENT;BLOCK;EUR;49;43.72960000;2000;EXCHANGE_LAST;;1;1;XEUR;11169531;171;
29.04.2025;14:23:33.609;BASG SI 20250620 CS;SIMPLE_INSTRUMENT;BLOCK;EUR;88;43.65000000;1000;EXCHANGE_LAST;;1;1;XEUR;11169531;171;
29.04.2025;08:26:26.699;BAY SI 20271217 PS AM P 18.00 0;SIMPLE_INSTRUMENT;BLOCK;EUR;1;2.45000000;1984;EXCHANGE_LAST;;1;1;XEUR;8774855;168;
29.04.2025;13:50:33.779;BAY SI 20251219 PS AM P 24.00 0;SIMPLE_INSTRUMENT;BLOCK;EUR;14;3.44000000;7000;EXCHANGE_LAST;;2;4;XEUR;8112387;168;
29.04.2025;14:20:06.254;BAY SI 20251219 PS AM P 24.00 0;SIMPLE_INSTRUMENT;BLOCK;EUR;15;3.44000000;500;EXCHANGE_LAST;;1;1;XEUR;8112387;168;
29.04.2025;09:29:03.705;BMW.O.250429.COMBO.000003;STANDARD_OPTION_STRATEGY;BLOCK;EUR;7;1.42000000;500;EXCHANGE_LAST;;1;1;XEUR;72058495981110193;210;
29.04.2025;09:29:03.705;BMW SI 20260619 PS AM C 92.00 0;SIMPLE_INSTRUMENT;BLOCK;EUR;7;2.90000000;500;PRC_DECOMP_EXCHANGE;;;;XEUR;9541182;210;EXCHANGE
29.04.2025;09:29:03.705;BMW SI 20260619 PS AM P 60.00 0;SIMPLE_INSTRUMENT;BLOCK;EUR;7;4.32000000;500;PRC_DECOMP_EXCHANGE;;;;XEUR;9541203;210;EXCHANGE
29.04.2025;07:49:20.694;BNP SI 20260619 PS AM P 64.00 0;SIMPLE_INSTRUMENT;BLOCK;EUR;4;5.73000000;6000;EXCHANGE_LAST;;1;1;XEUR;9541709;237;
29.04.2025;08:31:46.954;BNP.O.250429.STG.000003;STANDARD_OPTION_STRATEGY;BLOCK;EUR;9;11.00000000;1000;EXCHANGE_LAST;;1;1;XEUR;72058611945200353;237;
29.04.2025;08:31:46.954;BNP SI 20260320 PS AM C 80.00 0;SIMPLE_INSTRUMENT;BLOCK;EUR;9;3.00000000;1000;PRC_DECOMP_MEMBER;;;;XEUR;12999071;237;MEMBER
29.04.2025;08:31:46.954;BNP SI 20260320 PS AM P 72.00 0;SIMPLE_INSTRUMENT;BLOCK;EUR;9;8.00000000;1000;PRC_DECOMP_MEMBER;;;;XEUR;12999082;237;MEMBER
29.04.2025;09:40:42.398;BNP SI 20251219 PS AM C 74.00 0;SIMPLE_INSTRUMENT;BLOCK;EUR;17;4.42000000;850;EXCHANGE_LAST;;1;1;XEUR;12761987;237;
29.04.2025;09:40:45.269;BNP SI 20251219 PS AM P 66.00 0;SIMPLE_INSTRUMENT;BLOCK;EUR;18;4.53000000;850;EXCHANGE_LAST;;1;1;XEUR;12372402;237;
29.04.2025;11:04:58.839;BNP.O.250429.PDIA.000005;STANDARD_OPTION_STRATEGY;BLOCK;EUR;30;10.55000000;1000;EXCHANGE_LAST;;1;1;XEUR;72058611945200355;237;
29.04.2025;11:04:58.839;BNP SI 20250620 PS AM P 66.00 0;SIMPLE_INSTRUMENT;BLOCK;EUR;30;1.42000000;1000;PRC_DECOMP_EXCHANGE;;;;XEUR;12372386;237;EXCHANGE
29.04.2025;11:04:58.839;BNP SI 20261218 PS AM P 72.00 0;SIMPLE_INSTRUMENT;BLOCK;EUR;30;11.97000000;1000;PRC_DECOMP_EXCHANGE;;;;XEUR;7154471;237;EXCHANGE
29.04.2025;15:01:50.029;BNP SI 20261218 PS AM C 86.00 0;SIMPLE_INSTRUMENT;BLOCK;EUR;39;3.12000000;1000;EXCHANGE_LAST;;1;1;XEUR;12762003;237;
29.04.2025;15:11:03.788;BNP.N.250429.000006;NON_STANDARD_OPTION_STRATEGY;BLOCK;EUR;42;3.94000000;1500;EXCHANGE_LAST;;1;3;XEUR;72058611945200356;237;
29.04.2025;15:11:03.788;BNP SI 20251219 PS AM C 80.00 0;SIMPLE_INSTRUMENT;BLOCK;EUR;42;2.17000000;3000;PRC_DECOMP_MEMBER;;;;XEUR;6952041;237;MEMBER
29.04.2025;15:11:03.788;BNP SI 20251219 PS AM P 60.00 0;SIMPLE_INSTRUMENT;BLOCK;EUR;42;2.76000000;4500;PRC_DECOMP_MEMBER;;;;XEUR;5995681;237;MEMBER
29.04.2025;14:36:18.740;BPEF.S.MAY25.JUN25.SPD;FUTURES_SPREAD;BLOCK;EUR;97;0.52250000;3000;EXCHANGE_LAST;;1;1;XEUR;72058564700536977;226;
29.04.2025;14:36:18.740;BPEF SI 20250515 CS;SIMPLE_INSTRUMENT;BLOCK;EUR;97;7.16600000;3000;PRC_DECOMP_EXCHANGE;;;;XEUR;11023995;226;EXCHANGE
29.04.2025;14:36:18.740;BPEF SI 20250619 CS;SIMPLE_INSTRUMENT;BLOCK;EUR;97;6.64350000;3000;PRC_DECOMP_EXCHANGE;;;;XEUR;11161772;226;EXCHANGE
29.04.2025;10:09:51.440;BPV FI 20251023 PS AM C 9.5000 0;FLEXIBLE_INSTRUMENT;BLOCK;EUR;10;1.00000000;4000;EXCHANGE_LAST;;1;1;XEUR;1152922582643638291;251;
29.04.2025;10:19:17.867;BPV FI 20251023 PS AM P 8.0000 0;FLEXIBLE_INSTRUMENT;BLOCK;EUR;12;0.53000000;4000;EXCHANGE_LAST;;1;1;XEUR;1152922582643638292;251;
29.04.2025;13:07:27.878;BSN.O.250429.COMBO.000004;STANDARD_OPTION_STRATEGY;BLOCK;EUR;34;0.22000000;850;EXCHANGE_LAST;;1;1;XEUR;72058629125063461;241;
29.04.2025;13:07:27.878;BSN SI 20250620 PS AM P 70.00 0;SIMPLE_INSTRUMENT;BLOCK;EUR;34;0.73000000;850;PRC_DECOMP_EXCHANGE;;;;XEUR;12999080;241;EXCHANGE
29.04.2025;13:07:27.878;BSN SI 20250620 PS AM C 78.00 0;SIMPLE_INSTRUMENT;BLOCK;EUR;34;0.51000000;850;PRC_DECOMP_EXCHANGE;;;;XEUR;12999030;241;EXCHANGE
29.04.2025;14:02:07.244;C2BK SI 20250620 CS;SIMPLE_INSTRUMENT;BLOCK;EUR;79;0.65000000;2300;EXCHANGE_LAST;;1;2;XEUR;12178564;949832;
29.04.2025;08:58:35.962;C4RI SI 20250620 CS;SIMPLE_INSTRUMENT;BLOCK;EUR;6;1.47600000;2106;EXCHANGE_LAST;;1;1;XEUR;10868044;50862;
29.04.2025;08:58:21.607;C4RI SI 20250620 CS;SIMPLE_INSTRUMENT;BLOCK;EUR;7;1.47700000;1404;EXCHANGE_LAST;;1;1;XEUR;10868044;50862;
29.04.2025;13:45:12.609;C4RI SI 20250620 CS;SIMPLE_INSTRUMENT;BLOCK;EUR;74;1.47500000;1094;EXCHANGE_LAST;;1;1;XEUR;10868044;50862;
29.04.2025;13:45:47.197;C4RI SI 20250620 CS;SIMPLE_INSTRUMENT;BLOCK;EUR;75;1.47700000;1094;EXCHANGE_LAST;;1;1;XEUR;10868044;50862;
29.04.2025;08:54:38.513;CBK SI 20250919 PS AM P 13.00 0;SIMPLE_INSTRUMENT;BLOCK;EUR;4;0.21000000;2500;EXCHANGE_LAST;;1;1;XEUR;11875749;268;
29.04.2025;12:59:00.797;CBK SI 20250516 PS AM C 24.00 0;SIMPLE_INSTRUMENT;BLOCK;EUR;11;0.88000000;9678;EXCHANGE_LAST;;1;1;XEUR;12815500;268;
29.04.2025;12:59:00.798;CBK SI 20250516 PS AM C 24.00 0;SIMPLE_INSTRUMENT;BLOCK;EUR;12;0.87000000;1857;EXCHANGE_LAST;;1;1;XEUR;12815500;268;
29.04.2025;12:59:25.225;CBK SI 20250516 PS AM C 27.00 0;SIMPLE_INSTRUMENT;BLOCK;EUR;13;0.12000000;18109;EXCHANGE_LAST;;1;1;XEUR;12926722;268;
29.04.2025;14:43:58.994;CBKE SI 20261218 PS EU P 18.00 0;SIMPLE_INSTRUMENT;BLOCK;EUR;16;2.75000000;70000;EXCHANGE_LAST;;2;7;XEUR;8883190;304;
29.04.2025;14:01:45.533;CBKH SI 20250620 CS;SIMPLE_INSTRUMENT;BLOCK;EUR;78;22.97500000;25000;EXCHANGE_LAST;;1;2;XEUR;11192082;10390;
29.04.2025;09:04:30.238;CFR SI 20250718 PS AM C 140.00 0;SIMPLE_INSTRUMENT;BLOCK;CHF;14;14.10000000;500;EXCHANGE_LAST;;1;1;XEUR;13238598;313;
29.04.2025;13:04:25.765;CFR SI 20251219 PS AM C 170.00 0;SIMPLE_INSTRUMENT;BLOCK;CHF;43;5.60000000;500;EXCHANGE_LAST;;1;1;XEUR;12437084;313;
29.04.2025;14:20:48.580;CFR SI 20250620 PS AM C 130.00 0;SIMPLE_INSTRUMENT;BLOCK;CHF;53;19.38000000;300;EXCHANGE_LAST;;1;1;XEUR;11273454;313;
29.04.2025;14:29:16.158;CFR SI 20251219 PS AM C 180.00 0;SIMPLE_INSTRUMENT;BLOCK;CHF;54;3.59000000;500;EXCHANGE_LAST;;1;1;XEUR;9996453;313;
29.04.2025;08:17:20.591;CON SI 20251219 PS AM P 56.00 0;SIMPLE_INSTRUMENT;BLOCK;EUR;3;2.95000000;1200;EXCHANGE_LAST;;1;4;XEUR;12488796;414620;
29.04.2025;13:36:27.732;CR5J SI 20250619 CS;SIMPLE_INSTRUMENT;BLOCK;EUR;70;52.27110000;25000;EXCHANGE_LAST;;1;1;XEUR;11164005;50861;
29.04.2025;13:36:40.264;CRI5.O.250429.PDIA.000002;STANDARD_OPTION_STRATEGY;BLOCK;EUR;25;10.25000000;2000;EXCHANGE_LAST;;2;1;XEUR;72058968427474866;320;
29.04.2025;13:36:40.264;CRI5 SI 20271216 PS AM P 52.00 0;SIMPLE_INSTRUMENT;BLOCK;EUR;25;11.60550000;2000;PRC_DECOMP_EXCHANGE;;;;XEUR;10952001;320;EXCHANGE
29.04.2025;13:36:40.264;CRI5 SI 20260618 PS AM P 28.00 0;SIMPLE_INSTRUMENT;BLOCK;EUR;25;1.35550000;2000;PRC_DECOMP_EXCHANGE;;;;XEUR;9530979;320;EXCHANGE
29.04.2025;10:32:21.636;CSF SI 20250516 PS AM P 225.00 0;SIMPLE_INSTRUMENT;BLOCK;EUR;27;2.27000000;250;EXCHANGE_LAST;;1;1;XEUR;13238873;333;
29.04.2025;13:39:50.475;D2PW SI 20281215 CS;SIMPLE_INSTRUMENT;BLOCK;EUR;71;1.50000000;100;EXCHANGE_LAST;;1;1;XEUR;6818646;9702;
29.04.2025;14:58:12.357;D2PW SI 20250620 CS;SIMPLE_INSTRUMENT;BLOCK;EUR;109;1.85000000;780;EXCHANGE_LAST;;1;1;XEUR;10862485;9702;
29.04.2025;15:56:58.535;D2PW SI 20250620 CS;SIMPLE_INSTRUMENT;BLOCK;EUR;135;1.85000000;796;EXCHANGE_LAST;;2;2;XEUR;10862485;9702;
29.04.2025;10:30:43.522;D3AI SI 20261218 CS;SIMPLE_INSTRUMENT;BLOCK;EUR;38;2.78000000;850;EXCHANGE_LAST;;3;5;XEUR;7144051;443197;
29.04.2025;11:52:02.114;D3AI SI 20261218 CS;SIMPLE_INSTRUMENT;BLOCK;EUR;53;2.78000000;500;EXCHANGE_LAST;;1;4;XEUR;7144051;443197;
29.04.2025;08:25:46.066;DAI SI 20250620 PS AM P 44.00 0;SIMPLE_INSTRUMENT;BLOCK;EUR;5;0.56000000;1852;EXCHANGE_LAST;;1;1;XEUR;7934437;443196;
29.04.2025;09:40:36.448;DAI SI 20250516 PS AM P 52.00 0;SIMPLE_INSTRUMENT;BLOCK;EUR;9;2.44000000;1500;EXCHANGE_LAST;;1;1;XEUR;12852508;443196;
29.04.2025;09:47:31.005;DAI SI 20251219 PS AM P 50.00 0;SIMPLE_INSTRUMENT;BLOCK;EUR;10;4.20000000;4000;EXCHANGE_LAST;;1;1;XEUR;12490173;443196;
29.04.2025;09:47:35.005;DAI SI 20250620 PS AM C 56.00 0;SIMPLE_INSTRUMENT;BLOCK;EUR;11;0.80000000;4000;EXCHANGE_LAST;;1;1;XEUR;8006363;443196;
29.04.2025;11:34:02.070;DAI.O.250429.STD.000020;STANDARD_OPTION_STRATEGY;BLOCK;EUR;14;9.50000000;8000;EXCHANGE_LAST;;5;2;XEUR;73961106363665353;443196;
29.04.2025;11:34:02.070;DAI SI 20251219 PS AM C 52.00 0;SIMPLE_INSTRUMENT;BLOCK;EUR;14;4.19000000;8000;PRC_DECOMP_EXCHANGE;;;;XEUR;7144512;443196;EXCHANGE
29.04.2025;11:34:02.070;DAI SI 20251219 PS AM P 52.00 0;SIMPLE_INSTRUMENT;BLOCK;EUR;14;5.31000000;8000;PRC_DECOMP_EXCHANGE;;;;XEUR;7144530;443196;EXCHANGE
29.04.2025;11:33:52.600;DAI.O.250429.STD.000022;STANDARD_OPTION_STRATEGY;BLOCK;EUR;15;12.85000000;1250;EXCHANGE_LAST;;1;1;XEUR;73961106363665355;443196;
29.04.2025;11:33:52.600;DAI SI 20260619 PS AM P 52.00 0;SIMPLE_INSTRUMENT;BLOCK;EUR;15;7.51000000;1250;PRC_DECOMP_EXCHANGE;;;;XEUR;9598266;443196;EXCHANGE
29.04.2025;11:33:52.600;DAI SI 20260619 PS AM C 52.00 0;SIMPLE_INSTRUMENT;BLOCK;EUR;15;5.34000000;1250;PRC_DECOMP_EXCHANGE;;;;XEUR;9598260;443196;EXCHANGE
29.04.2025;11:51:21.265;DAI.O.250429.STD.000023;STANDARD_OPTION_STRATEGY;BLOCK;EUR;16;14.60000000;2500;EXCHANGE_LAST;;3;1;XEUR;73961106363665356;443196;
29.04.2025;11:51:21.265;DAI SI 20261218 PS AM P 54.00 0;SIMPLE_INSTRUMENT;BLOCK;EUR;16;9.39000000;2500;PRC_DECOMP_EXCHANGE;;;;XEUR;7362234;443196;EXCHANGE
29.04.2025;11:51:21.265;DAI SI 20261218 PS AM C 54.00 0;SIMPLE_INSTRUMENT;BLOCK;EUR;16;5.21000000;2500;PRC_DECOMP_EXCHANGE;;;;XEUR;7362237;443196;EXCHANGE
29.04.2025;12:01:50.188;DAI.O.250429.STD.000022;STANDARD_OPTION_STRATEGY;BLOCK;EUR;17;12.85000000;750;EXCHANGE_LAST;;1;1;XEUR;73961106363665355;443196;
29.04.2025;12:01:50.188;DAI SI 20260619 PS AM P 52.00 0;SIMPLE_INSTRUMENT;BLOCK;EUR;17;7.51000000;750;PRC_DECOMP_MEMBER;;;;XEUR;9598266;443196;MEMBER
29.04.2025;12:01:50.188;DAI SI 20260619 PS AM C 52.00 0;SIMPLE_INSTRUMENT;BLOCK;EUR;17;5.34000000;750;PRC_DECOMP_MEMBER;;;;XEUR;9598260;443196;MEMBER
29.04.2025;12:58:45.662;DAI SI 20250620 PS AM C 54.00 0;SIMPLE_INSTRUMENT;BLOCK;EUR;21;1.52000000;2000;EXCHANGE_LAST;;2;2;XEUR;13049932;443196;
29.04.2025;11:55:41.001;DAIG SI 20250620 CS;SIMPLE_INSTRUMENT;BLOCK;EUR;52;50.20000000;9000;EXCHANGE_LAST;;3;1;XEUR;11207841;443203;
29.04.2025;07:49:13.590;DBK SI 20250919 PS AM P 14.00 0;SIMPLE_INSTRUMENT;BLOCK;EUR;1;0.21000000;4500;EXCHANGE_LAST;;1;1;XEUR;11877413;362;
29.04.2025;09:50:40.778;DBK.O.250429.STG.000012;STANDARD_OPTION_STRATEGY;BLOCK;EUR;5;6.22000000;2500;EXCHANGE_LAST;;1;1;XEUR;72059148816161719;362;
29.04.2025;09:50:40.778;DBK SI 20261218 PS AM C 24.00 0;SIMPLE_INSTRUMENT;BLOCK;EUR;5;3.37000000;2500;PRC_DECOMP_EXCHANGE;;;;XEUR;7543435;362;EXCHANGE
29.04.2025;09:50:40.778;DBK SI 20261218 PS AM P 20.00 0;SIMPLE_INSTRUMENT;BLOCK;EUR;5;2.85000000;2500;PRC_DECOMP_EXCHANGE;;;;XEUR;7356547;362;EXCHANGE
29.04.2025;10:23:25.696;DBK.O.250429.STG.000012;STANDARD_OPTION_STRATEGY;BLOCK;EUR;6;6.22000000;2500;EXCHANGE_LAST;;1;1;XEUR;72059148816161719;362;
29.04.2025;10:23:25.696;DBK SI 20261218 PS AM C 24.00 0;SIMPLE_INSTRUMENT;BLOCK;EUR;6;3.51000000;2500;PRC_DECOMP_EXCHANGE;;;;XEUR;7543435;362;EXCHANGE
29.04.2025;10:23:25.696;DBK SI 20261218 PS AM P 20.00 0;SIMPLE_INSTRUMENT;BLOCK;EUR;6;2.71000000;2500;PRC_DECOMP_EXCHANGE;;;;XEUR;7356547;362;EXCHANGE
29.04.2025;14:33:33.034;DPW SI 20250620 PS AM P 40.00 0;SIMPLE_INSTRUMENT;BLOCK;EUR;19;4.69000000;3500;EXCHANGE_LAST;;1;2;XEUR;7902465;445;
29.04.2025;15:26:59.112;DPW.O.250429.BER.000025;STANDARD_OPTION_STRATEGY;BLOCK;EUR;21;0.34000000;1000;EXCHANGE_LAST;;1;1;XEUR;72059505298416486;445;
29.04.2025;15:26:59.112;DPW SI 20250516 PS AM P 34.00 0;SIMPLE_INSTRUMENT;BLOCK;EUR;21;0.52000000;1000;PRC_DECOMP_EXCHANGE;;;;XEUR;12817838;445;EXCHANGE
29.04.2025;15:26:59.112;DPW SI 20250516 PS AM P 35.00 0;SIMPLE_INSTRUMENT;BLOCK;EUR;21;0.86000000;1000;PRC_DECOMP_EXCHANGE;;;;XEUR;12817826;445;EXCHANGE
29.04.2025;15:25:01.072;DPW SI 20250620 PS AM P 34.00 0;SIMPLE_INSTRUMENT;BLOCK;EUR;22;0.88000000;16000;EXCHANGE_LAST;;1;1;XEUR;11357243;445;
29.04.2025;15:28:00.616;DPW SI 20250620 PS AM P 40.00 0;SIMPLE_INSTRUMENT;BLOCK;EUR;24;4.69000000;2000;EXCHANGE_LAST;;1;1;XEUR;7902465;445;
29.04.2025;10:59:51.826;DPWE SI 20250620 PS EU C 39.00 0;SIMPLE_INSTRUMENT;BLOCK;EUR;9;0.49000000;2050;EXCHANGE_LAST;;1;1;XEUR;13031405;46224;
29.04.2025;11:00:00.699;DPWE SI 20250620 PS EU C 42.00 0;SIMPLE_INSTRUMENT;BLOCK;EUR;10;0.12000000;2050;EXCHANGE_LAST;;1;1;XEUR;11387455;46224;
29.04.2025;14:58:37.468;DPWF SI 20250620 CS;SIMPLE_INSTRUMENT;BLOCK;EUR;108;35.35750000;10000;EXCHANGE_LAST;;2;1;XEUR;11173216;444;
29.04.2025;15:28:09.865;DPWF SI 20250620 CS;SIMPLE_INSTRUMENT;BLOCK;EUR;120;35.35750000;6200;EXCHANGE_LAST;;2;1;XEUR;11173216;444;
29.04.2025;15:28:14.513;DPWF SI 20250620 CS;SIMPLE_INSTRUMENT;BLOCK;EUR;121;35.77750000;4000;EXCHANGE_LAST;;1;1;XEUR;11173216;444;
29.04.2025;09:11:13.910;DTE.O.250429.COMBO.000010;STANDARD_OPTION_STRATEGY;BLOCK;EUR;4;-0.06000000;3000;EXCHANGE_LAST;;1;1;XEUR;72059415104108451;424;
29.04.2025;09:11:13.910;DTE SI 20250620 PS AM P 28.00 0;SIMPLE_INSTRUMENT;BLOCK;EUR;4;0.25000000;3000;PRC_DECOMP_EXCHANGE;;;;XEUR;7902018;424;EXCHANGE
29.04.2025;09:11:13.910;DTE SI 20250620 PS AM C 34.00 0;SIMPLE_INSTRUMENT;BLOCK;EUR;4;0.31000000;3000;PRC_DECOMP_EXCHANGE;;;;XEUR;11356822;424;EXCHANGE
29.04.2025;15:40:35.101;DTE SI 20261218 PS AM C 32.00 0;SIMPLE_INSTRUMENT;BLOCK;EUR;25;3.12000000;1500;EXCHANGE_LAST;;1;1;XEUR;7834482;424;
29.04.2025;08:36:18.990;E2NT SI 20261218 CS;SIMPLE_INSTRUMENT;BLOCK;EUR;4;0.98000000;500;EXCHANGE_LAST;;1;1;XEUR;4632357;470;
29.04.2025;14:51:19.053;E2NT SI 20281215 CS;SIMPLE_INSTRUMENT;BLOCK;EUR;104;0.81000000;1200;EXCHANGE_LAST;;3;1;XEUR;6802271;470;
29.04.2025;09:14:39.393;EAD SI 20251219 PS AM C 158.81 1;SIMPLE_INSTRUMENT;BLOCK;EUR;10;8.70000000;500;EXCHANGE_LAST;;1;1;XEUR;11013928;465;
29.04.2025;11:05:25.862;EAD SI 20250516 PS AM C 160.00 0;SIMPLE_INSTRUMENT;BLOCK;EUR;31;0.64000000;300;EXCHANGE_LAST;;1;1;XEUR;13241839;465;
29.04.2025;14:48:34.073;EAD.O.250429.BUL.000004;STANDARD_OPTION_STRATEGY;BLOCK;EUR;37;1.40000000;630;EXCHANGE_LAST;;1;1;XEUR;72059591197747989;465;
29.04.2025;14:48:34.073;EAD SI 20250516 PS AM C 152.00 0;SIMPLE_INSTRUMENT;BLOCK;EUR;37;1.72000000;630;PRC_DECOMP_EXCHANGE;;;;XEUR;13241878;465;EXCHANGE
29.04.2025;14:48:34.073;EAD SI 20250516 PS AM C 160.00 0;SIMPLE_INSTRUMENT;BLOCK;EUR;37;0.32000000;630;PRC_DECOMP_EXCHANGE;;;;XEUR;13241839;465;EXCHANGE
29.04.2025;07:27:33.202;ENL5 SI 20250430 PS AM C 7.40 0;SIMPLE_INSTRUMENT;BLOCK;EUR;1;0.20000000;578;EXCHANGE_LAST;;1;1;XEUR;13004229;500;
29.04.2025;08:19:04.772;ENL5 SI 20250430 PS AM C 7.40 0;SIMPLE_INSTRUMENT;BLOCK;EUR;4;0.18000000;577;EXCHANGE_LAST;;1;1;XEUR;13004229;500;
29.04.2025;10:53:00.935;ENR.O.250429.BER.000013;STANDARD_OPTION_STRATEGY;BLOCK;EUR;8;0.83000000;310;EXCHANGE_LAST;;1;1;XEUR;73339770624818804;298530;
29.04.2025;10:53:00.935;ENR SI 20250516 PS AM P 65.00 0;SIMPLE_INSTRUMENT;BLOCK;EUR;8;1.21000000;310;PRC_DECOMP_EXCHANGE;;;;XEUR;13271880;298530;EXCHANGE
29.04.2025;10:53:00.935;ENR SI 20250516 PS AM P 60.00 0;SIMPLE_INSTRUMENT;BLOCK;EUR;8;0.38000000;310;PRC_DECOMP_EXCHANGE;;;;XEUR;12848168;298530;EXCHANGE
29.04.2025;13:39:18.816;ENR.O.250429.STD.000003;STANDARD_OPTION_STRATEGY;BLOCK;EUR;16;10.25000000;2500;EXCHANGE_LAST;;3;2;XEUR;73339770624818794;298530;
29.04.2025;13:39:18.816;ENR SI 20250620 PS AM C 70.00 0;SIMPLE_INSTRUMENT;BLOCK;EUR;16;5.08000000;2500;PRC_DECOMP_EXCHANGE;;;;XEUR;13044612;298530;EXCHANGE
29.04.2025;13:39:18.816;ENR SI 20250620 PS AM P 70.00 0;SIMPLE_INSTRUMENT;BLOCK;EUR;16;5.17000000;2500;PRC_DECOMP_EXCHANGE;;;;XEUR;13044610;298530;EXCHANGE
29.04.2025;13:43:08.738;ENR SI 20250516 PS AM C 70.00 0;SIMPLE_INSTRUMENT;BLOCK;EUR;17;2.65000000;2000;EXCHANGE_LAST;;2;1;XEUR;12848129;298530;
29.04.2025;13:52:58.795;ENT5.O.250429.STD.000001;STANDARD_OPTION_STRATEGY;BLOCK;EUR;27;2.27000000;500;EXCHANGE_LAST;;1;1;XEUR;72059728636684259;497;
29.04.2025;13:52:58.795;ENT5 SI 20260618 PS AM P 12.00 0;SIMPLE_INSTRUMENT;BLOCK;EUR;27;1.14200000;500;PRC_DECOMP_EXCHANGE;;;;XEUR;9531346;497;EXCHANGE
29.04.2025;13:52:58.795;ENT5 SI 20260618 PS AM C 12.00 0;SIMPLE_INSTRUMENT;BLOCK;EUR;27;1.12800000;500;PRC_DECOMP_EXCHANGE;;;;XEUR;9531345;497;EXCHANGE
29.04.2025;09:51:12.608;F3IA SI 20271217 CS;SIMPLE_INSTRUMENT;BLOCK;EUR;35;0.39000000;1000;EXCHANGE_LAST;;1;2;XEUR;8422837;390387;
29.04.2025;11:30:11.212;F3IA SI 20261218 CS;SIMPLE_INSTRUMENT;BLOCK;EUR;48;0.36000000;4350;EXCHANGE_LAST;;1;3;XEUR;6830373;390387;
29.04.2025;12:18:55.272;F3IA SI 20261218 CS;SIMPLE_INSTRUMENT;BLOCK;EUR;57;0.35000000;3550;EXCHANGE_LAST;;1;1;XEUR;6830373;390387;
29.04.2025;12:53:42.841;F3IA SI 20261218 CS;SIMPLE_INSTRUMENT;BLOCK;EUR;64;0.35500000;700;EXCHANGE_LAST;;1;1;XEUR;6830373;390387;
29.04.2025;13:22:41.584;F3IA SI 20261218 CS;SIMPLE_INSTRUMENT;BLOCK;EUR;68;0.35500000;1250;EXCHANGE_LAST;;1;1;XEUR;6830373;390387;
29.04.2025;14:12:07.153;F3IA SI 20271217 CS;SIMPLE_INSTRUMENT;BLOCK;EUR;82;0.38500000;2000;EXCHANGE_LAST;;2;1;XEUR;8422837;390387;
29.04.2025;14:27:46.239;F3IA SI 20281215 CS;SIMPLE_INSTRUMENT;BLOCK;EUR;90;0.38000000;1000;EXCHANGE_LAST;;1;1;XEUR;9964653;390387;
29.04.2025;15:09:55.859;F3IA SI 20261218 CS;SIMPLE_INSTRUMENT;BLOCK;EUR;112;0.37000000;1000;EXCHANGE_LAST;;1;2;XEUR;6830373;390387;
29.04.2025;15:06:16.040;F3IA SI 20261218 CS;SIMPLE_INSTRUMENT;BLOCK;EUR;113;0.36500000;1000;EXCHANGE_LAST;;1;1;XEUR;6830373;390387;
29.04.2025;15:07:01.506;F3IA SI 20281215 CS;SIMPLE_INSTRUMENT;BLOCK;EUR;114;0.38000000;1000;EXCHANGE_LAST;;1;1;XEUR;9964653;390387;
29.04.2025;15:18:49.105;F3IA SI 20261218 CS;SIMPLE_INSTRUMENT;BLOCK;EUR;118;0.36500000;1000;EXCHANGE_LAST;;1;1;XEUR;6830373;390387;
29.04.2025;15:28:58.544;F3IA SI 20281215 CS;SIMPLE_INSTRUMENT;BLOCK;EUR;123;0.38000000;1000;EXCHANGE_LAST;;1;1;XEUR;9964653;390387;
29.04.2025;07:39:58.648;FBTP SI 20250606 PS;SIMPLE_INSTRUMENT;EFP_FIN;EUR;1;120.02000000;387;EXCHANGE_LAST;;1;1;XEUR;11820365;636;
29.04.2025;07:51:39.336;FBTP SI 20250606 PS;SIMPLE_INSTRUMENT;EFP_FIN;EUR;2;119.98000000;178;EXCHANGE_LAST;;1;1;XEUR;11820365;636;
29.04.2025;08:01:18.802;FBTP SI 20250606 PS;SIMPLE_INSTRUMENT;EFP_FIN;EUR;3;120.05000000;194;EXCHANGE_LAST;;1;1;XEUR;11820365;636;
29.04.2025;08:08:35.553;FBTP SI 20250606 PS;SIMPLE_INSTRUMENT;EFP_FIN;EUR;4;120.05000000;242;EXCHANGE_LAST;;1;1;XEUR;11820365;636;
29.04.2025;08:10:18.073;FBTP SI 20250606 PS;SIMPLE_INSTRUMENT;EFS;EUR;5;120.00000000;1158;EXCHANGE_LAST;;1;1;XEUR;11820365;636;
29.04.2025;09:20:55.612;FBTP SI 20250606 PS;SIMPLE_INSTRUMENT;EFP_FIN;EUR;6;120.06000000;272;EXCHANGE_LAST;;1;1;XEUR;11820365;636;
29.04.2025;09:21:03.205;FBTP SI 20250606 PS;SIMPLE_INSTRUMENT;EFP_FIN;EUR;7;120.08000000;339;EXCHANGE_LAST;;1;1;XEUR;11820365;636;
29.04.2025;09:53:53.851;FBTP SI 20250606 PS;SIMPLE_INSTRUMENT;EFP_FIN;EUR;8;119.92000000;793;EXCHANGE_LAST;;1;1;XEUR;11820365;636;
29.04.2025;10:00:33.230;FBTP SI 20250606 PS;SIMPLE_INSTRUMENT;EFP_FIN;EUR;9;119.86000000;692;EXCHANGE_LAST;;1;1;XEUR;11820365;636;
29.04.2025;10:22:29.786;FBTP SI 20250606 PS;SIMPLE_INSTRUMENT;BLOCK;EUR;10;120.03000000;531;EXCHANGE_LAST;;1;1;XEUR;11820365;636;
29.04.2025;10:49:34.319;FBTP SI 20250606 PS;SIMPLE_INSTRUMENT;EFS;EUR;12;119.91000000;579;EXCHANGE_LAST;;1;1;XEUR;11820365;636;
29.04.2025;11:14:35.310;FBTP SI 20250606 PS;SIMPLE_INSTRUMENT;EFP_FIN;EUR;13;119.87000000;143;EXCHANGE_LAST;;1;1;XEUR;11820365;636;
29.04.2025;11:19:16.031;FBTP SI 20250606 PS;SIMPLE_INSTRUMENT;EFP_FIN;EUR;14;119.88000000;242;EXCHANGE_LAST;;1;1;XEUR;11820365;636;
29.04.2025;11:36:56.987;FBTP SI 20250606 PS;SIMPLE_INSTRUMENT;EFP_FIN;EUR;15;119.85000000;94;EXCHANGE_LAST;;1;1;XEUR;11820365;636;
29.04.2025;12:04:57.406;FBTP SI 20250606 PS;SIMPLE_INSTRUMENT;BLOCK;EUR;16;119.85000000;1106;EXCHANGE_LAST;;1;1;XEUR;11820365;636;
29.04.2025;12:09:42.805;FBTP SI 20250606 PS;SIMPLE_INSTRUMENT;EFP_FIN;EUR;17;119.88000000;484;EXCHANGE_LAST;;1;1;XEUR;11820365;636;
29.04.2025;12:15:49.574;FBTP SI 20250606 PS;SIMPLE_INSTRUMENT;EFP_FIN;EUR;18;119.84000000;110;EXCHANGE_LAST;;1;1;XEUR;11820365;636;
29.04.2025;12:26:04.077;FBTP SI 20250606 PS;SIMPLE_INSTRUMENT;EFP_FIN;EUR;19;119.86000000;663;EXCHANGE_LAST;;1;1;XEUR;11820365;636;
29.04.2025;12:32:09.548;FBTP SI 20250606 PS;SIMPLE_INSTRUMENT;EFP_FIN;EUR;20;119.88000000;968;EXCHANGE_LAST;;1;1;XEUR;11820365;636;
29.04.2025;13:03:40.656;FBTP SI 20250606 PS;SIMPLE_INSTRUMENT;EFP_FIN;EUR;21;119.85000000;197;EXCHANGE_LAST;;1;1;XEUR;11820365;636;
29.04.2025;13:05:49.774;FBTP SI 20250606 PS;SIMPLE_INSTRUMENT;BLOCK;EUR;22;119.90000000;271;EXCHANGE_LAST;;1;1;XEUR;11820365;636;
29.04.2025;13:07:40.961;FBTP SI 20250606 PS;SIMPLE_INSTRUMENT;EFP_FIN;EUR;23;119.89000000;1210;EXCHANGE_LAST;;1;1;XEUR;11820365;636;
29.04.2025;13:33:26.944;FBTP SI 20250606 PS;SIMPLE_INSTRUMENT;EFP_FIN;EUR;24;119.86000000;50;EXCHANGE_LAST;;1;1;XEUR;11820365;636;
29.04.2025;13:40:57.560;FBTP SI 20250606 PS;SIMPLE_INSTRUMENT;BLOCK;EUR;25;119.91000000;289;EXCHANGE_LAST;;1;1;XEUR;11820365;636;
29.04.2025;13:45:46.576;FBTP SI 20250606 PS;SIMPLE_INSTRUMENT;EFP_FIN;EUR;26;119.93000000;144;EXCHANGE_LAST;;1;1;XEUR;11820365;636;
29.04.2025;13:57:00.516;FBTP SI 20250606 PS;SIMPLE_INSTRUMENT;EFP_FIN;EUR;27;119.93000000;192;EXCHANGE_LAST;;1;1;XEUR;11820365;636;
29.04.2025;13:59:03.871;FBTP SI 20250606 PS;SIMPLE_INSTRUMENT;EFP_FIN;EUR;28;119.96000000;133;EXCHANGE_LAST;;1;1;XEUR;11820365;636;
29.04.2025;14:44:00.749;FBTP SI 20250606 PS;SIMPLE_INSTRUMENT;EFP_FIN;EUR;29;120.01000000;726;EXCHANGE_LAST;;1;1;XEUR;11820365;636;
29.04.2025;15:02:25.806;FBTP SI 20250606 PS;SIMPLE_INSTRUMENT;BLOCK;EUR;30;120.01000000;1421;EXCHANGE_LAST;;1;1;XEUR;11820365;636;
29.04.2025;15:04:14.698;FBTP SI 20250606 PS;SIMPLE_INSTRUMENT;EFP_FIN;EUR;31;119.97000000;353;EXCHANGE_LAST;;1;1;XEUR;11820365;636;
29.04.2025;15:07:58.620;FBTP SI 20250606 PS;SIMPLE_INSTRUMENT;EFP_FIN;EUR;32;119.97000000;353;EXCHANGE_LAST;;1;1;XEUR;11820365;636;
29.04.2025;07:08:10.127;FBTS SI 20250606 PS;SIMPLE_INSTRUMENT;EFP_FIN;EUR;1;108.19000000;476;EXCHANGE_LAST;;1;1;XEUR;11820367;639;
29.04.2025;10:26:44.344;FBTS SI 20250606 PS;SIMPLE_INSTRUMENT;BLOCK;EUR;15;108.19000000;1050;EXCHANGE_LAST;;1;1;XEUR;11820367;639;
29.04.2025;11:10:18.034;FBTS SI 20250606 PS;SIMPLE_INSTRUMENT;EFP_FIN;EUR;17;108.13000000;578;EXCHANGE_LAST;;1;1;XEUR;11820367;639;
29.04.2025;11:17:53.038;FBTS SI 20250606 PS;SIMPLE_INSTRUMENT;EFP_FIN;EUR;18;108.13000000;476;EXCHANGE_LAST;;1;1;XEUR;11820367;639;
29.04.2025;11:20:45.231;FBTS SI 20250606 PS;SIMPLE_INSTRUMENT;EFP_FIN;EUR;19;108.15000000;732;EXCHANGE_LAST;;1;1;XEUR;11820367;639;
29.04.2025;11:23:44.850;FBTS SI 20250606 PS;SIMPLE_INSTRUMENT;EFP_FIN;EUR;20;108.13000000;143;EXCHANGE_LAST;;1;1;XEUR;11820367;639;
29.04.2025;11:28:37.798;FBTS SI 20250606 PS;SIMPLE_INSTRUMENT;EFP_FIN;EUR;21;108.13000000;476;EXCHANGE_LAST;;1;1;XEUR;11820367;639;
29.04.2025;12:01:08.766;FBTS SI 20250606 PS;SIMPLE_INSTRUMENT;EFP_FIN;EUR;22;108.14000000;605;EXCHANGE_LAST;;1;1;XEUR;11820367;639;
29.04.2025;12:20:22.695;FBTS SI 20250606 PS;SIMPLE_INSTRUMENT;EFP_FIN;EUR;23;108.13000000;807;EXCHANGE_LAST;;1;1;XEUR;11820367;639;
29.04.2025;12:21:07.545;FBTS SI 20250606 PS;SIMPLE_INSTRUMENT;EFP_FIN;EUR;24;108.13000000;1904;EXCHANGE_LAST;;1;1;XEUR;11820367;639;
29.04.2025;12:49:09.800;FBTS SI 20250606 PS;SIMPLE_INSTRUMENT;EFP_FIN;EUR;25;108.12000000;1168;EXCHANGE_LAST;;1;1;XEUR;11820367;639;
29.04.2025;12:50:15.033;FBTS SI 20250606 PS;SIMPLE_INSTRUMENT;BLOCK;EUR;26;108.12000000;1217;EXCHANGE_LAST;;1;1;XEUR;11820367;639;
29.04.2025;13:01:31.698;FBTS SI 20250606 PS;SIMPLE_INSTRUMENT;EFP_FIN;EUR;27;108.14000000;857;EXCHANGE_LAST;;1;1;XEUR;11820367;639;
29.04.2025;13:02:17.800;FBTS SI 20250606 PS;SIMPLE_INSTRUMENT;BLOCK;EUR;29;108.13000000;714;EXCHANGE_LAST;;1;1;XEUR;11820367;639;
29.04.2025;13:10:47.600;FBTS SI 20250606 PS;SIMPLE_INSTRUMENT;EFP_FIN;EUR;30;108.14000000;714;EXCHANGE_LAST;;1;1;XEUR;11820367;639;
29.04.2025;13:23:24.419;FBTS SI 20250606 PS;SIMPLE_INSTRUMENT;EFP_FIN;EUR;31;108.14000000;736;EXCHANGE_LAST;;1;1;XEUR;11820367;639;
29.04.2025;15:00:15.443;FBTS SI 20250606 PS;SIMPLE_INSTRUMENT;BLOCK;EUR;38;108.14000000;1044;EXCHANGE_LAST;;1;1;XEUR;11820367;639;
29.04.2025;15:01:35.870;FBTS SI 20250606 PS;SIMPLE_INSTRUMENT;EFP_FIN;EUR;39;108.12000000;165;EXCHANGE_LAST;;1;1;XEUR;11820367;639;
29.04.2025;15:31:22.278;FBTS SI 20250606 PS;SIMPLE_INSTRUMENT;EFP_FIN;EUR;42;108.14000000;523;EXCHANGE_LAST;;1;1;XEUR;11820367;639;
29.04.2025;14:54:26.043;FCBU SI 20250603 CS;SIMPLE_INSTRUMENT;BLOCK;USD;1;0.17560000;200;EXCHANGE_LAST;;1;1;XEUR;11280122;570870;
29.04.2025;15:14:30.001;FCBU SI 20250505 CS;SIMPLE_INSTRUMENT;BLOCK;USD;3;0.17700000;200;EXCHANGE_LAST;;1;1;XEUR;11129772;570870;
29.04.2025;15:14:35.381;FCBU SI 20250603 CS;SIMPLE_INSTRUMENT;BLOCK;USD;4;0.17580000;200;EXCHANGE_LAST;;1;1;XEUR;11280122;570870;
29.04.2025;15:21:51.674;FCBU SI 20250505 CS;SIMPLE_INSTRUMENT;BLOCK;USD;5;0.17700000;380;EXCHANGE_LAST;;1;1;XEUR;11129772;570870;
29.04.2025;15:21:56.558;FCBU SI 20250603 CS;SIMPLE_INSTRUMENT;BLOCK;USD;6;0.17580000;380;EXCHANGE_LAST;;1;1;XEUR;11280122;570870;
29.04.2025;14:59:55.860;FCMU SI 20250616 CS;SIMPLE_INSTRUMENT;BLOCK;USD;2;0.05068000;130;EXCHANGE_LAST;;1;1;XEUR;11855448;570874;
29.04.2025;08:07:22.406;FD3D SI 20261218 CS;SIMPLE_INSTRUMENT;BLOCK;EUR;4;111.70000000;500;EXCHANGE_LAST;;1;1;XEUR;7158183;588;
29.04.2025;08:47:37.998;FD3D SI 20251219 CS;SIMPLE_INSTRUMENT;BLOCK;EUR;9;114.10000000;500;EXCHANGE_LAST;;1;1;XEUR;5914068;588;
29.04.2025;14:41:02.816;FD3D SI 20251219 CS;SIMPLE_INSTRUMENT;BLOCK;EUR;46;114.30000000;170;EXCHANGE_LAST;;1;1;XEUR;5914068;588;
29.04.2025;14:41:20.483;FD3D SI 20261218 CS;SIMPLE_INSTRUMENT;BLOCK;EUR;47;111.50000000;170;EXCHANGE_LAST;;1;1;XEUR;7158183;588;
29.04.2025;16:01:06.333;FDAX SI 20250620 CS;SIMPLE_INSTRUMENT;EFP_IDX;EUR;1;22574.00000000;22;EXCHANGE_LAST;;1;1;XEUR;7903800;589;
29.04.2025;16:01:14.524;FDAX SI 20250620 CS;SIMPLE_INSTRUMENT;EFP_IDX;EUR;2;22573.00000000;5;EXCHANGE_LAST;;1;1;XEUR;7903800;589;
29.04.2025;07:19:59.452;FDAX SI 20250620 CS;SIMPLE_INSTRUMENT;VOLA;EUR;671088643;22535.00000000;33;EXCHANGE_LAST;;1;1;XEUR;7903800;589;
29.04.2025;08:16:51.738;FEBD.S.DEC26.DEC27.SPD;FUTURES_SPREAD;BLOCK;EUR;5;0.72000000;500;EXCHANGE_LAST;;1;1;XEUR;72060158133407031;597;
29.04.2025;08:16:51.738;FEBD SI 20261218 CS;SIMPLE_INSTRUMENT;BLOCK;EUR;5;10.40000000;500;PRC_DECOMP_EXCHANGE;;;;XEUR;7158212;597;EXCHANGE
29.04.2025;08:16:51.738;FEBD SI 20271217 CS;SIMPLE_INSTRUMENT;BLOCK;EUR;5;9.68000000;500;PRC_DECOMP_EXCHANGE;;;;XEUR;7776307;597;EXCHANGE
29.04.2025;08:52:20.956;FEBD.S.DEC26.DEC27.SPD;FUTURES_SPREAD;BLOCK;EUR;10;0.72000000;350;EXCHANGE_LAST;;1;1;XEUR;72060158133407031;597;
29.04.2025;08:52:20.956;FEBD SI 20271217 CS;SIMPLE_INSTRUMENT;BLOCK;EUR;10;9.68000000;350;PRC_DECOMP_MEMBER;;;;XEUR;7776307;597;MEMBER
29.04.2025;08:52:20.956;FEBD SI 20261218 CS;SIMPLE_INSTRUMENT;BLOCK;EUR;10;10.40000000;350;PRC_DECOMP_MEMBER;;;;XEUR;7158212;597;MEMBER
29.04.2025;09:54:02.251;FEBD SI 20261218 CS;SIMPLE_INSTRUMENT;BLOCK;EUR;15;10.40000000;350;EXCHANGE_LAST;;1;1;XEUR;7158212;597;
29.04.2025;11:25:30.497;FEBD SI 20251219 CS;SIMPLE_INSTRUMENT;BLOCK;EUR;16;11.17000000;500;EXCHANGE_LAST;;1;1;XEUR;5914075;597;
29.04.2025;12:08:49.011;FEBD SI 20261218 CS;SIMPLE_INSTRUMENT;BLOCK;EUR;21;10.35000000;200;EXCHANGE_LAST;;1;1;XEUR;7158212;597;
29.04.2025;13:04:08.530;FEBD SI 20251219 CS;SIMPLE_INSTRUMENT;BLOCK;EUR;25;11.18000000;720;EXCHANGE_LAST;;1;1;XEUR;5914075;597;
29.04.2025;13:04:23.969;FEBD SI 20261218 CS;SIMPLE_INSTRUMENT;BLOCK;EUR;26;10.38000000;720;EXCHANGE_LAST;;1;1;XEUR;7158212;597;
29.04.2025;13:04:36.827;FEBD SI 20271217 CS;SIMPLE_INSTRUMENT;BLOCK;EUR;27;9.66000000;720;EXCHANGE_LAST;;1;1;XEUR;7776307;597;
29.04.2025;13:04:50.260;FEBD SI 20281215 CS;SIMPLE_INSTRUMENT;BLOCK;EUR;28;8.93000000;720;EXCHANGE_LAST;;1;1;XEUR;7776305;597;
29.04.2025;13:05:05.113;FEBD SI 20291221 CS;SIMPLE_INSTRUMENT;BLOCK;EUR;29;8.40000000;720;EXCHANGE_LAST;;1;1;XEUR;8782283;597;
29.04.2025;14:47:10.739;FEDV SI 20250620 CS;SIMPLE_INSTRUMENT;BLOCK;EUR;48;1875.00000000;2000;EXCHANGE_LAST;;1;1;XEUR;11880642;596;
29.04.2025;15:12:52.890;FEDV SI 20250620 CS;SIMPLE_INSTRUMENT;BLOCK;EUR;50;1878.00000000;2500;EXCHANGE_LAST;;1;1;XEUR;11880642;596;
29.04.2025;15:09:14.011;FES1 SI 20250620 PS;SIMPLE_INSTRUMENT;BLOCK;EUR;49;-48.00000000;1000;EXCHANGE_LAST;;1;1;XEUR;11910814;58959;
29.04.2025;15:27:15.177;FES1 SI 20250620 PS;SIMPLE_INSTRUMENT;BLOCK;EUR;53;-48.10000000;200;EXCHANGE_LAST;;1;1;XEUR;11910814;58959;
29.04.2025;15:45:45.592;FESB SI 20250620 CS;SIMPLE_INSTRUMENT;EFP_IDX;EUR;34;185.55000000;755;EXCHANGE_LAST;;1;1;XEUR;11880665;605;
29.04.2025;07:47:14.485;FESB SI 20250620 CS;SIMPLE_INSTRUMENT;VOLA;EUR;603979779;186.00000000;180;EXCHANGE_LAST;;1;1;XEUR;11880665;605;
29.04.2025;13:13:22.003;FESB SI 20250620 CS;SIMPLE_INSTRUMENT;VOLA;EUR;603979829;183.90000000;1470;EXCHANGE_LAST;;1;1;XEUR;11880665;605;
29.04.2025;08:09:14.931;FESX SI 20250620 CS;SIMPLE_INSTRUMENT;BLOCK;EUR;1;5122.00000000;4000;EXCHANGE_LAST;;1;1;XEUR;7904020;675;
29.04.2025;08:45:36.887;FESX SI 20250620 CS;SIMPLE_INSTRUMENT;EFP_IDX;EUR;2;5118.00000000;1000;EXCHANGE_LAST;;1;1;XEUR;7904020;675;
29.04.2025;10:38:14.816;FESX SI 20250620 CS;SIMPLE_INSTRUMENT;BLOCK;EUR;3;5125.00000000;2000;EXCHANGE_LAST;;1;1;XEUR;7904020;675;
29.04.2025;12:07:53.815;FESX SI 20250620 CS;SIMPLE_INSTRUMENT;EFP_IDX;EUR;4;5113.00000000;1000;EXCHANGE_LAST;;1;1;XEUR;7904020;675;
29.04.2025;12:35:00.974;FESX SI 20250620 CS;SIMPLE_INSTRUMENT;BLOCK;EUR;5;5117.00000000;2900;EXCHANGE_LAST;;1;1;XEUR;7904020;675;
29.04.2025;14:41:35.474;FESX SI 20250620 CS;SIMPLE_INSTRUMENT;BLOCK;EUR;6;5110.00000000;6000;EXCHANGE_LAST;;1;1;XEUR;7904020;675;
29.04.2025;15:28:42.756;FESX SI 20250620 CS;SIMPLE_INSTRUMENT;BLOCK;EUR;7;5120.00000000;2500;EXCHANGE_LAST;;1;1;XEUR;7904020;675;
29.04.2025;15:29:51.218;FESX SI 20250620 CS;SIMPLE_INSTRUMENT;BLOCK;EUR;8;5100.00000000;2942;EXCHANGE_LAST;;1;1;XEUR;7904020;675;
29.04.2025;15:54:01.768;FESX SI 20250620 CS;SIMPLE_INSTRUMENT;EFP_IDX;EUR;9;5114.00000000;700;EXCHANGE_LAST;;1;1;XEUR;7904020;675;
29.04.2025;15:54:08.079;FESX SI 20250620 CS;SIMPLE_INSTRUMENT;EFP_IDX;EUR;10;5115.00000000;1300;EXCHANGE_LAST;;1;1;XEUR;7904020;675;
29.04.2025;15:54:26.562;FESX SI 20250620 CS;SIMPLE_INSTRUMENT;EFP_IDX;EUR;11;5115.00000000;1600;EXCHANGE_LAST;;1;1;XEUR;7904020;675;
29.04.2025;15:54:37.378;FESX SI 20250620 CS;SIMPLE_INSTRUMENT;BLOCK;EUR;12;5114.00000000;2400;EXCHANGE_LAST;;1;1;XEUR;7904020;675;
29.04.2025;15:55:01.940;FESX SI 20250620 CS;SIMPLE_INSTRUMENT;EFP_IDX;EUR;13;5114.00000000;975;EXCHANGE_LAST;;1;1;XEUR;7904020;675;
29.04.2025;15:55:08.152;FESX SI 20250620 CS;SIMPLE_INSTRUMENT;EFP_IDX;EUR;14;5115.00000000;25;EXCHANGE_LAST;;1;1;XEUR;7904020;675;
29.04.2025;15:50:43.535;FESX SI 20250620 CS;SIMPLE_INSTRUMENT;EFP_IDX;EUR;15;5115.00000000;1950;EXCHANGE_LAST;;1;1;XEUR;7904020;675;
29.04.2025;15:50:55.415;FESX SI 20250620 CS;SIMPLE_INSTRUMENT;EFP_IDX;EUR;16;5114.00000000;1050;EXCHANGE_LAST;;1;1;XEUR;7904020;675;
29.04.2025;15:46:38.074;FESX SI 20250620 CS;SIMPLE_INSTRUMENT;EFP_IDX;EUR;17;5113.00000000;50;EXCHANGE_LAST;;1;1;XEUR;7904020;675;
29.04.2025;15:46:05.622;FESX SI 20250620 CS;SIMPLE_INSTRUMENT;EFP_IDX;EUR;18;5114.00000000;450;EXCHANGE_LAST;;1;1;XEUR;7904020;675;
29.04.2025;15:48:46.513;FESX SI 20250620 CS;SIMPLE_INSTRUMENT;EFP_IDX;EUR;19;5115.00000000;400;EXCHANGE_LAST;;1;1;XEUR;7904020;675;
29.04.2025;15:45:45.592;FESX SI 20250620 CS;SIMPLE_INSTRUMENT;EFP_IDX;EUR;20;5113.00000000;203;EXCHANGE_LAST;;1;1;XEUR;7904020;675;
29.04.2025;15:45:45.592;FESX SI 20250620 CS;SIMPLE_INSTRUMENT;EFP_IDX;EUR;21;5115.00000000;213;EXCHANGE_LAST;;1;1;XEUR;7904020;675;
29.04.2025;15:49:00.814;FESX SI 20250620 CS;SIMPLE_INSTRUMENT;EFP_IDX;EUR;22;5114.00000000;600;EXCHANGE_LAST;;1;1;XEUR;7904020;675;
29.04.2025;15:47:26.381;FESX SI 20250620 CS;SIMPLE_INSTRUMENT;EFP_IDX;EUR;23;5113.00000000;40;EXCHANGE_LAST;;1;1;XEUR;7904020;675;
29.04.2025;15:47:51.161;FESX SI 20250620 CS;SIMPLE_INSTRUMENT;EFP_IDX;EUR;24;5114.00000000;360;EXCHANGE_LAST;;1;1;XEUR;7904020;675;
29.04.2025;15:46:44.400;FESX SI 20250620 CS;SIMPLE_INSTRUMENT;EFP_IDX;EUR;25;5115.00000000;117;EXCHANGE_LAST;;1;1;XEUR;7904020;675;
29.04.2025;15:52:31.111;FESX SI 20250620 CS;SIMPLE_INSTRUMENT;EFP_IDX;EUR;26;5115.00000000;1200;EXCHANGE_LAST;;1;1;XEUR;7904020;675;
29.04.2025;15:52:15.889;FESX SI 20250620 CS;SIMPLE_INSTRUMENT;EFP_IDX;EUR;27;5114.00000000;1800;EXCHANGE_LAST;;1;1;XEUR;7904020;675;
29.04.2025;15:52:42.055;FESX SI 20250620 CS;SIMPLE_INSTRUMENT;EFP_IDX;EUR;28;5115.00000000;160;EXCHANGE_LAST;;1;1;XEUR;7904020;675;
29.04.2025;15:51:58.021;FESX SI 20250620 CS;SIMPLE_INSTRUMENT;EFP_IDX;EUR;29;5114.00000000;240;EXCHANGE_LAST;;1;1;XEUR;7904020;675;
29.04.2025;15:52:53.913;FESX SI 20250620 CS;SIMPLE_INSTRUMENT;EFP_IDX;EUR;30;5115.00000000;50;EXCHANGE_LAST;;1;1;XEUR;7904020;675;
29.04.2025;15:53:00.470;FESX SI 20250620 CS;SIMPLE_INSTRUMENT;EFP_IDX;EUR;31;5114.00000000;1950;EXCHANGE_LAST;;1;1;XEUR;7904020;675;
29.04.2025;15:51:14.285;FESX SI 20250620 CS;SIMPLE_INSTRUMENT;EFP_IDX;EUR;32;5115.00000000;20;EXCHANGE_LAST;;1;1;XEUR;7904020;675;
29.04.2025;15:51:23.841;FESX SI 20250620 CS;SIMPLE_INSTRUMENT;EFP_IDX;EUR;33;5114.00000000;115;EXCHANGE_LAST;;1;1;XEUR;7904020;675;
29.04.2025;15:52:08.530;FESX SI 20250620 CS;SIMPLE_INSTRUMENT;EFP_IDX;EUR;34;5114.00000000;300;EXCHANGE_LAST;;1;1;XEUR;7904020;675;
29.04.2025;15:52:18.401;FESX SI 20250620 CS;SIMPLE_INSTRUMENT;EFP_IDX;EUR;35;5115.00000000;200;EXCHANGE_LAST;;1;1;XEUR;7904020;675;
29.04.2025;08:42:02.880;FESX SI 20250620 CS;SIMPLE_INSTRUMENT;VOLA;EUR;637534224;5117.00000000;300;EXCHANGE_LAST;;1;1;XEUR;7904020;675;
29.04.2025;08:41:58.323;FESX SI 20250620 CS;SIMPLE_INSTRUMENT;VOLA;EUR;637534225;5117.00000000;367;EXCHANGE_LAST;;1;1;XEUR;7904020;675;
29.04.2025;09:06:23.811;FESX SI 20250620 CS;SIMPLE_INSTRUMENT;VOLA;EUR;637534229;5130.00000000;10;EXCHANGE_LAST;;1;1;XEUR;7904020;675;
29.04.2025;09:27:53.957;FESX SI 20250620 CS;SIMPLE_INSTRUMENT;VOLA;EUR;637534234;5125.00000000;188;EXCHANGE_LAST;;1;1;XEUR;7904020;675;
29.04.2025;09:34:59.841;FESX SI 20250620 CS;SIMPLE_INSTRUMENT;VOLA;EUR;637534245;5127.00000000;1470;EXCHANGE_LAST;;1;1;XEUR;7904020;675;
29.04.2025;09:35:05.744;FESX SI 20250620 CS;SIMPLE_INSTRUMENT;VOLA;EUR;637534246;5120.00000000;288;EXCHANGE_LAST;;1;1;XEUR;7904020;675;
29.04.2025;11:52:25.939;FESX SI 20250620 CS;SIMPLE_INSTRUMENT;VOLA;EUR;637534293;5120.00000000;180;EXCHANGE_LAST;;1;1;XEUR;7904020;675;
29.04.2025;13:59:52.298;FESX SI 20250620 CS;SIMPLE_INSTRUMENT;VOLA;EUR;637534345;5100.00000000;429;EXCHANGE_LAST;;1;1;XEUR;7904020;675;
29.04.2025;14:52:54.013;FESX SI 20250620 CS;SIMPLE_INSTRUMENT;VOLA;EUR;637534362;5111.00000000;160;EXCHANGE_LAST;;1;1;XEUR;7904020;675;
29.04.2025;15:05:58.827;FESX SI 20250620 CS;SIMPLE_INSTRUMENT;VOLA;EUR;637534370;5115.00000000;200;EXCHANGE_LAST;;1;1;XEUR;7904020;675;
29.04.2025;15:20:37.796;FESX SI 20250620 CS;SIMPLE_INSTRUMENT;VOLA;EUR;637534384;5120.00000000;110;EXCHANGE_LAST;;1;1;XEUR;7904020;675;
29.04.2025;15:27:43.290;FESX SI 20250620 CS;SIMPLE_INSTRUMENT;VOLA;EUR;637534395;5120.00000000;900;EXCHANGE_LAST;;1;1;XEUR;7904020;675;
29.04.2025;15:29:13.851;FESX SI 20250620 CS;SIMPLE_INSTRUMENT;VOLA;EUR;637534399;5120.00000000;263;EXCHANGE_LAST;;1;1;XEUR;7904020;675;
29.04.2025;15:28:26.005;FESX SI 20250620 CS;SIMPLE_INSTRUMENT;VOLA;EUR;637534400;5120.00000000;1180;EXCHANGE_LAST;;1;1;XEUR;7904020;675;
29.04.2025;08:59:24.703;FEXD SI 20251219 CS;SIMPLE_INSTRUMENT;BLOCK;EUR;11;164.80000000;250;EXCHANGE_LAST;;1;1;XEUR;1548120;693;
29.04.2025;08:59:43.305;FEXD SI 20251219 CS;SIMPLE_INSTRUMENT;BLOCK;EUR;12;164.90000000;250;EXCHANGE_LAST;;1;1;XEUR;1548120;693;
29.04.2025;08:59:26.304;FEXD SI 20261218 CS;SIMPLE_INSTRUMENT;BLOCK;EUR;13;152.30000000;600;EXCHANGE_LAST;;1;1;XEUR;2163053;693;
29.04.2025;08:59:55.893;FEXD SI 20281215 CS;SIMPLE_INSTRUMENT;BLOCK;EUR;14;142.70000000;600;EXCHANGE_LAST;;1;1;XEUR;3680985;693;
29.04.2025;11:56:37.576;FEXD SI 20261218 CS;SIMPLE_INSTRUMENT;BLOCK;EUR;17;152.50000000;500;EXCHANGE_LAST;;1;1;XEUR;2163053;693;
29.04.2025;13:24:38.423;FEXD SI 20261218 CS;SIMPLE_INSTRUMENT;BLOCK;EUR;31;152.10000000;250;EXCHANGE_LAST;;1;1;XEUR;2163053;693;
29.04.2025;13:32:00.728;FEXD SI 20261218 CS;SIMPLE_INSTRUMENT;BLOCK;EUR;32;152.00000000;1321;EXCHANGE_LAST;;1;1;XEUR;2163053;693;
29.04.2025;13:34:12.567;FEXD SI 20291221 CS;SIMPLE_INSTRUMENT;BLOCK;EUR;33;138.70000000;540;EXCHANGE_LAST;;1;1;XEUR;4631968;693;
29.04.2025;13:59:32.514;FEXD SI 20301220 CS;SIMPLE_INSTRUMENT;BLOCK;EUR;36;136.00000000;151;EXCHANGE_LAST;;1;1;XEUR;5914108;693;
29.04.2025;14:21:33.705;FEXD SI 20261218 CS;SIMPLE_INSTRUMENT;BLOCK;EUR;39;152.20000000;1000;EXCHANGE_LAST;;1;1;XEUR;2163053;693;
29.04.2025;15:18:46.697;FEXD SI 20251219 CS;SIMPLE_INSTRUMENT;BLOCK;EUR;51;164.60000000;638;EXCHANGE_LAST;;1;1;XEUR;1548120;693;
29.04.2025;15:18:36.696;FEXD SI 20251219 CS;SIMPLE_INSTRUMENT;BLOCK;EUR;52;164.70000000;637;EXCHANGE_LAST;;1;1;XEUR;1548120;693;
29.04.2025;13:01:49.373;FEXD SI 20261218 CS;SIMPLE_INSTRUMENT;VOLA;EUR;301989901;152.20000000;540;EXCHANGE_LAST;;1;1;XEUR;2163053;693;
29.04.2025;15:18:52.030;FFOX SI 20250619 CS;SIMPLE_INSTRUMENT;BLOCK;EUR;3;4432.10000000;200;EXCHANGE_LAST;;1;1;XEUR;11881292;695;
29.04.2025;07:19:49.210;FGBL SI 20250606 PS;SIMPLE_INSTRUMENT;EFP_FIN;EUR;1;131.36000000;386;EXCHANGE_LAST;;1;1;XEUR;11820389;688;
29.04.2025;07:20:47.274;FGBL SI 20250606 PS;SIMPLE_INSTRUMENT;EFS;EUR;2;131.28000000;140;EXCHANGE_LAST;;1;1;XEUR;11820389;688;
29.04.2025;07:21:02.547;FGBL SI 20250606 PS;SIMPLE_INSTRUMENT;EFS;EUR;3;131.33000000;430;EXCHANGE_LAST;;1;1;XEUR;11820389;688;
29.04.2025;07:28:06.356;FGBL SI 20250606 PS;SIMPLE_INSTRUMENT;EFP_FIN;EUR;4;131.35000000;2488;EXCHANGE_LAST;;1;1;XEUR;11820389;688;
29.04.2025;07:27:10.440;FGBL SI 20250606 PS;SIMPLE_INSTRUMENT;EFS;EUR;5;131.34000000;430;EXCHANGE_LAST;;1;1;XEUR;11820389;688;
29.04.2025;07:29:01.647;FGBL SI 20250606 PS;SIMPLE_INSTRUMENT;BLOCK;EUR;6;131.32000000;2198;EXCHANGE_LAST;;1;1;XEUR;11820389;688;
29.04.2025;07:31:39.051;FGBL SI 20250606 PS;SIMPLE_INSTRUMENT;EFS;EUR;7;131.32000000;430;EXCHANGE_LAST;;1;1;XEUR;11820389;688;
29.04.2025;07:32:55.929;FGBL SI 20250606 PS;SIMPLE_INSTRUMENT;EFS;EUR;8;131.31000000;200;EXCHANGE_LAST;;1;1;XEUR;11820389;688;
29.04.2025;07:33:07.964;FGBL SI 20250606 PS;SIMPLE_INSTRUMENT;EFS;EUR;9;131.33000000;732;EXCHANGE_LAST;;1;1;XEUR;11820389;688;
29.04.2025;07:39:29.803;FGBL SI 20250606 PS;SIMPLE_INSTRUMENT;EFS;EUR;10;131.34000000;243;EXCHANGE_LAST;;1;1;XEUR;11820389;688;
29.04.2025;07:42:07.488;FGBL SI 20250606 PS;SIMPLE_INSTRUMENT;EFS;EUR;11;131.33000000;244;EXCHANGE_LAST;;1;1;XEUR;11820389;688;
29.04.2025;07:45:19.687;FGBL SI 20250606 PS;SIMPLE_INSTRUMENT;EFS;EUR;12;131.25000000;431;EXCHANGE_LAST;;1;1;XEUR;11820389;688;
29.04.2025;07:47:55.367;FGBL SI 20250606 PS;SIMPLE_INSTRUMENT;EFS;EUR;13;131.31000000;244;EXCHANGE_LAST;;1;1;XEUR;11820389;688;
29.04.2025;07:52:54.965;FGBL SI 20250606 PS;SIMPLE_INSTRUMENT;EFS;EUR;14;131.35000000;344;EXCHANGE_LAST;;1;1;XEUR;11820389;688;
29.04.2025;07:56:13.599;FGBL SI 20250606 PS;SIMPLE_INSTRUMENT;EFS;EUR;15;131.34000000;430;EXCHANGE_LAST;;1;1;XEUR;11820389;688;
29.04.2025;08:00:52.031;FGBL SI 20250606 PS;SIMPLE_INSTRUMENT;EFP_FIN;EUR;17;131.26000000;415;EXCHANGE_LAST;;1;1;XEUR;11820389;688;
29.04.2025;08:06:26.195;FGBL SI 20250606 PS;SIMPLE_INSTRUMENT;EFS;EUR;18;131.32000000;215;EXCHANGE_LAST;;1;1;XEUR;11820389;688;
29.04.2025;08:11:24.646;FGBL SI 20250606 PS;SIMPLE_INSTRUMENT;EFS;EUR;19;131.28000000;215;EXCHANGE_LAST;;1;1;XEUR;11820389;688;
29.04.2025;08:16:23.231;FGBL SI 20250606 PS;SIMPLE_INSTRUMENT;EFS;EUR;20;131.41000000;430;EXCHANGE_LAST;;1;1;XEUR;11820389;688;
29.04.2025;08:17:49.702;FGBL SI 20250606 PS;SIMPLE_INSTRUMENT;EFS;EUR;21;131.34000000;294;EXCHANGE_LAST;;1;1;XEUR;11820389;688;
29.04.2025;08:17:34.613;FGBL SI 20250606 PS;SIMPLE_INSTRUMENT;EFS;EUR;22;131.43000000;215;EXCHANGE_LAST;;1;1;XEUR;11820389;688;
29.04.2025;08:17:45.149;FGBL SI 20250606 PS;SIMPLE_INSTRUMENT;EFS;EUR;23;131.42000000;392;EXCHANGE_LAST;;1;1;XEUR;11820389;688;
29.04.2025;08:19:27.160;FGBL SI 20250606 PS;SIMPLE_INSTRUMENT;EFS;EUR;24;131.34000000;243;EXCHANGE_LAST;;1;1;XEUR;11820389;688;
29.04.2025;08:25:08.448;FGBL SI 20250606 PS;SIMPLE_INSTRUMENT;BLOCK;EUR;25;131.33000000;2140;EXCHANGE_LAST;;1;1;XEUR;11820389;688;
29.04.2025;08:27:07.228;FGBL SI 20250606 PS;SIMPLE_INSTRUMENT;EFP_FIN;EUR;26;131.32000000;1361;EXCHANGE_LAST;;1;1;XEUR;11820389;688;
29.04.2025;08:27:50.782;FGBL SI 20250606 PS;SIMPLE_INSTRUMENT;EFS;EUR;27;131.33000000;49;EXCHANGE_LAST;;1;1;XEUR;11820389;688;
29.04.2025;08:28:25.175;FGBL SI 20250606 PS;SIMPLE_INSTRUMENT;EFS;EUR;28;131.38000000;390;EXCHANGE_LAST;;1;1;XEUR;11820389;688;
29.04.2025;08:30:13.711;FGBL SI 20250606 PS;SIMPLE_INSTRUMENT;EFS;EUR;29;131.38000000;1290;EXCHANGE_LAST;;1;1;XEUR;11820389;688;
29.04.2025;08:29:57.171;FGBL SI 20250606 PS;SIMPLE_INSTRUMENT;EFS;EUR;30;131.38000000;430;EXCHANGE_LAST;;1;1;XEUR;11820389;688;
29.04.2025;08:30:50.193;FGBL SI 20250606 PS;SIMPLE_INSTRUMENT;EFP_FIN;EUR;31;131.39000000;845;EXCHANGE_LAST;;1;1;XEUR;11820389;688;
29.04.2025;08:31:53.868;FGBL SI 20250606 PS;SIMPLE_INSTRUMENT;EFS;EUR;32;131.38000000;1290;EXCHANGE_LAST;;1;1;XEUR;11820389;688;
29.04.2025;08:32:41.512;FGBL SI 20250606 PS;SIMPLE_INSTRUMENT;EFS;EUR;33;131.38000000;43;EXCHANGE_LAST;;1;1;XEUR;11820389;688;
29.04.2025;08:37:17.646;FGBL SI 20250606 PS;SIMPLE_INSTRUMENT;EFS;EUR;34;131.33000000;244;EXCHANGE_LAST;;1;1;XEUR;11820389;688;
29.04.2025;08:39:17.470;FGBL SI 20250606 PS;SIMPLE_INSTRUMENT;EFS;EUR;35;131.38000000;171;EXCHANGE_LAST;;1;1;XEUR;11820389;688;
29.04.2025;08:44:10.174;FGBL SI 20250606 PS;SIMPLE_INSTRUMENT;EFS;EUR;36;131.38000000;861;EXCHANGE_LAST;;1;1;XEUR;11820389;688;
29.04.2025;08:47:44.864;FGBL SI 20250606 PS;SIMPLE_INSTRUMENT;EFP_FIN;EUR;37;131.40000000;374;EXCHANGE_LAST;;1;1;XEUR;11820389;688;
29.04.2025;08:54:18.408;FGBL SI 20250606 PS;SIMPLE_INSTRUMENT;EFS;EUR;38;131.39000000;195;EXCHANGE_LAST;;1;1;XEUR;11820389;688;
29.04.2025;08:56:07.227;FGBL SI 20250606 PS;SIMPLE_INSTRUMENT;EFS;EUR;39;131.39000000;430;EXCHANGE_LAST;;1;1;XEUR;11820389;688;
29.04.2025;08:57:52.885;FGBL SI 20250606 PS;SIMPLE_INSTRUMENT;EFS;EUR;40;131.37000000;171;EXCHANGE_LAST;;1;1;XEUR;11820389;688;
29.04.2025;09:02:57.959;FGBL SI 20250606 PS;SIMPLE_INSTRUMENT;EFS;EUR;41;131.37000000;215;EXCHANGE_LAST;;1;1;XEUR;11820389;688;
29.04.2025;09:04:44.608;FGBL SI 20250606 PS;SIMPLE_INSTRUMENT;EFS;EUR;42;131.38000000;430;EXCHANGE_LAST;;1;1;XEUR;11820389;688;
29.04.2025;09:06:37.780;FGBL SI 20250606 PS;SIMPLE_INSTRUMENT;EFS;EUR;43;131.39000000;215;EXCHANGE_LAST;;1;1;XEUR;11820389;688;
29.04.2025;09:08:02.854;FGBL SI 20250606 PS;SIMPLE_INSTRUMENT;EFS;EUR;44;131.39000000;125;EXCHANGE_LAST;;1;1;XEUR;11820389;688;
29.04.2025;09:08:07.856;FGBL SI 20250606 PS;SIMPLE_INSTRUMENT;EFS;EUR;45;131.39000000;125;EXCHANGE_LAST;;1;1;XEUR;11820389;688;
29.04.2025;09:08:32.895;FGBL SI 20250606 PS;SIMPLE_INSTRUMENT;EFS;EUR;46;131.39000000;215;EXCHANGE_LAST;;1;1;XEUR;11820389;688;
29.04.2025;09:10:01.339;FGBL SI 20250606 PS;SIMPLE_INSTRUMENT;EFS;EUR;47;131.39000000;215;EXCHANGE_LAST;;1;1;XEUR;11820389;688;
29.04.2025;09:13:17.913;FGBL SI 20250606 PS;SIMPLE_INSTRUMENT;EFS;EUR;48;131.39000000;215;EXCHANGE_LAST;;1;1;XEUR;11820389;688;
29.04.2025;09:15:24.651;FGBL SI 20250606 PS;SIMPLE_INSTRUMENT;EFP_FIN;EUR;49;131.38000000;498;EXCHANGE_LAST;;1;1;XEUR;11820389;688;
29.04.2025;09:20:18.926;FGBL SI 20250606 PS;SIMPLE_INSTRUMENT;EFP_FIN;EUR;50;131.38000000;418;EXCHANGE_LAST;;1;1;XEUR;11820389;688;
29.04.2025;09:22:24.318;FGBL SI 20250606 PS;SIMPLE_INSTRUMENT;EFS;EUR;51;131.37000000;485;EXCHANGE_LAST;;1;1;XEUR;11820389;688;
29.04.2025;09:28:11.305;FGBL SI 20250606 PS;SIMPLE_INSTRUMENT;EFS;EUR;52;131.36000000;428;EXCHANGE_LAST;;1;1;XEUR;11820389;688;
29.04.2025;09:28:30.307;FGBL SI 20250606 PS;SIMPLE_INSTRUMENT;EFS;EUR;53;131.36000000;428;EXCHANGE_LAST;;1;1;XEUR;11820389;688;
29.04.2025;09:40:02.923;FGBL SI 20250606 PS;SIMPLE_INSTRUMENT;EFP_FIN;EUR;54;131.38000000;152;EXCHANGE_LAST;;1;1;XEUR;11820389;688;
29.04.2025;09:41:01.284;FGBL SI 20250606 PS;SIMPLE_INSTRUMENT;EFP_FIN;EUR;55;131.29000000;367;EXCHANGE_LAST;;1;1;XEUR;11820389;688;
29.04.2025;09:45:51.853;FGBL SI 20250606 PS;SIMPLE_INSTRUMENT;EFS;EUR;56;131.27000000;258;EXCHANGE_LAST;;1;1;XEUR;11820389;688;
29.04.2025;09:46:37.928;FGBL SI 20250606 PS;SIMPLE_INSTRUMENT;EFS;EUR;57;131.25000000;430;EXCHANGE_LAST;;1;1;XEUR;11820389;688;
29.04.2025;09:47:14.461;FGBL SI 20250606 PS;SIMPLE_INSTRUMENT;EFS;EUR;58;131.25000000;172;EXCHANGE_LAST;;1;1;XEUR;11820389;688;
29.04.2025;09:49:25.899;FGBL SI 20250606 PS;SIMPLE_INSTRUMENT;EFS;EUR;59;131.25000000;100;EXCHANGE_LAST;;1;1;XEUR;11820389;688;
29.04.2025;09:59:43.151;FGBL SI 20250606 PS;SIMPLE_INSTRUMENT;EFS;EUR;60;131.21000000;431;EXCHANGE_LAST;;1;1;XEUR;11820389;688;
29.04.2025;10:01:08.197;FGBL SI 20250606 PS;SIMPLE_INSTRUMENT;EFP_FIN;EUR;61;131.21000000;127;EXCHANGE_LAST;;1;1;XEUR;11820389;688;
29.04.2025;10:12:50.662;FGBL SI 20250606 PS;SIMPLE_INSTRUMENT;EFP_FIN;EUR;63;131.21000000;322;EXCHANGE_LAST;;1;1;XEUR;11820389;688;
29.04.2025;10:23:14.428;FGBL SI 20250606 PS;SIMPLE_INSTRUMENT;EFS;EUR;64;131.27000000;508;EXCHANGE_LAST;;1;1;XEUR;11820389;688;
29.04.2025;10:24:08.530;FGBL SI 20250606 PS;SIMPLE_INSTRUMENT;EFS;EUR;65;131.29000000;430;EXCHANGE_LAST;;1;1;XEUR;11820389;688;
29.04.2025;10:26:17.050;FGBL SI 20250606 PS;SIMPLE_INSTRUMENT;EFS;EUR;66;131.30000000;430;EXCHANGE_LAST;;1;1;XEUR;11820389;688;
29.04.2025;10:26:29.128;FGBL SI 20250606 PS;SIMPLE_INSTRUMENT;EFP_FIN;EUR;67;131.40000000;225;EXCHANGE_LAST;;1;1;XEUR;11820389;688;
29.04.2025;10:27:22.264;FGBL SI 20250606 PS;SIMPLE_INSTRUMENT;EFP_FIN;EUR;68;131.23000000;374;EXCHANGE_LAST;;1;1;XEUR;11820389;688;
29.04.2025;10:27:36.246;FGBL SI 20250606 PS;SIMPLE_INSTRUMENT;EFS;EUR;69;131.30000000;215;EXCHANGE_LAST;;1;1;XEUR;11820389;688;
29.04.2025;10:31:00.713;FGBL SI 20250606 PS;SIMPLE_INSTRUMENT;EFP_FIN;EUR;70;131.28000000;1174;EXCHANGE_LAST;;1;1;XEUR;11820389;688;
29.04.2025;10:33:25.004;FGBL SI 20250606 PS;SIMPLE_INSTRUMENT;EFP_FIN;EUR;71;131.29000000;58;EXCHANGE_LAST;;1;1;XEUR;11820389;688;
29.04.2025;10:34:38.111;FGBL SI 20250606 PS;SIMPLE_INSTRUMENT;EFS;EUR;72;131.29000000;195;EXCHANGE_LAST;;1;1;XEUR;11820389;688;
29.04.2025;10:56:32.332;FGBL SI 20250606 PS;SIMPLE_INSTRUMENT;EFS;EUR;73;131.32000000;428;EXCHANGE_LAST;;1;1;XEUR;11820389;688;
29.04.2025;10:56:35.930;FGBL SI 20250606 PS;SIMPLE_INSTRUMENT;EFS;EUR;74;131.32000000;428;EXCHANGE_LAST;;1;1;XEUR;11820389;688;
29.04.2025;11:13:49.882;FGBL SI 20250606 PS;SIMPLE_INSTRUMENT;EFP_FIN;EUR;75;131.29000000;121;EXCHANGE_LAST;;1;1;XEUR;11820389;688;
29.04.2025;11:14:03.409;FGBL SI 20250606 PS;SIMPLE_INSTRUMENT;EFS;EUR;76;131.27000000;430;EXCHANGE_LAST;;1;1;XEUR;11820389;688;
29.04.2025;11:15:43.903;FGBL SI 20250606 PS;SIMPLE_INSTRUMENT;EFS;EUR;77;131.27000000;430;EXCHANGE_LAST;;1;1;XEUR;11820389;688;
29.04.2025;11:16:25.692;FGBL SI 20250606 PS;SIMPLE_INSTRUMENT;EFS;EUR;78;131.26000000;430;EXCHANGE_LAST;;1;1;XEUR;11820389;688;
29.04.2025;11:19:53.664;FGBL SI 20250606 PS;SIMPLE_INSTRUMENT;EFS;EUR;79;131.25000000;430;EXCHANGE_LAST;;1;1;XEUR;11820389;688;
29.04.2025;11:19:58.699;FGBL SI 20250606 PS;SIMPLE_INSTRUMENT;EFS;EUR;80;131.26000000;430;EXCHANGE_LAST;;1;1;XEUR;11820389;688;
29.04.2025;11:27:20.058;FGBL SI 20250606 PS;SIMPLE_INSTRUMENT;EFS;EUR;81;131.30000000;857;EXCHANGE_LAST;;1;1;XEUR;11820389;688;
29.04.2025;11:45:51.927;FGBL SI 20250606 PS;SIMPLE_INSTRUMENT;EFS;EUR;82;131.28000000;430;EXCHANGE_LAST;;1;1;XEUR;11820389;688;
29.04.2025;11:45:55.787;FGBL SI 20250606 PS;SIMPLE_INSTRUMENT;EFP_FIN;EUR;83;131.25000000;127;EXCHANGE_LAST;;1;1;XEUR;11820389;688;
29.04.2025;11:47:27.004;FGBL SI 20250606 PS;SIMPLE_INSTRUMENT;EFS;EUR;84;131.28000000;430;EXCHANGE_LAST;;1;1;XEUR;11820389;688;
29.04.2025;11:50:45.483;FGBL SI 20250606 PS;SIMPLE_INSTRUMENT;EFS;EUR;86;131.25000000;221;EXCHANGE_LAST;;1;1;XEUR;11820389;688;
29.04.2025;11:51:01.168;FGBL SI 20250606 PS;SIMPLE_INSTRUMENT;EFS;EUR;87;131.26000000;244;EXCHANGE_LAST;;1;1;XEUR;11820389;688;
29.04.2025;11:52:27.862;FGBL SI 20250606 PS;SIMPLE_INSTRUMENT;EFS;EUR;88;131.22000000;200;EXCHANGE_LAST;;1;1;XEUR;11820389;688;
29.04.2025;11:53:07.279;FGBL SI 20250606 PS;SIMPLE_INSTRUMENT;EFS;EUR;89;131.18000000;431;EXCHANGE_LAST;;1;1;XEUR;11820389;688;
29.04.2025;11:56:12.411;FGBL SI 20250606 PS;SIMPLE_INSTRUMENT;EFS;EUR;90;131.20000000;215;EXCHANGE_LAST;;1;1;XEUR;11820389;688;
29.04.2025;11:56:57.448;FGBL SI 20250606 PS;SIMPLE_INSTRUMENT;EFS;EUR;91;131.20000000;215;EXCHANGE_LAST;;1;1;XEUR;11820389;688;
29.04.2025;11:57:17.464;FGBL SI 20250606 PS;SIMPLE_INSTRUMENT;EFS;EUR;92;131.22000000;431;EXCHANGE_LAST;;1;1;XEUR;11820389;688;
29.04.2025;11:57:52.690;FGBL SI 20250606 PS;SIMPLE_INSTRUMENT;EFS;EUR;93;131.21000000;214;EXCHANGE_LAST;;1;1;XEUR;11820389;688;
29.04.2025;12:02:21.199;FGBL SI 20250606 PS;SIMPLE_INSTRUMENT;EFS;EUR;94;131.26000000;98;EXCHANGE_LAST;;1;1;XEUR;11820389;688;
29.04.2025;12:13:38.549;FGBL SI 20250606 PS;SIMPLE_INSTRUMENT;EFP_FIN;EUR;95;131.28000000;326;EXCHANGE_LAST;;1;1;XEUR;11820389;688;
29.04.2025;12:15:55.346;FGBL SI 20250606 PS;SIMPLE_INSTRUMENT;EFS;EUR;96;131.21000000;100;EXCHANGE_LAST;;1;1;XEUR;11820389;688;
29.04.2025;12:19:18.873;FGBL SI 20250606 PS;SIMPLE_INSTRUMENT;EFS;EUR;97;131.23000000;1722;EXCHANGE_LAST;;1;1;XEUR;11820389;688;
29.04.2025;12:23:19.733;FGBL SI 20250606 PS;SIMPLE_INSTRUMENT;EFS;EUR;98;131.25000000;215;EXCHANGE_LAST;;1;1;XEUR;11820389;688;
29.04.2025;12:23:23.991;FGBL SI 20250606 PS;SIMPLE_INSTRUMENT;EFS;EUR;99;131.21000000;200;EXCHANGE_LAST;;1;1;XEUR;11820389;688;
29.04.2025;12:24:32.092;FGBL SI 20250606 PS;SIMPLE_INSTRUMENT;EFS;EUR;100;131.24000000;430;EXCHANGE_LAST;;1;1;XEUR;11820389;688;
29.04.2025;12:28:30.568;FGBL SI 20250606 PS;SIMPLE_INSTRUMENT;EFS;EUR;101;131.25000000;456;EXCHANGE_LAST;;1;1;XEUR;11820389;688;
29.04.2025;12:29:04.855;FGBL SI 20250606 PS;SIMPLE_INSTRUMENT;EFS;EUR;102;131.25000000;215;EXCHANGE_LAST;;1;1;XEUR;11820389;688;
29.04.2025;12:30:43.561;FGBL SI 20250606 PS;SIMPLE_INSTRUMENT;EFS;EUR;103;131.25000000;645;EXCHANGE_LAST;;1;1;XEUR;11820389;688;
29.04.2025;12:31:10.270;FGBL SI 20250606 PS;SIMPLE_INSTRUMENT;EFS;EUR;104;131.26000000;215;EXCHANGE_LAST;;1;1;XEUR;11820389;688;
29.04.2025;12:53:56.064;FGBL SI 20250606 PS;SIMPLE_INSTRUMENT;EFS;EUR;105;131.26000000;429;EXCHANGE_LAST;;1;1;XEUR;11820389;688;
29.04.2025;12:57:30.823;FGBL SI 20250606 PS;SIMPLE_INSTRUMENT;EFS;EUR;106;131.34000000;428;EXCHANGE_LAST;;1;1;XEUR;11820389;688;
29.04.2025;12:58:27.485;FGBL SI 20250606 PS;SIMPLE_INSTRUMENT;EFS;EUR;107;131.32000000;301;EXCHANGE_LAST;;1;1;XEUR;11820389;688;
29.04.2025;13:02:06.534;FGBL SI 20250606 PS;SIMPLE_INSTRUMENT;EFS;EUR;108;131.32000000;430;EXCHANGE_LAST;;1;1;XEUR;11820389;688;
29.04.2025;13:06:48.625;FGBL SI 20250606 PS;SIMPLE_INSTRUMENT;EFS;EUR;109;131.41000000;300;EXCHANGE_LAST;;1;1;XEUR;11820389;688;
29.04.2025;13:15:33.223;FGBL SI 20250606 PS;SIMPLE_INSTRUMENT;EFS;EUR;110;131.27000000;258;EXCHANGE_LAST;;1;1;XEUR;11820389;688;
29.04.2025;13:22:50.327;FGBL SI 20250606 PS;SIMPLE_INSTRUMENT;EFS;EUR;111;131.27000000;430;EXCHANGE_LAST;;1;1;XEUR;11820389;688;
29.04.2025;13:28:49.549;FGBL SI 20250606 PS;SIMPLE_INSTRUMENT;EFS;EUR;112;131.28000000;129;EXCHANGE_LAST;;1;1;XEUR;11820389;688;
29.04.2025;13:30:06.494;FGBL SI 20250606 PS;SIMPLE_INSTRUMENT;EFS;EUR;113;131.27000000;430;EXCHANGE_LAST;;1;1;XEUR;11820389;688;
29.04.2025;13:30:23.793;FGBL SI 20250606 PS;SIMPLE_INSTRUMENT;EFS;EUR;114;131.29000000;301;EXCHANGE_LAST;;1;1;XEUR;11820389;688;
29.04.2025;13:41:49.322;FGBL SI 20250606 PS;SIMPLE_INSTRUMENT;EFS;EUR;115;131.28000000;430;EXCHANGE_LAST;;1;1;XEUR;11820389;688;
29.04.2025;13:44:49.572;FGBL SI 20250606 PS;SIMPLE_INSTRUMENT;EFP_FIN;EUR;116;131.35000000;121;EXCHANGE_LAST;;1;1;XEUR;11820389;688;
29.04.2025;13:56:36.673;FGBL SI 20250606 PS;SIMPLE_INSTRUMENT;EFP_FIN;EUR;117;131.26000000;163;EXCHANGE_LAST;;1;1;XEUR;11820389;688;
29.04.2025;13:57:00.055;FGBL SI 20250606 PS;SIMPLE_INSTRUMENT;EFS;EUR;118;131.37000000;430;EXCHANGE_LAST;;1;1;XEUR;11820389;688;
29.04.2025;13:58:11.893;FGBL SI 20250606 PS;SIMPLE_INSTRUMENT;EFS;EUR;119;131.32000000;100;EXCHANGE_LAST;;1;1;XEUR;11820389;688;
29.04.2025;13:58:17.123;FGBL SI 20250606 PS;SIMPLE_INSTRUMENT;EFP_FIN;EUR;120;131.34000000;329;EXCHANGE_LAST;;1;1;XEUR;11820389;688;
29.04.2025;13:58:21.864;FGBL SI 20250606 PS;SIMPLE_INSTRUMENT;EFP_FIN;EUR;121;131.26000000;87;EXCHANGE_LAST;;1;1;XEUR;11820389;688;
29.04.2025;14:14:00.660;FGBL SI 20250606 PS;SIMPLE_INSTRUMENT;EFS;EUR;122;131.37000000;244;EXCHANGE_LAST;;1;1;XEUR;11820389;688;
29.04.2025;14:25:02.109;FGBL SI 20250606 PS;SIMPLE_INSTRUMENT;EFS;EUR;123;131.39000000;430;EXCHANGE_LAST;;1;1;XEUR;11820389;688;
29.04.2025;14:25:29.450;FGBL SI 20250606 PS;SIMPLE_INSTRUMENT;EFP_FIN;EUR;124;131.35000000;106;EXCHANGE_LAST;;1;1;XEUR;11820389;688;
29.04.2025;14:30:12.149;FGBL SI 20250606 PS;SIMPLE_INSTRUMENT;EFS;EUR;125;131.40000000;488;EXCHANGE_LAST;;1;1;XEUR;11820389;688;
29.04.2025;14:31:30.113;FGBL SI 20250606 PS;SIMPLE_INSTRUMENT;EFP_FIN;EUR;126;131.34000000;77;EXCHANGE_LAST;;1;1;XEUR;11820389;688;
29.04.2025;14:36:42.593;FGBL SI 20250606 PS;SIMPLE_INSTRUMENT;EFS;EUR;127;131.37000000;430;EXCHANGE_LAST;;1;1;XEUR;11820389;688;
29.04.2025;14:39:01.490;FGBL SI 20250606 PS;SIMPLE_INSTRUMENT;EFS;EUR;128;131.40000000;430;EXCHANGE_LAST;;1;1;XEUR;11820389;688;
29.04.2025;14:42:58.739;FGBL SI 20250606 PS;SIMPLE_INSTRUMENT;EFP_FIN;EUR;129;131.40000000;2095;EXCHANGE_LAST;;1;1;XEUR;11820389;688;
29.04.2025;14:43:35.118;FGBL SI 20250606 PS;SIMPLE_INSTRUMENT;EFS;EUR;130;131.42000000;215;EXCHANGE_LAST;;1;1;XEUR;11820389;688;
29.04.2025;14:44:20.857;FGBL SI 20250606 PS;SIMPLE_INSTRUMENT;EFS;EUR;131;131.39000000;301;EXCHANGE_LAST;;1;1;XEUR;11820389;688;
29.04.2025;14:46:30.900;FGBL SI 20250606 PS;SIMPLE_INSTRUMENT;EFS;EUR;132;131.38000000;430;EXCHANGE_LAST;;1;1;XEUR;11820389;688;
29.04.2025;14:47:34.237;FGBL SI 20250606 PS;SIMPLE_INSTRUMENT;EFS;EUR;133;131.38000000;215;EXCHANGE_LAST;;1;1;XEUR;11820389;688;
29.04.2025;14:48:08.029;FGBL SI 20250606 PS;SIMPLE_INSTRUMENT;EFS;EUR;134;131.38000000;215;EXCHANGE_LAST;;1;1;XEUR;11820389;688;
29.04.2025;14:49:19.793;FGBL SI 20250606 PS;SIMPLE_INSTRUMENT;EFS;EUR;135;131.37000000;215;EXCHANGE_LAST;;1;1;XEUR;11820389;688;
29.04.2025;14:52:30.805;FGBL SI 20250606 PS;SIMPLE_INSTRUMENT;EFP_FIN;EUR;136;131.41000000;134;EXCHANGE_LAST;;1;1;XEUR;11820389;688;
29.04.2025;14:58:00.190;FGBL SI 20250606 PS;SIMPLE_INSTRUMENT;EFS;EUR;137;131.34000000;128;EXCHANGE_LAST;;1;1;XEUR;11820389;688;
29.04.2025;15:09:58.242;FGBL SI 20250606 PS;SIMPLE_INSTRUMENT;EFS;EUR;138;131.32000000;214;EXCHANGE_LAST;;1;1;XEUR;11820389;688;
29.04.2025;15:12:46.496;FGBL SI 20250606 PS;SIMPLE_INSTRUMENT;EFS;EUR;139;131.33000000;214;EXCHANGE_LAST;;1;1;XEUR;11820389;688;
29.04.2025;15:14:58.709;FGBL SI 20250606 PS;SIMPLE_INSTRUMENT;EFS;EUR;140;131.35000000;215;EXCHANGE_LAST;;1;1;XEUR;11820389;688;
29.04.2025;15:16:43.798;FGBL SI 20250606 PS;SIMPLE_INSTRUMENT;EFS;EUR;141;131.34000000;8500;EXCHANGE_LAST;;1;1;XEUR;11820389;688;
29.04.2025;15:18:46.853;FGBL SI 20250606 PS;SIMPLE_INSTRUMENT;EFS;EUR;142;131.33000000;975;EXCHANGE_LAST;;1;1;XEUR;11820389;688;
29.04.2025;15:20:45.860;FGBL SI 20250606 PS;SIMPLE_INSTRUMENT;EFP_FIN;EUR;143;131.35000000;76;EXCHANGE_LAST;;1;1;XEUR;11820389;688;
29.04.2025;15:25:41.829;FGBL SI 20250606 PS;SIMPLE_INSTRUMENT;EFS;EUR;144;131.39000000;430;EXCHANGE_LAST;;1;1;XEUR;11820389;688;
29.04.2025;15:26:52.792;FGBL SI 20250606 PS;SIMPLE_INSTRUMENT;EFS;EUR;145;131.43000000;430;EXCHANGE_LAST;;1;1;XEUR;11820389;688;
29.04.2025;15:27:30.756;FGBL SI 20250606 PS;SIMPLE_INSTRUMENT;EFS;EUR;146;131.44000000;430;EXCHANGE_LAST;;1;1;XEUR;11820389;688;
29.04.2025;15:28:07.930;FGBL SI 20250606 PS;SIMPLE_INSTRUMENT;EFS;EUR;147;131.43000000;430;EXCHANGE_LAST;;1;1;XEUR;11820389;688;
29.04.2025;15:30:17.325;FGBL SI 20250606 PS;SIMPLE_INSTRUMENT;EFS;EUR;148;131.41000000;215;EXCHANGE_LAST;;1;1;XEUR;11820389;688;
29.04.2025;15:33:24.329;FGBL SI 20250606 PS;SIMPLE_INSTRUMENT;EFS;EUR;149;131.41000000;430;EXCHANGE_LAST;;1;1;XEUR;11820389;688;
29.04.2025;15:33:32.773;FGBL SI 20250606 PS;SIMPLE_INSTRUMENT;EFP_FIN;EUR;150;131.36000000;240;EXCHANGE_LAST;;1;1;XEUR;11820389;688;
29.04.2025;15:33:37.208;FGBL SI 20250606 PS;SIMPLE_INSTRUMENT;EFS;EUR;151;131.36000000;430;EXCHANGE_LAST;;1;1;XEUR;11820389;688;
29.04.2025;15:38:13.880;FGBL SI 20250606 PS;SIMPLE_INSTRUMENT;EFS;EUR;152;131.39000000;215;EXCHANGE_LAST;;1;1;XEUR;11820389;688;
29.04.2025;15:40:26.052;FGBL SI 20250606 PS;SIMPLE_INSTRUMENT;EFS;EUR;153;131.34000000;257;EXCHANGE_LAST;;1;1;XEUR;11820389;688;
29.04.2025;15:51:43.500;FGBL SI 20250606 PS;SIMPLE_INSTRUMENT;EFS;EUR;154;131.38000000;513;EXCHANGE_LAST;;1;1;XEUR;11820389;688;
29.04.2025;15:52:47.295;FGBL SI 20250606 PS;SIMPLE_INSTRUMENT;EFS;EUR;155;131.25000000;223;EXCHANGE_LAST;;1;1;XEUR;11820389;688;
29.04.2025;15:54:40.055;FGBL SI 20250606 PS;SIMPLE_INSTRUMENT;EFS;EUR;156;131.32000000;326;EXCHANGE_LAST;;1;1;XEUR;11820389;688;
29.04.2025;15:59:55.600;FGBL SI 20250606 PS;SIMPLE_INSTRUMENT;EFS;EUR;157;131.32000000;430;EXCHANGE_LAST;;1;1;XEUR;11820389;688;
29.04.2025;16:01:48.929;FGBL SI 20250606 PS;SIMPLE_INSTRUMENT;EFS;EUR;158;131.32000000;215;EXCHANGE_LAST;;1;1;XEUR;11820389;688;
29.04.2025;16:03:55.983;FGBL SI 20250606 PS;SIMPLE_INSTRUMENT;EFS;EUR;159;131.31000000;430;EXCHANGE_LAST;;1;1;XEUR;11820389;688;
29.04.2025;16:04:40.553;FGBL SI 20250606 PS;SIMPLE_INSTRUMENT;EFS;EUR;160;131.33000000;860;EXCHANGE_LAST;;1;1;XEUR;11820389;688;
29.04.2025;16:06:48.509;FGBL SI 20250606 PS;SIMPLE_INSTRUMENT;EFS;EUR;161;131.35000000;171;EXCHANGE_LAST;;1;1;XEUR;11820389;688;
29.04.2025;16:26:36.567;FGBL SI 20250606 PS;SIMPLE_INSTRUMENT;EFS;EUR;162;131.36000000;430;EXCHANGE_LAST;;1;1;XEUR;11820389;688;
29.04.2025;16:34:53.090;FGBL SI 20250606 PS;SIMPLE_INSTRUMENT;EFS;EUR;163;131.39000000;258;EXCHANGE_LAST;;1;1;XEUR;11820389;688;
29.04.2025;16:37:25.934;FGBL SI 20250606 PS;SIMPLE_INSTRUMENT;EFS;EUR;164;131.39000000;244;EXCHANGE_LAST;;1;1;XEUR;11820389;688;
29.04.2025;16:39:39.961;FGBL SI 20250606 PS;SIMPLE_INSTRUMENT;EFS;EUR;165;131.37000000;430;EXCHANGE_LAST;;1;1;XEUR;11820389;688;
29.04.2025;16:40:32.571;FGBL SI 20250606 PS;SIMPLE_INSTRUMENT;EFS;EUR;166;131.38000000;215;EXCHANGE_LAST;;1;1;XEUR;11820389;688;
29.04.2025;09:51:11.800;FGBL SI 20250606 PS;SIMPLE_INSTRUMENT;VOLA;EUR;268435477;131.32000000;30;EXCHANGE_LAST;;1;1;XEUR;11820389;688;
29.04.2025;11:41:43.965;FGBL SI 20250606 PS;SIMPLE_INSTRUMENT;VOLA;EUR;268435488;131.20000000;10;EXCHANGE_LAST;;1;1;XEUR;11820389;688;
29.04.2025;13:54:04.760;FGBL SI 20250606 PS;SIMPLE_INSTRUMENT;VOLA;EUR;268435505;131.27000000;60;EXCHANGE_LAST;;1;1;XEUR;11820389;688;
29.04.2025;14:46:38.454;FGBL SI 20250606 PS;SIMPLE_INSTRUMENT;VOLA;EUR;268435516;131.40000000;60;EXCHANGE_LAST;;1;1;XEUR;11820389;688;
29.04.2025;14:47:27.809;FGBL SI 20250606 PS;SIMPLE_INSTRUMENT;VOLA;EUR;268435517;131.40000000;60;EXCHANGE_LAST;;1;1;XEUR;11820389;688;
29.04.2025;14:49:12.849;FGBL SI 20250606 PS;SIMPLE_INSTRUMENT;VOLA;EUR;268435520;131.35000000;125;EXCHANGE_LAST;;1;1;XEUR;11820389;688;
29.04.2025;06:59:06.387;FGBM SI 20250606 PS;SIMPLE_INSTRUMENT;EFS;EUR;1;119.38000000;2757;EXCHANGE_LAST;;1;1;XEUR;11820390;689;
29.04.2025;07:20:36.964;FGBM SI 20250606 PS;SIMPLE_INSTRUMENT;EFS;EUR;2;119.44000000;426;EXCHANGE_LAST;;1;1;XEUR;11820390;689;
29.04.2025;07:21:20.308;FGBM SI 20250606 PS;SIMPLE_INSTRUMENT;EFS;EUR;3;119.44000000;426;EXCHANGE_LAST;;1;1;XEUR;11820390;689;
29.04.2025;07:21:46.193;FGBM SI 20250606 PS;SIMPLE_INSTRUMENT;EFS;EUR;4;119.44000000;426;EXCHANGE_LAST;;1;1;XEUR;11820390;689;
29.04.2025;07:25:49.301;FGBM SI 20250606 PS;SIMPLE_INSTRUMENT;EFS;EUR;5;119.43000000;425;EXCHANGE_LAST;;1;1;XEUR;11820390;689;
29.04.2025;07:26:13.186;FGBM SI 20250606 PS;SIMPLE_INSTRUMENT;EFS;EUR;6;119.45000000;1378;EXCHANGE_LAST;;1;1;XEUR;11820390;689;
29.04.2025;07:45:37.615;FGBM SI 20250606 PS;SIMPLE_INSTRUMENT;EFS;EUR;7;119.44000000;484;EXCHANGE_LAST;;1;1;XEUR;11820390;689;
29.04.2025;07:56:00.642;FGBM SI 20250606 PS;SIMPLE_INSTRUMENT;EFP_FIN;EUR;8;119.40000000;126;EXCHANGE_LAST;;1;1;XEUR;11820390;689;
29.04.2025;07:57:54.887;FGBM SI 20250606 PS;SIMPLE_INSTRUMENT;EFP_FIN;EUR;9;119.44000000;395;EXCHANGE_LAST;;1;1;XEUR;11820390;689;
29.04.2025;08:06:56.278;FGBM SI 20250606 PS;SIMPLE_INSTRUMENT;EFP_FIN;EUR;10;119.45000000;817;EXCHANGE_LAST;;1;1;XEUR;11820390;689;
29.04.2025;08:07:11.389;FGBM SI 20250606 PS;SIMPLE_INSTRUMENT;EFS;EUR;11;119.41000000;403;EXCHANGE_LAST;;1;1;XEUR;11820390;689;
29.04.2025;08:13:28.889;FGBM SI 20250606 PS;SIMPLE_INSTRUMENT;EFS;EUR;12;119.43000000;806;EXCHANGE_LAST;;1;1;XEUR;11820390;689;
29.04.2025;08:25:58.481;FGBM SI 20250606 PS;SIMPLE_INSTRUMENT;EFS;EUR;14;119.46000000;803;EXCHANGE_LAST;;1;1;XEUR;11820390;689;
29.04.2025;08:28:19.893;FGBM SI 20250606 PS;SIMPLE_INSTRUMENT;EFS;EUR;15;119.45000000;240;EXCHANGE_LAST;;1;1;XEUR;11820390;689;
29.04.2025;08:29:38.856;FGBM SI 20250606 PS;SIMPLE_INSTRUMENT;EFS;EUR;16;119.46000000;459;EXCHANGE_LAST;;1;1;XEUR;11820390;689;
29.04.2025;08:30:09.885;FGBM SI 20250606 PS;SIMPLE_INSTRUMENT;EFS;EUR;17;119.46000000;459;EXCHANGE_LAST;;1;1;XEUR;11820390;689;
29.04.2025;08:51:23.011;FGBM SI 20250606 PS;SIMPLE_INSTRUMENT;EFS;EUR;18;119.46000000;459;EXCHANGE_LAST;;1;1;XEUR;11820390;689;
29.04.2025;08:57:17.295;FGBM SI 20250606 PS;SIMPLE_INSTRUMENT;EFS;EUR;19;119.45000000;852;EXCHANGE_LAST;;1;1;XEUR;11820390;689;
29.04.2025;09:04:20.532;FGBM SI 20250606 PS;SIMPLE_INSTRUMENT;EFS;EUR;20;119.44000000;802;EXCHANGE_LAST;;1;1;XEUR;11820390;689;
29.04.2025;09:16:10.081;FGBM SI 20250606 PS;SIMPLE_INSTRUMENT;EFP_FIN;EUR;21;119.44000000;213;EXCHANGE_LAST;;1;1;XEUR;11820390;689;
29.04.2025;09:19:38.352;FGBM SI 20250606 PS;SIMPLE_INSTRUMENT;EFP_FIN;EUR;22;119.45000000;348;EXCHANGE_LAST;;1;1;XEUR;11820390;689;
29.04.2025;09:39:51.981;FGBM SI 20250606 PS;SIMPLE_INSTRUMENT;EFP_FIN;EUR;23;119.41000000;76;EXCHANGE_LAST;;1;1;XEUR;11820390;689;
29.04.2025;09:39:07.185;FGBM SI 20250606 PS;SIMPLE_INSTRUMENT;EFP_FIN;EUR;24;119.41000000;166;EXCHANGE_LAST;;1;1;XEUR;11820390;689;
29.04.2025;09:42:12.941;FGBM SI 20250606 PS;SIMPLE_INSTRUMENT;EFP_FIN;EUR;25;119.36000000;213;EXCHANGE_LAST;;1;1;XEUR;11820390;689;
29.04.2025;09:53:57.892;FGBM SI 20250606 PS;SIMPLE_INSTRUMENT;EFS;EUR;26;119.35000000;853;EXCHANGE_LAST;;1;1;XEUR;11820390;689;
29.04.2025;09:59:39.013;FGBM SI 20250606 PS;SIMPLE_INSTRUMENT;EFS;EUR;27;119.36000000;184;EXCHANGE_LAST;;1;1;XEUR;11820390;689;
29.04.2025;10:03:59.138;FGBM SI 20250606 PS;SIMPLE_INSTRUMENT;EFP_FIN;EUR;28;119.33000000;1429;EXCHANGE_LAST;;1;1;XEUR;11820390;689;
29.04.2025;10:08:10.812;FGBM SI 20250606 PS;SIMPLE_INSTRUMENT;EFS;EUR;29;119.36000000;91;EXCHANGE_LAST;;1;1;XEUR;11820390;689;
29.04.2025;10:10:30.153;FGBM SI 20250606 PS;SIMPLE_INSTRUMENT;EFS;EUR;30;119.43000000;1378;EXCHANGE_LAST;;1;1;XEUR;11820390;689;
29.04.2025;10:28:12.996;FGBM SI 20250606 PS;SIMPLE_INSTRUMENT;EFS;EUR;31;119.37000000;426;EXCHANGE_LAST;;1;1;XEUR;11820390;689;
29.04.2025;10:37:24.135;FGBM SI 20250606 PS;SIMPLE_INSTRUMENT;EFP_FIN;EUR;32;119.37000000;61;EXCHANGE_LAST;;1;1;XEUR;11820390;689;
29.04.2025;10:35:01.311;FGBM SI 20250606 PS;SIMPLE_INSTRUMENT;EFP_FIN;EUR;33;119.37000000;121;EXCHANGE_LAST;;1;1;XEUR;11820390;689;
29.04.2025;10:37:31.651;FGBM SI 20250606 PS;SIMPLE_INSTRUMENT;EFP_FIN;EUR;34;119.37000000;102;EXCHANGE_LAST;;1;1;XEUR;11820390;689;
29.04.2025;10:37:19.745;FGBM SI 20250606 PS;SIMPLE_INSTRUMENT;EFP_FIN;EUR;35;119.37000000;68;EXCHANGE_LAST;;1;1;XEUR;11820390;689;
29.04.2025;10:43:42.678;FGBM SI 20250606 PS;SIMPLE_INSTRUMENT;EFS;EUR;36;119.38000000;796;EXCHANGE_LAST;;1;1;XEUR;11820390;689;
29.04.2025;11:03:41.967;FGBM SI 20250606 PS;SIMPLE_INSTRUMENT;EFS;EUR;37;119.37000000;853;EXCHANGE_LAST;;1;1;XEUR;11820390;689;
29.04.2025;11:24:31.937;FGBM SI 20250606 PS;SIMPLE_INSTRUMENT;EFS;EUR;38;119.36000000;1379;EXCHANGE_LAST;;1;1;XEUR;11820390;689;
29.04.2025;11:29:43.164;FGBM SI 20250606 PS;SIMPLE_INSTRUMENT;EFS;EUR;39;119.35000000;1377;EXCHANGE_LAST;;1;1;XEUR;11820390;689;
29.04.2025;11:29:57.575;FGBM SI 20250606 PS;SIMPLE_INSTRUMENT;EFS;EUR;40;119.35000000;81;EXCHANGE_LAST;;1;1;XEUR;11820390;689;
29.04.2025;11:30:18.746;FGBM SI 20250606 PS;SIMPLE_INSTRUMENT;EFS;EUR;41;119.35000000;81;EXCHANGE_LAST;;1;1;XEUR;11820390;689;
29.04.2025;11:31:56.491;FGBM SI 20250606 PS;SIMPLE_INSTRUMENT;EFS;EUR;42;119.34000000;689;EXCHANGE_LAST;;1;1;XEUR;11820390;689;
29.04.2025;11:39:22.391;FGBM SI 20250606 PS;SIMPLE_INSTRUMENT;EFP_FIN;EUR;43;119.36000000;1224;EXCHANGE_LAST;;1;1;XEUR;11820390;689;
29.04.2025;11:47:06.985;FGBM SI 20250606 PS;SIMPLE_INSTRUMENT;EFS;EUR;44;119.37000000;853;EXCHANGE_LAST;;1;1;XEUR;11820390;689;
29.04.2025;11:50:46.271;FGBM SI 20250606 PS;SIMPLE_INSTRUMENT;EFS;EUR;45;119.36000000;639;EXCHANGE_LAST;;1;1;XEUR;11820390;689;
29.04.2025;11:53:17.287;FGBM SI 20250606 PS;SIMPLE_INSTRUMENT;EFS;EUR;46;119.34000000;853;EXCHANGE_LAST;;1;1;XEUR;11820390;689;
29.04.2025;12:10:59.158;FGBM SI 20250606 PS;SIMPLE_INSTRUMENT;EFS;EUR;47;119.34000000;853;EXCHANGE_LAST;;1;1;XEUR;11820390;689;
29.04.2025;12:13:49.304;FGBM SI 20250606 PS;SIMPLE_INSTRUMENT;EFS;EUR;48;119.36000000;426;EXCHANGE_LAST;;1;1;XEUR;11820390;689;
29.04.2025;12:14:04.319;FGBM SI 20250606 PS;SIMPLE_INSTRUMENT;EFS;EUR;49;119.36000000;426;EXCHANGE_LAST;;1;1;XEUR;11820390;689;
29.04.2025;12:14:29.339;FGBM SI 20250606 PS;SIMPLE_INSTRUMENT;EFS;EUR;50;119.36000000;426;EXCHANGE_LAST;;1;1;XEUR;11820390;689;
29.04.2025;12:15:49.394;FGBM SI 20250606 PS;SIMPLE_INSTRUMENT;EFS;EUR;51;119.34000000;853;EXCHANGE_LAST;;1;1;XEUR;11820390;689;
29.04.2025;12:16:14.417;FGBM SI 20250606 PS;SIMPLE_INSTRUMENT;EFS;EUR;52;119.35000000;853;EXCHANGE_LAST;;1;1;XEUR;11820390;689;
29.04.2025;12:17:29.480;FGBM SI 20250606 PS;SIMPLE_INSTRUMENT;EFS;EUR;53;119.35000000;426;EXCHANGE_LAST;;1;1;XEUR;11820390;689;
29.04.2025;12:17:49.357;FGBM SI 20250606 PS;SIMPLE_INSTRUMENT;EFS;EUR;54;119.35000000;3210;EXCHANGE_LAST;;1;1;XEUR;11820390;689;
29.04.2025;12:20:15.112;FGBM SI 20250606 PS;SIMPLE_INSTRUMENT;EFS;EUR;55;119.34000000;852;EXCHANGE_LAST;;1;1;XEUR;11820390;689;
29.04.2025;12:21:20.443;FGBM SI 20250606 PS;SIMPLE_INSTRUMENT;EFS;EUR;56;119.34000000;500;EXCHANGE_LAST;;1;1;XEUR;11820390;689;
29.04.2025;12:22:29.815;FGBM SI 20250606 PS;SIMPLE_INSTRUMENT;EFS;EUR;57;119.33000000;451;EXCHANGE_LAST;;1;1;XEUR;11820390;689;
29.04.2025;12:23:29.484;FGBM SI 20250606 PS;SIMPLE_INSTRUMENT;EFS;EUR;58;119.35000000;852;EXCHANGE_LAST;;1;1;XEUR;11820390;689;
29.04.2025;12:25:24.265;FGBM SI 20250606 PS;SIMPLE_INSTRUMENT;EFS;EUR;59;119.35000000;491;EXCHANGE_LAST;;1;1;XEUR;11820390;689;
29.04.2025;12:27:59.968;FGBM SI 20250606 PS;SIMPLE_INSTRUMENT;EFP_FIN;EUR;60;119.36000000;258;EXCHANGE_LAST;;1;1;XEUR;11820390;689;
29.04.2025;12:26:48.372;FGBM SI 20250606 PS;SIMPLE_INSTRUMENT;EFS;EUR;61;119.35000000;360;EXCHANGE_LAST;;1;1;XEUR;11820390;689;
29.04.2025;12:27:28.897;FGBM SI 20250606 PS;SIMPLE_INSTRUMENT;EFS;EUR;62;119.34000000;852;EXCHANGE_LAST;;1;1;XEUR;11820390;689;
29.04.2025;12:33:15.793;FGBM SI 20250606 PS;SIMPLE_INSTRUMENT;EFS;EUR;63;119.36000000;511;EXCHANGE_LAST;;1;1;XEUR;11820390;689;
29.04.2025;12:34:16.991;FGBM SI 20250606 PS;SIMPLE_INSTRUMENT;EFS;EUR;64;119.34000000;767;EXCHANGE_LAST;;1;1;XEUR;11820390;689;
29.04.2025;12:43:34.609;FGBM SI 20250606 PS;SIMPLE_INSTRUMENT;EFP_FIN;EUR;65;119.36000000;258;EXCHANGE_LAST;;1;1;XEUR;11820390;689;
29.04.2025;12:44:20.180;FGBM SI 20250606 PS;SIMPLE_INSTRUMENT;EFS;EUR;66;119.36000000;276;EXCHANGE_LAST;;1;1;XEUR;11820390;689;
29.04.2025;12:46:40.767;FGBM SI 20250606 PS;SIMPLE_INSTRUMENT;EFS;EUR;67;119.35000000;1616;EXCHANGE_LAST;;1;1;XEUR;11820390;689;
29.04.2025;12:53:23.608;FGBM SI 20250606 PS;SIMPLE_INSTRUMENT;EFS;EUR;68;119.34000000;809;EXCHANGE_LAST;;1;1;XEUR;11820390;689;
29.04.2025;13:00:48.975;FGBM SI 20250606 PS;SIMPLE_INSTRUMENT;EFP_FIN;EUR;69;119.41000000;298;EXCHANGE_LAST;;1;1;XEUR;11820390;689;
29.04.2025;13:01:51.648;FGBM SI 20250606 PS;SIMPLE_INSTRUMENT;EFP_FIN;EUR;70;119.33000000;1317;EXCHANGE_LAST;;1;1;XEUR;11820390;689;
29.04.2025;13:12:17.132;FGBM SI 20250606 PS;SIMPLE_INSTRUMENT;EFS;EUR;71;119.44000000;1611;EXCHANGE_LAST;;1;1;XEUR;11820390;689;
29.04.2025;13:13:28.489;FGBM SI 20250606 PS;SIMPLE_INSTRUMENT;EFP_FIN;EUR;72;119.36000000;204;EXCHANGE_LAST;;1;1;XEUR;11820390;689;
29.04.2025;13:15:48.229;FGBM SI 20250606 PS;SIMPLE_INSTRUMENT;EFP_FIN;EUR;73;119.40000000;586;EXCHANGE_LAST;;1;1;XEUR;11820390;689;
29.04.2025;13:16:04.717;FGBM SI 20250606 PS;SIMPLE_INSTRUMENT;EFP_FIN;EUR;74;119.39000000;1378;EXCHANGE_LAST;;1;1;XEUR;11820390;689;
29.04.2025;13:18:03.139;FGBM SI 20250606 PS;SIMPLE_INSTRUMENT;EFS;EUR;75;119.42000000;1383;EXCHANGE_LAST;;1;1;XEUR;11820390;689;
29.04.2025;13:18:10.120;FGBM SI 20250606 PS;SIMPLE_INSTRUMENT;EFS;EUR;76;119.36000000;426;EXCHANGE_LAST;;1;1;XEUR;11820390;689;
29.04.2025;13:18:15.127;FGBM SI 20250606 PS;SIMPLE_INSTRUMENT;EFS;EUR;77;119.36000000;853;EXCHANGE_LAST;;1;1;XEUR;11820390;689;
29.04.2025;13:19:31.402;FGBM SI 20250606 PS;SIMPLE_INSTRUMENT;EFS;EUR;78;119.37000000;1378;EXCHANGE_LAST;;1;1;XEUR;11820390;689;
29.04.2025;13:25:03.156;FGBM SI 20250606 PS;SIMPLE_INSTRUMENT;EFS;EUR;79;119.36000000;241;EXCHANGE_LAST;;1;1;XEUR;11820390;689;
29.04.2025;13:27:27.875;FGBM SI 20250606 PS;SIMPLE_INSTRUMENT;EFS;EUR;80;119.35000000;561;EXCHANGE_LAST;;1;1;XEUR;11820390;689;
29.04.2025;13:29:38.500;FGBM SI 20250606 PS;SIMPLE_INSTRUMENT;EFP_FIN;EUR;81;119.35000000;258;EXCHANGE_LAST;;1;1;XEUR;11820390;689;
29.04.2025;13:29:55.624;FGBM SI 20250606 PS;SIMPLE_INSTRUMENT;EFS;EUR;82;119.35000000;853;EXCHANGE_LAST;;1;1;XEUR;11820390;689;
29.04.2025;13:39:22.138;FGBM SI 20250606 PS;SIMPLE_INSTRUMENT;EFP_FIN;EUR;83;119.35000000;470;EXCHANGE_LAST;;1;1;XEUR;11820390;689;
29.04.2025;13:41:47.694;FGBM SI 20250606 PS;SIMPLE_INSTRUMENT;EFS;EUR;84;119.38000000;1379;EXCHANGE_LAST;;1;1;XEUR;11820390;689;
29.04.2025;13:54:15.798;FGBM SI 20250606 PS;SIMPLE_INSTRUMENT;EFS;EUR;86;119.41000000;802;EXCHANGE_LAST;;1;1;XEUR;11820390;689;
29.04.2025;13:56:45.829;FGBM SI 20250606 PS;SIMPLE_INSTRUMENT;EFP_FIN;EUR;87;119.40000000;613;EXCHANGE_LAST;;1;1;XEUR;11820390;689;
29.04.2025;14:03:44.189;FGBM SI 20250606 PS;SIMPLE_INSTRUMENT;EFP_FIN;EUR;88;119.35000000;268;EXCHANGE_LAST;;1;1;XEUR;11820390;689;
29.04.2025;14:14:19.742;FGBM SI 20250606 PS;SIMPLE_INSTRUMENT;EFP_FIN;EUR;89;119.40000000;227;EXCHANGE_LAST;;1;1;XEUR;11820390;689;
29.04.2025;14:19:35.861;FGBM SI 20250606 PS;SIMPLE_INSTRUMENT;EFS;EUR;90;119.43000000;852;EXCHANGE_LAST;;1;1;XEUR;11820390;689;
29.04.2025;14:22:47.000;FGBM SI 20250606 PS;SIMPLE_INSTRUMENT;EFS;EUR;91;119.42000000;852;EXCHANGE_LAST;;1;1;XEUR;11820390;689;
29.04.2025;14:25:17.172;FGBM SI 20250606 PS;SIMPLE_INSTRUMENT;EFP_FIN;EUR;92;119.42000000;1262;EXCHANGE_LAST;;1;1;XEUR;11820390;689;
29.04.2025;14:29:02.583;FGBM SI 20250606 PS;SIMPLE_INSTRUMENT;EFP_FIN;EUR;93;119.39000000;213;EXCHANGE_LAST;;1;1;XEUR;11820390;689;
29.04.2025;14:57:16.019;FGBM SI 20250606 PS;SIMPLE_INSTRUMENT;EFP_FIN;EUR;94;119.43000000;161;EXCHANGE_LAST;;1;1;XEUR;11820390;689;
29.04.2025;14:56:26.574;FGBM SI 20250606 PS;SIMPLE_INSTRUMENT;EFP_FIN;EUR;95;119.43000000;99;EXCHANGE_LAST;;1;1;XEUR;11820390;689;
29.04.2025;15:07:25.328;FGBM SI 20250606 PS;SIMPLE_INSTRUMENT;EFS;EUR;96;119.39000000;1838;EXCHANGE_LAST;;1;1;XEUR;11820390;689;
29.04.2025;15:11:34.236;FGBM SI 20250606 PS;SIMPLE_INSTRUMENT;EFP_FIN;EUR;97;119.39000000;217;EXCHANGE_LAST;;1;1;XEUR;11820390;689;
29.04.2025;15:17:11.732;FGBM SI 20250606 PS;SIMPLE_INSTRUMENT;EFS;EUR;98;119.39000000;1400;EXCHANGE_LAST;;1;1;XEUR;11820390;689;
29.04.2025;15:17:05.596;FGBM SI 20250606 PS;SIMPLE_INSTRUMENT;EFS;EUR;99;119.37000000;426;EXCHANGE_LAST;;1;1;XEUR;11820390;689;
29.04.2025;15:21:57.528;FGBM SI 20250606 PS;SIMPLE_INSTRUMENT;EFP_FIN;EUR;100;119.39000000;213;EXCHANGE_LAST;;1;1;XEUR;11820390;689;
29.04.2025;15:26:03.730;FGBM SI 20250606 PS;SIMPLE_INSTRUMENT;EFS;EUR;101;119.41000000;248;EXCHANGE_LAST;;1;1;XEUR;11820390;689;
29.04.2025;15:36:30.552;FGBM SI 20250606 PS;SIMPLE_INSTRUMENT;EFP_FIN;EUR;102;119.41000000;293;EXCHANGE_LAST;;1;1;XEUR;11820390;689;
29.04.2025;15:32:36.340;FGBM SI 20250606 PS;SIMPLE_INSTRUMENT;EFP_FIN;EUR;103;119.39000000;818;EXCHANGE_LAST;;1;1;XEUR;11820390;689;
29.04.2025;15:36:49.835;FGBM SI 20250606 PS;SIMPLE_INSTRUMENT;EFS;EUR;104;119.39000000;639;EXCHANGE_LAST;;1;1;XEUR;11820390;689;
29.04.2025;15:51:04.005;FGBM SI 20250606 PS;SIMPLE_INSTRUMENT;EFP_FIN;EUR;105;119.38000000;77;EXCHANGE_LAST;;1;1;XEUR;11820390;689;
29.04.2025;16:20:13.209;FGBM SI 20250606 PS;SIMPLE_INSTRUMENT;EFS;EUR;106;119.37000000;900;EXCHANGE_LAST;;1;1;XEUR;11820390;689;
29.04.2025;16:25:23.499;FGBM SI 20250606 PS;SIMPLE_INSTRUMENT;EFS;EUR;107;119.37000000;426;EXCHANGE_LAST;;1;1;XEUR;11820390;689;
29.04.2025;16:25:46.829;FGBM SI 20250606 PS;SIMPLE_INSTRUMENT;EFS;EUR;108;119.37000000;1703;EXCHANGE_LAST;;1;1;XEUR;11820390;689;
29.04.2025;16:27:49.961;FGBM SI 20250606 PS;SIMPLE_INSTRUMENT;EFS;EUR;109;119.37000000;426;EXCHANGE_LAST;;1;1;XEUR;11820390;689;
29.04.2025;16:29:37.784;FGBM SI 20250606 PS;SIMPLE_INSTRUMENT;EFS;EUR;110;119.37000000;451;EXCHANGE_LAST;;1;1;XEUR;11820390;689;
29.04.2025;16:33:55.614;FGBM SI 20250606 PS;SIMPLE_INSTRUMENT;EFS;EUR;111;119.38000000;481;EXCHANGE_LAST;;1;1;XEUR;11820390;689;
29.04.2025;15:53:31.497;FGBM SI 20250606 PS;SIMPLE_INSTRUMENT;VOLA;EUR;268435530;119.38000000;90;EXCHANGE_LAST;;1;1;XEUR;11820390;689;
29.04.2025;07:19:31.527;FGBS SI 20250606 PS;SIMPLE_INSTRUMENT;EFS;EUR;1;107.51000000;821;EXCHANGE_LAST;;1;1;XEUR;11820391;690;
29.04.2025;07:34:21.727;FGBS SI 20250606 PS;SIMPLE_INSTRUMENT;EFP_FIN;EUR;2;107.53000000;481;EXCHANGE_LAST;;1;1;XEUR;11820391;690;
29.04.2025;08:00:49.619;FGBS SI 20250606 PS;SIMPLE_INSTRUMENT;EFP_FIN;EUR;3;107.52000000;469;EXCHANGE_LAST;;1;1;XEUR;11820391;690;
29.04.2025;08:19:24.343;FGBS SI 20250606 PS;SIMPLE_INSTRUMENT;EFP_FIN;EUR;4;107.52000000;469;EXCHANGE_LAST;;1;1;XEUR;11820391;690;
29.04.2025;08:20:35.030;FGBS SI 20250606 PS;SIMPLE_INSTRUMENT;EFS;EUR;5;107.54000000;1350;EXCHANGE_LAST;;1;1;XEUR;11820391;690;
29.04.2025;08:36:16.637;FGBS SI 20250606 PS;SIMPLE_INSTRUMENT;EFS;EUR;6;107.52500000;1358;EXCHANGE_LAST;;1;1;XEUR;11820391;690;
29.04.2025;08:43:19.170;FGBS SI 20250606 PS;SIMPLE_INSTRUMENT;EFS;EUR;7;107.54000000;1435;EXCHANGE_LAST;;1;1;XEUR;11820391;690;
29.04.2025;08:46:18.471;FGBS SI 20250606 PS;SIMPLE_INSTRUMENT;EFP_FIN;EUR;8;107.53000000;704;EXCHANGE_LAST;;1;1;XEUR;11820391;690;
29.04.2025;08:56:31.452;FGBS SI 20250606 PS;SIMPLE_INSTRUMENT;EFS;EUR;9;107.53500000;1475;EXCHANGE_LAST;;1;1;XEUR;11820391;690;
29.04.2025;09:16:09.597;FGBS SI 20250606 PS;SIMPLE_INSTRUMENT;EFP_FIN;EUR;10;107.53500000;147;EXCHANGE_LAST;;1;1;XEUR;11820391;690;
29.04.2025;09:23:20.145;FGBS SI 20250606 PS;SIMPLE_INSTRUMENT;EFP_FIN;EUR;11;107.52000000;1053;EXCHANGE_LAST;;1;1;XEUR;11820391;690;
29.04.2025;09:25:56.297;FGBS SI 20250606 PS;SIMPLE_INSTRUMENT;EFS;EUR;12;107.52000000;2383;EXCHANGE_LAST;;1;1;XEUR;11820391;690;
29.04.2025;09:26:17.299;FGBS SI 20250606 PS;SIMPLE_INSTRUMENT;EFS;EUR;13;107.52000000;2383;EXCHANGE_LAST;;1;1;XEUR;11820391;690;
29.04.2025;09:30:21.234;FGBS SI 20250606 PS;SIMPLE_INSTRUMENT;EFP_FIN;EUR;14;107.52000000;1444;EXCHANGE_LAST;;1;1;XEUR;11820391;690;
29.04.2025;09:51:20.048;FGBS SI 20250606 PS;SIMPLE_INSTRUMENT;EFP_FIN;EUR;15;107.50500000;2496;EXCHANGE_LAST;;1;1;XEUR;11820391;690;
29.04.2025;09:54:06.852;FGBS SI 20250606 PS;SIMPLE_INSTRUMENT;EFP_FIN;EUR;16;107.50000000;3810;EXCHANGE_LAST;;1;1;XEUR;11820391;690;
29.04.2025;09:59:17.479;FGBS SI 20250606 PS;SIMPLE_INSTRUMENT;EFP_FIN;EUR;17;107.51000000;3969;EXCHANGE_LAST;;1;1;XEUR;11820391;690;
29.04.2025;10:22:59.448;FGBS SI 20250606 PS;SIMPLE_INSTRUMENT;EFP_FIN;EUR;18;107.50000000;1274;EXCHANGE_LAST;;1;1;XEUR;11820391;690;
29.04.2025;10:30:18.654;FGBS SI 20250606 PS;SIMPLE_INSTRUMENT;EFP_FIN;EUR;19;107.50000000;1337;EXCHANGE_LAST;;1;1;XEUR;11820391;690;
29.04.2025;10:30:28.833;FGBS SI 20250606 PS;SIMPLE_INSTRUMENT;EFP_FIN;EUR;20;107.49500000;812;EXCHANGE_LAST;;1;1;XEUR;11820391;690;
29.04.2025;10:38:41.023;FGBS SI 20250606 PS;SIMPLE_INSTRUMENT;EFP_FIN;EUR;21;107.50000000;2034;EXCHANGE_LAST;;1;1;XEUR;11820391;690;
29.04.2025;10:55:30.094;FGBS SI 20250606 PS;SIMPLE_INSTRUMENT;EFS;EUR;22;107.51500000;2383;EXCHANGE_LAST;;1;1;XEUR;11820391;690;
29.04.2025;10:55:34.281;FGBS SI 20250606 PS;SIMPLE_INSTRUMENT;EFS;EUR;23;107.51500000;2383;EXCHANGE_LAST;;1;1;XEUR;11820391;690;
29.04.2025;10:57:12.143;FGBS SI 20250606 PS;SIMPLE_INSTRUMENT;EFP_FIN;EUR;24;107.51000000;223;EXCHANGE_LAST;;1;1;XEUR;11820391;690;
29.04.2025;11:02:25.800;FGBS SI 20250606 PS;SIMPLE_INSTRUMENT;EFP_FIN;EUR;25;107.51000000;3211;EXCHANGE_LAST;;1;1;XEUR;11820391;690;
29.04.2025;11:13:01.994;FGBS SI 20250606 PS;SIMPLE_INSTRUMENT;EFP_FIN;EUR;26;107.50000000;1316;EXCHANGE_LAST;;1;1;XEUR;11820391;690;
29.04.2025;12:41:16.207;FGBS SI 20250606 PS;SIMPLE_INSTRUMENT;EFP_FIN;EUR;27;107.50500000;2208;EXCHANGE_LAST;;1;1;XEUR;11820391;690;
29.04.2025;12:43:19.299;FGBS SI 20250606 PS;SIMPLE_INSTRUMENT;EFS;EUR;28;107.51000000;815;EXCHANGE_LAST;;1;1;XEUR;11820391;690;
29.04.2025;12:53:45.610;FGBS SI 20250606 PS;SIMPLE_INSTRUMENT;EFS;EUR;29;107.50000000;2390;EXCHANGE_LAST;;1;1;XEUR;11820391;690;
29.04.2025;13:02:27.950;FGBS SI 20250606 PS;SIMPLE_INSTRUMENT;EFP_FIN;EUR;30;107.50000000;526;EXCHANGE_LAST;;1;1;XEUR;11820391;690;
29.04.2025;13:09:32.468;FGBS SI 20250606 PS;SIMPLE_INSTRUMENT;EFP_FIN;EUR;31;107.50000000;1053;EXCHANGE_LAST;;1;1;XEUR;11820391;690;
29.04.2025;13:10:31.219;FGBS SI 20250606 PS;SIMPLE_INSTRUMENT;EFP_FIN;EUR;32;107.50000000;469;EXCHANGE_LAST;;1;1;XEUR;11820391;690;
29.04.2025;13:10:56.858;FGBS SI 20250606 PS;SIMPLE_INSTRUMENT;EFP_FIN;EUR;33;107.51000000;1051;EXCHANGE_LAST;;1;1;XEUR;11820391;690;
29.04.2025;13:12:30.052;FGBS SI 20250606 PS;SIMPLE_INSTRUMENT;EFP_FIN;EUR;34;107.51000000;1206;EXCHANGE_LAST;;1;1;XEUR;11820391;690;
29.04.2025;13:28:06.822;FGBS SI 20250606 PS;SIMPLE_INSTRUMENT;EFP_FIN;EUR;35;107.50000000;1506;EXCHANGE_LAST;;1;1;XEUR;11820391;690;
29.04.2025;13:32:15.566;FGBS SI 20250606 PS;SIMPLE_INSTRUMENT;EFP_FIN;EUR;36;107.50000000;800;EXCHANGE_LAST;;1;1;XEUR;11820391;690;
29.04.2025;13:34:43.690;FGBS SI 20250606 PS;SIMPLE_INSTRUMENT;EFP_FIN;EUR;37;107.50000000;101;EXCHANGE_LAST;;1;1;XEUR;11820391;690;
29.04.2025;13:40:24.099;FGBS SI 20250606 PS;SIMPLE_INSTRUMENT;EFS;EUR;38;107.50500000;1358;EXCHANGE_LAST;;1;1;XEUR;11820391;690;
29.04.2025;13:45:48.386;FGBS SI 20250606 PS;SIMPLE_INSTRUMENT;EFP_FIN;EUR;39;107.50000000;679;EXCHANGE_LAST;;1;1;XEUR;11820391;690;
29.04.2025;14:01:25.758;FGBS SI 20250606 PS;SIMPLE_INSTRUMENT;EFP_FIN;EUR;40;107.52000000;159;EXCHANGE_LAST;;1;1;XEUR;11820391;690;
29.04.2025;13:56:32.785;FGBS SI 20250606 PS;SIMPLE_INSTRUMENT;EFP_FIN;EUR;41;107.52000000;261;EXCHANGE_LAST;;1;1;XEUR;11820391;690;
29.04.2025;14:19:30.348;FGBS SI 20250606 PS;SIMPLE_INSTRUMENT;EFP_FIN;EUR;42;107.51000000;241;EXCHANGE_LAST;;1;1;XEUR;11820391;690;
29.04.2025;14:20:04.619;FGBS SI 20250606 PS;SIMPLE_INSTRUMENT;EFP_FIN;EUR;43;107.52500000;962;EXCHANGE_LAST;;1;1;XEUR;11820391;690;
29.04.2025;14:22:46.645;FGBS SI 20250606 PS;SIMPLE_INSTRUMENT;EFS;EUR;44;107.51500000;1358;EXCHANGE_LAST;;1;1;XEUR;11820391;690;
29.04.2025;14:31:23.765;FGBS SI 20250606 PS;SIMPLE_INSTRUMENT;EFS;EUR;45;107.52500000;2717;EXCHANGE_LAST;;1;1;XEUR;11820391;690;
29.04.2025;14:51:27.377;FGBS SI 20250606 PS;SIMPLE_INSTRUMENT;EFP_FIN;EUR;46;107.52500000;214;EXCHANGE_LAST;;1;1;XEUR;11820391;690;
29.04.2025;15:15:24.171;FGBS SI 20250606 PS;SIMPLE_INSTRUMENT;EFS;EUR;47;107.51500000;600;EXCHANGE_LAST;;1;1;XEUR;11820391;690;
29.04.2025;16:03:23.062;FGBS SI 20250606 PS;SIMPLE_INSTRUMENT;EFP_FIN;EUR;48;107.51000000;814;EXCHANGE_LAST;;1;1;XEUR;11820391;690;
29.04.2025;07:53:12.275;FGBX SI 20250606 PS;SIMPLE_INSTRUMENT;EFS;EUR;3;123.00000000;178;EXCHANGE_LAST;;1;1;XEUR;11820392;691;
29.04.2025;08:08:18.022;FGBX SI 20250606 PS;SIMPLE_INSTRUMENT;EFS;EUR;4;123.24000000;101;EXCHANGE_LAST;;1;1;XEUR;11820392;691;
29.04.2025;08:25:32.248;FGBX SI 20250606 PS;SIMPLE_INSTRUMENT;BLOCK;EUR;5;123.10000000;888;EXCHANGE_LAST;;1;1;XEUR;11820392;691;
29.04.2025;08:26:09.120;FGBX SI 20250606 PS;SIMPLE_INSTRUMENT;EFS;EUR;6;123.24000000;101;EXCHANGE_LAST;;1;1;XEUR;11820392;691;
29.04.2025;08:28:17.123;FGBX SI 20250606 PS;SIMPLE_INSTRUMENT;EFS;EUR;7;123.30000000;81;EXCHANGE_LAST;;1;1;XEUR;11820392;691;
29.04.2025;08:32:48.537;FGBX SI 20250606 PS;SIMPLE_INSTRUMENT;EFS;EUR;8;123.14000000;18;EXCHANGE_LAST;;1;1;XEUR;11820392;691;
29.04.2025;09:18:09.383;FGBX SI 20250606 PS;SIMPLE_INSTRUMENT;EFP_FIN;EUR;9;123.40000000;186;EXCHANGE_LAST;;1;1;XEUR;11820392;691;
29.04.2025;09:45:23.358;FGBX SI 20250606 PS;SIMPLE_INSTRUMENT;EFS;EUR;10;123.14000000;181;EXCHANGE_LAST;;1;1;XEUR;11820392;691;
29.04.2025;09:56:09.639;FGBX SI 20250606 PS;SIMPLE_INSTRUMENT;EFS;EUR;11;123.08000000;101;EXCHANGE_LAST;;1;1;XEUR;11820392;691;
29.04.2025;09:58:25.128;FGBX SI 20250606 PS;SIMPLE_INSTRUMENT;EFS;EUR;12;123.10000000;142;EXCHANGE_LAST;;1;1;XEUR;11820392;691;
29.04.2025;10:01:44.897;FGBX SI 20250606 PS;SIMPLE_INSTRUMENT;BLOCK;EUR;13;123.10000000;100;EXCHANGE_LAST;;1;1;XEUR;11820392;691;
29.04.2025;10:11:32.333;FGBX SI 20250606 PS;SIMPLE_INSTRUMENT;EFS;EUR;14;123.10000000;101;EXCHANGE_LAST;;1;1;XEUR;11820392;691;
29.04.2025;10:39:46.543;FGBX SI 20250606 PS;SIMPLE_INSTRUMENT;EFS;EUR;16;123.28000000;101;EXCHANGE_LAST;;1;1;XEUR;11820392;691;
29.04.2025;13:01:28.134;FGBX SI 20250606 PS;SIMPLE_INSTRUMENT;EFP_FIN;EUR;28;123.32000000;186;EXCHANGE_LAST;;1;1;XEUR;11820392;691;
29.04.2025;13:55:00.678;FGBX SI 20250606 PS;SIMPLE_INSTRUMENT;EFP_FIN;EUR;32;123.10000000;177;EXCHANGE_LAST;;1;1;XEUR;11820392;691;
29.04.2025;14:01:06.637;FGBX SI 20250606 PS;SIMPLE_INSTRUMENT;EFP_FIN;EUR;33;123.10000000;145;EXCHANGE_LAST;;1;1;XEUR;11820392;691;
29.04.2025;14:23:39.733;FGBX SI 20250606 PS;SIMPLE_INSTRUMENT;EFS;EUR;34;123.40000000;81;EXCHANGE_LAST;;1;1;XEUR;11820392;691;
29.04.2025;14:28:02.435;FGBX SI 20250606 PS;SIMPLE_INSTRUMENT;EFP_FIN;EUR;35;123.10000000;198;EXCHANGE_LAST;;1;1;XEUR;11820392;691;
29.04.2025;14:39:23.814;FGBX SI 20250606 PS;SIMPLE_INSTRUMENT;EFS;EUR;36;123.40000000;163;EXCHANGE_LAST;;1;1;XEUR;11820392;691;
29.04.2025;14:45:08.964;FGBX SI 20250606 PS;SIMPLE_INSTRUMENT;EFP_FIN;EUR;37;123.16000000;1116;EXCHANGE_LAST;;1;1;XEUR;11820392;691;
29.04.2025;15:18:09.325;FGBX SI 20250606 PS;SIMPLE_INSTRUMENT;EFS;EUR;40;123.24000000;3400;EXCHANGE_LAST;;1;1;XEUR;11820392;691;
29.04.2025;15:25:01.726;FGBX SI 20250606 PS;SIMPLE_INSTRUMENT;EFP_FIN;EUR;41;123.18000000;744;EXCHANGE_LAST;;1;1;XEUR;11820392;691;
29.04.2025;15:39:06.609;FGBX SI 20250606 PS;SIMPLE_INSTRUMENT;BLOCK;EUR;43;123.14000000;436;EXCHANGE_LAST;;1;1;XEUR;11820392;691;
29.04.2025;16:07:45.530;FGBX SI 20250606 PS;SIMPLE_INSTRUMENT;EFS;EUR;44;123.16000000;71;EXCHANGE_LAST;;1;1;XEUR;11820392;691;
29.04.2025;07:59:31.055;FIA5 SI 20251218 PS AM C 12.00 0;SIMPLE_INSTRUMENT;BLOCK;EUR;2;0.27150000;870;EXCHANGE_LAST;;1;1;XEUR;10385152;48227;
29.04.2025;07:59:24.947;FIA5 SI 20251218 PS AM C 12.00 0;SIMPLE_INSTRUMENT;BLOCK;EUR;3;0.27300000;630;EXCHANGE_LAST;;1;1;XEUR;10385152;48227;
29.04.2025;07:51:40.671;FMAP SI 20250620 CS;SIMPLE_INSTRUMENT;EFP_IDX;USD;24;351.58000000;537;EXCHANGE_LAST;;1;1;XEUR;7939644;48141;
29.04.2025;01:09:23.475;FMCH SI 20250620 CS;SIMPLE_INSTRUMENT;BLOCK;USD;2;559.48300000;75;EXCHANGE_LAST;;1;1;XEUR;7940815;402909;
29.04.2025;15:32:44.392;FMCH SI 20250620 CS;SIMPLE_INSTRUMENT;BLOCK;USD;33;559.60000000;143;EXCHANGE_LAST;;1;1;XEUR;7940815;402909;
29.04.2025;00:16:37.104;FMEA SI 20250620 CS;SIMPLE_INSTRUMENT;BLOCK;USD;1;693.65700000;152;EXCHANGE_LAST;;1;1;XEUR;7938804;12395;
29.04.2025;06:42:58.845;FMEA SI 20250620 CS;SIMPLE_INSTRUMENT;BLOCK;USD;13;693.38100000;131;EXCHANGE_LAST;;1;1;XEUR;7938804;12395;
29.04.2025;11:22:05.282;FMEL SI 20250620 CS;SIMPLE_INSTRUMENT;EFP_IDX;USD;27;572.39900000;1174;EXCHANGE_LAST;;1;1;XEUR;7938814;12397;
29.04.2025;06:41:41.027;FMEN SI 20250620 CS;SIMPLE_INSTRUMENT;BLOCK;EUR;14;491.95300000;255;EXCHANGE_LAST;;1;1;XEUR;7939172;30652;
29.04.2025;07:07:41.464;FMEU SI 20250620 CS;SIMPLE_INSTRUMENT;BLOCK;EUR;19;350.78000000;1600;EXCHANGE_LAST;;1;1;XEUR;7938710;7058;
29.04.2025;13:38:28.273;FMGO SI 20250620 CS;SIMPLE_INSTRUMENT;BLOCK;USD;29;5495.00000000;26;EXCHANGE_LAST;;1;1;XEUR;8609371;583623;
29.04.2025;01:48:46.006;FMHK SI 20250620 CS;SIMPLE_INSTRUMENT;BLOCK;USD;3;58250.00000000;58;EXCHANGE_LAST;;1;1;XEUR;7939458;45282;
29.04.2025;02:05:50.965;FMHK SI 20250620 CS;SIMPLE_INSTRUMENT;BLOCK;USD;4;57900.00000000;29;EXCHANGE_LAST;;1;1;XEUR;7939458;45282;
29.04.2025;12:05:52.866;FMID SI 20250620 CS;SIMPLE_INSTRUMENT;BLOCK;USD;4;1433.00000000;11;EXCHANGE_LAST;;1;1;XEUR;7939464;45289;
29.04.2025;07:11:56.225;FMIN SI 20250620 CS;SIMPLE_INSTRUMENT;BLOCK;USD;20;1269.90500000;16;EXCHANGE_LAST;;1;1;XEUR;7938852;12404;
29.04.2025;07:30:50.405;FMIN SI 20250620 CS;SIMPLE_INSTRUMENT;BLOCK;USD;22;1274.25400000;353;EXCHANGE_LAST;;1;1;XEUR;7938852;12404;
29.04.2025;07:46:15.659;FMIN SI 20250620 CS;SIMPLE_INSTRUMENT;BLOCK;USD;23;1269.38000000;50;EXCHANGE_LAST;;1;1;XEUR;7938852;12404;
29.04.2025;02:42:15.996;FMJP SI 20250620 CS;SIMPLE_INSTRUMENT;BLOCK;USD;5;9092.16700000;55;EXCHANGE_LAST;;1;1;XEUR;7937445;661;
29.04.2025;02:48:19.472;FMJP SI 20250620 CS;SIMPLE_INSTRUMENT;BLOCK;USD;7;9095.77700000;228;EXCHANGE_LAST;;2;1;XEUR;7937445;661;
29.04.2025;16:35:50.520;FMMX SI 20250620 CS;SIMPLE_INSTRUMENT;BLOCK;USD;47;713.00000000;281;EXCHANGE_LAST;;1;1;XEUR;7938855;12545;
29.04.2025;06:02:35.403;FMSU SI 20250620 CS;SIMPLE_INSTRUMENT;BLOCK;USD;9;5271.26000000;107;EXCHANGE_LAST;;1;1;XEUR;7940343;208344;
29.04.2025;07:15:15.614;FMSW SI 20250620 CS;SIMPLE_INSTRUMENT;BLOCK;USD;21;4079.45000000;63;EXCHANGE_LAST;;1;1;XEUR;7940342;208343;
29.04.2025;02:00:41.443;FMTW SI 20250620 CS;SIMPLE_INSTRUMENT;BLOCK;USD;1;726.14200000;280;EXCHANGE_LAST;;1;1;XEUR;7939790;51884;
29.04.2025;11:33:01.620;FMUA SI 20250620 CS;SIMPLE_INSTRUMENT;BLOCK;USD;2;960.33500000;10;EXCHANGE_LAST;;1;1;XEUR;7939459;45284;
29.04.2025;11:33:06.580;FMUA SI 20250620 CS;SIMPLE_INSTRUMENT;BLOCK;USD;3;960.33600000;16;EXCHANGE_LAST;;1;1;XEUR;7939459;45284;
29.04.2025;06:13:51.503;FMWN SI 20250620 CS;SIMPLE_INSTRUMENT;BLOCK;EUR;10;521.09400000;951;EXCHANGE_LAST;;1;1;XEUR;7939177;30654;
29.04.2025;06:44:41.967;FMWN SI 20250620 CS;SIMPLE_INSTRUMENT;BLOCK;EUR;15;520.69000000;120;EXCHANGE_LAST;;1;1;XEUR;7939177;30654;
29.04.2025;09:13:34.530;FMWN SI 20250620 CS;SIMPLE_INSTRUMENT;VOLA;EUR;603979792;521.50000000;280;EXCHANGE_LAST;;1;1;XEUR;7939177;30654;
29.04.2025;10:05:15.202;FMWN SI 20250620 CS;SIMPLE_INSTRUMENT;VOLA;EUR;603979799;521.60000000;170;EXCHANGE_LAST;;1;1;XEUR;7939177;30654;
29.04.2025;05:02:50.091;FMWO SI 20250620 CS;SIMPLE_INSTRUMENT;EFP_IDX;USD;8;11608.60000000;24;EXCHANGE_LAST;;1;1;XEUR;7938711;7059;
29.04.2025;06:40:05.375;FMWO SI 20250620 CS;SIMPLE_INSTRUMENT;EFP_IDX;USD;12;11609.59000000;48;EXCHANGE_LAST;;1;1;XEUR;7938711;7059;
29.04.2025;06:58:33.665;FMWO SI 20250620 CS;SIMPLE_INSTRUMENT;EFP_IDX;USD;17;11608.60000000;24;EXCHANGE_LAST;;1;1;XEUR;7938711;7059;
29.04.2025;06:58:52.763;FMWO SI 20250620 CS;SIMPLE_INSTRUMENT;EFP_IDX;USD;18;11614.70000000;90;EXCHANGE_LAST;;1;1;XEUR;7938711;7059;
29.04.2025;11:13:18.715;FMWO SI 20250620 CS;SIMPLE_INSTRUMENT;BLOCK;USD;26;11608.35000000;165;EXCHANGE_LAST;;1;1;XEUR;7938711;7059;
29.04.2025;07:05:50.654;FOAT SI 20250606 PS;SIMPLE_INSTRUMENT;EFP_FIN;EUR;1;125.20000000;2223;EXCHANGE_LAST;;1;1;XEUR;11820393;749;
29.04.2025;07:36:49.663;FOAT SI 20250606 PS;SIMPLE_INSTRUMENT;EFP_FIN;EUR;2;125.17000000;346;EXCHANGE_LAST;;1;1;XEUR;11820393;749;
29.04.2025;08:31:36.387;FOAT SI 20250606 PS;SIMPLE_INSTRUMENT;BLOCK;EUR;3;125.27000000;1370;EXCHANGE_LAST;;1;1;XEUR;11820393;749;
29.04.2025;08:46:56.182;FOAT SI 20250606 PS;SIMPLE_INSTRUMENT;EFP_FIN;EUR;4;125.23000000;788;EXCHANGE_LAST;;1;1;XEUR;11820393;749;
29.04.2025;09:30:51.652;FOAT SI 20250606 PS;SIMPLE_INSTRUMENT;EFP_FIN;EUR;5;125.26000000;788;EXCHANGE_LAST;;1;1;XEUR;11820393;749;
29.04.2025;09:36:40.565;FOAT SI 20250606 PS;SIMPLE_INSTRUMENT;EFP_FIN;EUR;6;125.23000000;60;EXCHANGE_LAST;;1;1;XEUR;11820393;749;
29.04.2025;09:40:37.572;FOAT SI 20250606 PS;SIMPLE_INSTRUMENT;EFP_FIN;EUR;7;125.20000000;717;EXCHANGE_LAST;;1;1;XEUR;11820393;749;
29.04.2025;09:50:36.982;FOAT SI 20250606 PS;SIMPLE_INSTRUMENT;BLOCK;EUR;8;125.16000000;332;EXCHANGE_LAST;;1;1;XEUR;11820393;749;
29.04.2025;10:04:49.557;FOAT SI 20250606 PS;SIMPLE_INSTRUMENT;EFP_FIN;EUR;9;125.09000000;344;EXCHANGE_LAST;;1;1;XEUR;11820393;749;
29.04.2025;10:16:10.717;FOAT SI 20250606 PS;SIMPLE_INSTRUMENT;EFP_FIN;EUR;10;125.28000000;340;EXCHANGE_LAST;;1;1;XEUR;11820393;749;
29.04.2025;10:19:33.364;FOAT SI 20250606 PS;SIMPLE_INSTRUMENT;EFP_FIN;EUR;11;125.13000000;856;EXCHANGE_LAST;;1;1;XEUR;11820393;749;
29.04.2025;10:21:51.864;FOAT SI 20250606 PS;SIMPLE_INSTRUMENT;EFP_FIN;EUR;12;125.16000000;343;EXCHANGE_LAST;;1;1;XEUR;11820393;749;
29.04.2025;10:42:26.865;FOAT SI 20250606 PS;SIMPLE_INSTRUMENT;EFP_FIN;EUR;13;125.25000000;413;EXCHANGE_LAST;;1;1;XEUR;11820393;749;
29.04.2025;10:46:03.023;FOAT SI 20250606 PS;SIMPLE_INSTRUMENT;EFP_FIN;EUR;14;125.10000000;1576;EXCHANGE_LAST;;1;1;XEUR;11820393;749;
29.04.2025;10:47:04.496;FOAT SI 20250606 PS;SIMPLE_INSTRUMENT;BLOCK;EUR;15;125.18000000;1112;EXCHANGE_LAST;;1;1;XEUR;11820393;749;
29.04.2025;10:50:01.725;FOAT SI 20250606 PS;SIMPLE_INSTRUMENT;EFP_FIN;EUR;16;125.19000000;197;EXCHANGE_LAST;;1;1;XEUR;11820393;749;
29.04.2025;11:00:51.902;FOAT SI 20250606 PS;SIMPLE_INSTRUMENT;EFP_FIN;EUR;17;125.20000000;788;EXCHANGE_LAST;;1;1;XEUR;11820393;749;
29.04.2025;11:02:25.675;FOAT SI 20250606 PS;SIMPLE_INSTRUMENT;EFP_FIN;EUR;18;125.19000000;349;EXCHANGE_LAST;;1;1;XEUR;11820393;749;
29.04.2025;11:19:25.267;FOAT SI 20250606 PS;SIMPLE_INSTRUMENT;EFP_FIN;EUR;19;125.20000000;788;EXCHANGE_LAST;;1;1;XEUR;11820393;749;
29.04.2025;11:43:23.669;FOAT SI 20250606 PS;SIMPLE_INSTRUMENT;EFP_FIN;EUR;20;125.10000000;2055;EXCHANGE_LAST;;1;1;XEUR;11820393;749;
29.04.2025;12:00:45.747;FOAT SI 20250606 PS;SIMPLE_INSTRUMENT;EFP_FIN;EUR;21;125.20000000;742;EXCHANGE_LAST;;1;1;XEUR;11820393;749;
29.04.2025;12:02:16.296;FOAT SI 20250606 PS;SIMPLE_INSTRUMENT;EFP_FIN;EUR;22;125.20000000;171;EXCHANGE_LAST;;1;1;XEUR;11820393;749;
29.04.2025;12:08:20.219;FOAT SI 20250606 PS;SIMPLE_INSTRUMENT;EFP_FIN;EUR;23;125.18000000;1913;EXCHANGE_LAST;;1;1;XEUR;11820393;749;
29.04.2025;12:13:53.139;FOAT SI 20250606 PS;SIMPLE_INSTRUMENT;EFS;EUR;24;125.10000000;919;EXCHANGE_LAST;;1;1;XEUR;11820393;749;
