#Date;TrdTime;Contract;ContractType;TrdTyp;Currency;TesId;Prc;Qty;TrdInd;Aggressor;Buy;Sell;Exch;InstrumentId;RelatedProdId;PrcDecomp
27.11.2024;17:08:05.956;7PIF SI 20241219 CS;SIMPLE_INSTRUMENT;BLOCK;EUR;148;13.31020000;2000;EXCHANGE_LAST;;1;1;XEUR;7029747;48299;
27.11.2024;16:08:12.879;A2LV SI 20261218 CS;SIMPLE_INSTRUMENT;BLOCK;EUR;118;15.10000000;75;EXCHANGE_LAST;;1;2;XEUR;4632085;12;
27.11.2024;11:04:05.503;A2XA SI 20251219 CS;SIMPLE_INSTRUMENT;BLOCK;EUR;25;2.12500000;150;EXCHANGE_LAST;;1;1;XEUR;3681055;17;
27.11.2024;11:07:56.393;A2XA SI 20271217 CS;SIMPLE_INSTRUMENT;BLOCK;EUR;29;1.90000000;500;EXCHANGE_LAST;;1;1;XEUR;5914267;17;
27.11.2024;11:08:21.799;A2XA SI 20261218 CS;SIMPLE_INSTRUMENT;BLOCK;EUR;30;2.05000000;250;EXCHANGE_LAST;;1;1;XEUR;4632093;17;
27.11.2024;11:12:40.917;A2XA SI 20261218 CS;SIMPLE_INSTRUMENT;BLOCK;EUR;31;2.05000000;250;EXCHANGE_LAST;;1;1;XEUR;4632093;17;
27.11.2024;11:53:38.083;A2XA SI 20261218 CS;SIMPLE_INSTRUMENT;BLOCK;EUR;36;2.05000000;250;EXCHANGE_LAST;;1;1;XEUR;4632093;17;
27.11.2024;11:46:45.933;A2XA SI 20251219 CS;SIMPLE_INSTRUMENT;BLOCK;EUR;38;2.10000000;400;EXCHANGE_LAST;;1;1;XEUR;3681055;17;
27.11.2024;12:41:08.304;A2XA SI 20271217 CS;SIMPLE_INSTRUMENT;BLOCK;EUR;50;1.90000000;500;EXCHANGE_LAST;;1;1;XEUR;5914267;17;
27.11.2024;13:03:12.037;A2XA SI 20271217 CS;SIMPLE_INSTRUMENT;BLOCK;EUR;53;1.90000000;150;EXCHANGE_LAST;;1;1;XEUR;5914267;17;
27.11.2024;16:39:34.744;A2XA SI 20251219 CS;SIMPLE_INSTRUMENT;BLOCK;EUR;130;2.10000000;225;EXCHANGE_LAST;;2;1;XEUR;3681055;17;
27.11.2024;17:04:30.679;A2XA SI 20261218 CS;SIMPLE_INSTRUMENT;BLOCK;EUR;142;2.02000000;500;EXCHANGE_LAST;;1;1;XEUR;4632093;17;
27.11.2024;11:19:44.657;ABBE SI 20250919 PS EU C 56.00 0;SIMPLE_INSTRUMENT;BLOCK;CHF;15;1.38000000;1250;EXCHANGE_LAST;;1;1;XEUR;11927775;574516;
27.11.2024;09:45:14.146;ABBN SI 20241220 PS AM C 50.00 0;SIMPLE_INSTRUMENT;BLOCK;CHF;5;0.62000000;1250;EXCHANGE_LAST;;1;1;XEUR;10457908;574517;
27.11.2024;10:04:36.206;ABBN SI 20241220 PS AM C 50.00 0;SIMPLE_INSTRUMENT;BLOCK;CHF;7;0.62000000;1250;EXCHANGE_LAST;;1;1;XEUR;10457908;574517;
27.11.2024;15:26:43.588;ADS.O.241127.BRT.000003;STANDARD_OPTION_STRATEGY;BLOCK;EUR;3;4.70000000;250;EXCHANGE_LAST;;1;1;XEUR;72057808786331103;50;
27.11.2024;15:26:43.588;ADS SI 20250321 PS AM P 200.00 0;SIMPLE_INSTRUMENT;BLOCK;EUR;3;5.78000000;250;PRC_DECOMP_EXCHANGE;;;;XEUR;10828480;50;EXCHANGE
27.11.2024;15:26:43.588;ADS SI 20241220 PS AM P 200.00 0;SIMPLE_INSTRUMENT;BLOCK;EUR;3;1.08000000;250;PRC_DECOMP_EXCHANGE;;;;XEUR;4637208;50;EXCHANGE
27.11.2024;11:33:20.000;ADY.O.241127.STG.000001;STANDARD_OPTION_STRATEGY;BLOCK;EUR;8;185.00000000;440;EXCHANGE_LAST;;1;1;XEUR;72385364467125358;76315;
27.11.2024;11:33:20.000;ADY SI 20250620 PS AM P 1320.00 0;SIMPLE_INSTRUMENT;BLOCK;EUR;8;105.00000000;440;PRC_DECOMP_EXCHANGE;;;;XEUR;11392746;76315;EXCHANGE
27.11.2024;11:33:20.000;ADY SI 20250620 PS AM C 1600.00 0;SIMPLE_INSTRUMENT;BLOCK;EUR;8;80.00000000;440;PRC_DECOMP_EXCHANGE;;;;XEUR;9582595;76315;EXCHANGE
27.11.2024;13:29:55.526;AIR SI 20251219 PS AM C 160.00 0;SIMPLE_INSTRUMENT;BLOCK;EUR;54;10.70000000;400;EXCHANGE_LAST;;1;1;XEUR;11290317;64;
27.11.2024;09:26:01.242;ALC SI 20250321 PS AM P 72.00 0;SIMPLE_INSTRUMENT;BLOCK;CHF;2;1.54000000;1000;EXCHANGE_LAST;;1;1;XEUR;10872515;130134;
27.11.2024;16:16:13.413;ALC SI 20250919 PS AM C 84.00 0;SIMPLE_INSTRUMENT;BLOCK;CHF;40;3.55000000;400;EXCHANGE_LAST;;1;1;XEUR;11913761;130134;
27.11.2024;10:29:06.892;ALV SI 20250221 PS AM C 310.00 0;SIMPLE_INSTRUMENT;BLOCK;EUR;2;2.07000000;543;EXCHANGE_LAST;;1;1;XEUR;12238101;74;
27.11.2024;11:39:06.175;ALV SI 20241220 PS AM P 180.00 0;SIMPLE_INSTRUMENT;BLOCK;EUR;4;0.25000000;500;EXCHANGE_LAST;;1;1;XEUR;4638026;74;
27.11.2024;12:45:24.886;ANN.O.241127.STG.000005;STANDARD_OPTION_STRATEGY;BLOCK;EUR;5;2.95000000;2000;EXCHANGE_LAST;;1;1;XEUR;72251735149668083;45202;
27.11.2024;12:45:24.886;ANN SI 20250620 PS AM C 32.00 0;SIMPLE_INSTRUMENT;BLOCK;EUR;5;2.04000000;2000;PRC_DECOMP_EXCHANGE;;;;XEUR;7921075;45202;EXCHANGE
27.11.2024;12:45:24.886;ANN SI 20250620 PS AM P 26.00 0;SIMPLE_INSTRUMENT;BLOCK;EUR;5;0.91000000;2000;PRC_DECOMP_EXCHANGE;;;;XEUR;11386652;45202;EXCHANGE
27.11.2024;16:43:01.037;ANN SI 20251219 PS AM P 28.00 0;SIMPLE_INSTRUMENT;BLOCK;EUR;15;2.05000000;750;EXCHANGE_LAST;;1;1;XEUR;7644476;45202;
27.11.2024;16:48:31.989;ANN SI 20250321 PS AM C 34.00 0;SIMPLE_INSTRUMENT;BLOCK;EUR;16;1.00000000;5920;EXCHANGE_LAST;;1;1;XEUR;10865131;45202;
27.11.2024;16:48:54.755;ANN SI 20250321 PS AM C 34.00 0;SIMPLE_INSTRUMENT;BLOCK;EUR;17;0.99000000;10080;EXCHANGE_LAST;;1;1;XEUR;10865131;45202;
27.11.2024;12:50:51.751;ASG5 SI 20250320 PS AM P 24.00 0;SIMPLE_INSTRUMENT;BLOCK;EUR;11;0.36000000;25000;EXCHANGE_LAST;;1;2;XEUR;10822094;109;
27.11.2024;12:59:09.525;ASG5 SI 20250320 PS AM P 24.00 0;SIMPLE_INSTRUMENT;BLOCK;EUR;12;0.36000000;50000;EXCHANGE_LAST;;1;4;XEUR;10822094;109;
27.11.2024;13:06:21.236;ASG5 SI 20250320 PS AM P 24.00 0;SIMPLE_INSTRUMENT;BLOCK;EUR;13;0.36000000;20000;EXCHANGE_LAST;;1;2;XEUR;10822094;109;
27.11.2024;15:27:39.063;ASG5.O.241127.CNV.000001;STANDARD_OPTION_STRATEGY;BLOCK;EUR;21;2.95000000;14000;EXCHANGE_LAST;;1;1;XEUR;72058062189368505;109;
27.11.2024;15:27:39.063;ASG5 SI 20241219 PS AM C 24.00 0;SIMPLE_INSTRUMENT;BLOCK;EUR;21;3.09000000;14000;PRC_DECOMP_EXCHANGE;;;;XEUR;4629855;109;EXCHANGE
27.11.2024;15:27:39.063;ASG5 SI 20241219 PS AM P 24.00 0;SIMPLE_INSTRUMENT;BLOCK;EUR;21;0.14000000;14000;PRC_DECOMP_EXCHANGE;;;;XEUR;4629856;109;EXCHANGE
27.11.2024;14:43:54.785;ASM.O.241127.STG.000005;STANDARD_OPTION_STRATEGY;BLOCK;EUR;18;148.50000000;150;EXCHANGE_LAST;;1;1;XEUR;72058053599445122;107;
27.11.2024;14:43:54.785;ASM SI 20251219 PS AM P 560.00 0;SIMPLE_INSTRUMENT;BLOCK;EUR;18;52.66000000;150;PRC_DECOMP_EXCHANGE;;;;XEUR;5921400;107;EXCHANGE
27.11.2024;14:43:54.785;ASM SI 20251219 PS AM C 640.00 0;SIMPLE_INSTRUMENT;BLOCK;EUR;18;95.84000000;150;PRC_DECOMP_EXCHANGE;;;;XEUR;5921401;107;EXCHANGE
27.11.2024;09:00:08.704;AXA SI 20250919 PS AM P 28.00 0;SIMPLE_INSTRUMENT;BLOCK;EUR;4;1.19000000;1250;EXCHANGE_LAST;;1;1;XEUR;11872447;127;
27.11.2024;10:43:34.561;AXA.N.241127.000001;NON_STANDARD_OPTION_STRATEGY;BLOCK;EUR;17;9.03000000;1000;EXCHANGE_LAST;;1;1;XEUR;72058139498794096;127;
27.11.2024;10:43:34.561;AXA SI 20251219 PS AM C 30.00 0;SIMPLE_INSTRUMENT;BLOCK;EUR;17;3.98000000;8000;PRC_DECOMP_MEMBER;;;;XEUR;11479913;127;MEMBER
27.11.2024;10:43:34.561;AXA SI 20251219 PS AM C 32.00 0;SIMPLE_INSTRUMENT;BLOCK;EUR;17;2.70000000;7000;PRC_DECOMP_MEMBER;;;;XEUR;6158497;127;MEMBER
27.11.2024;10:43:34.561;AXA SI 20251219 PS AM P 30.00 0;SIMPLE_INSTRUMENT;BLOCK;EUR;17;2.18000000;8000;PRC_DECOMP_MEMBER;;;;XEUR;11479914;127;MEMBER
27.11.2024;10:43:34.561;AXA SI 20251219 PS AM P 32.00 0;SIMPLE_INSTRUMENT;BLOCK;EUR;17;3.05000000;7000;PRC_DECOMP_MEMBER;;;;XEUR;6158498;127;MEMBER
27.11.2024;11:43:42.253;AXA.O.241127.COMBO.000002;STANDARD_OPTION_STRATEGY;BLOCK;EUR;31;0.71000000;1250;EXCHANGE_LAST;;1;1;XEUR;72058139498794097;127;
27.11.2024;11:43:42.253;AXA SI 20241220 PS AM C 34.50 0;SIMPLE_INSTRUMENT;BLOCK;EUR;31;0.20000000;1250;PRC_DECOMP_EXCHANGE;;;;XEUR;11872333;127;EXCHANGE
27.11.2024;11:43:42.253;AXA SI 20241220 PS AM P 32.00 0;SIMPLE_INSTRUMENT;BLOCK;EUR;31;0.91000000;1250;PRC_DECOMP_EXCHANGE;;;;XEUR;4638800;127;EXCHANGE
27.11.2024;12:01:38.520;AXA SI 20250620 PS AM C 34.00 0;SIMPLE_INSTRUMENT;BLOCK;EUR;34;1.20000000;1750;EXCHANGE_LAST;;1;1;XEUR;10812132;127;
27.11.2024;12:01:42.241;AXA SI 20250620 PS AM P 30.00 0;SIMPLE_INSTRUMENT;BLOCK;EUR;35;1.78000000;1750;EXCHANGE_LAST;;1;1;XEUR;10812133;127;
27.11.2024;12:35:50.568;AXA SI 20250620 PS AM P 26.00 0;SIMPLE_INSTRUMENT;BLOCK;EUR;47;0.77000000;2200;EXCHANGE_LAST;;1;1;XEUR;9735899;127;
27.11.2024;13:50:32.991;AXA.O.241127.BLT.000004;STANDARD_OPTION_STRATEGY;BLOCK;EUR;56;0.82000000;11000;EXCHANGE_LAST;;2;4;XEUR;72058139498794099;127;
27.11.2024;13:50:32.991;AXA SI 20250321 PS AM C 32.00 0;SIMPLE_INSTRUMENT;BLOCK;EUR;56;1.87000000;11000;PRC_DECOMP_EXCHANGE;;;;XEUR;10830413;127;EXCHANGE
27.11.2024;13:50:32.991;AXA SI 20241220 PS AM C 32.00 0;SIMPLE_INSTRUMENT;BLOCK;EUR;56;1.05000000;11000;PRC_DECOMP_EXCHANGE;;;;XEUR;4638799;127;EXCHANGE
27.11.2024;14:21:56.579;AXA SI 20250321 PS AM P 25.00 0;SIMPLE_INSTRUMENT;BLOCK;EUR;61;0.28000000;6250;EXCHANGE_LAST;;2;1;XEUR;10830422;127;
27.11.2024;11:19:37.117;AXAE.O.241127.CNV.000001;STANDARD_OPTION_STRATEGY;BLOCK;EUR;28;-4.73000000;5000;EXCHANGE_LAST;;1;1;XEUR;72058135203809549;126;
27.11.2024;11:19:37.117;AXAE SI 20251219 PS EU C 36.00 0;SIMPLE_INSTRUMENT;BLOCK;EUR;28;1.04000000;5000;PRC_DECOMP_EXCHANGE;;;;XEUR;6271829;126;EXCHANGE
27.11.2024;11:19:37.117;AXAE SI 20251219 PS EU P 36.00 0;SIMPLE_INSTRUMENT;BLOCK;EUR;28;5.77000000;5000;PRC_DECOMP_EXCHANGE;;;;XEUR;6271830;126;EXCHANGE
27.11.2024;08:29:50.440;B2NP SI 20261218 CS;SIMPLE_INSTRUMENT;BLOCK;EUR;3;4.31000000;500;EXCHANGE_LAST;;1;1;XEUR;6798320;131;
27.11.2024;08:58:46.424;B2NP SI 20261218 CS;SIMPLE_INSTRUMENT;BLOCK;EUR;6;4.27000000;150;EXCHANGE_LAST;;2;1;XEUR;6798320;131;
27.11.2024;10:01:48.236;B2NP SI 20251219 CS;SIMPLE_INSTRUMENT;BLOCK;EUR;15;5.15000000;500;EXCHANGE_LAST;;3;3;XEUR;5914355;131;
27.11.2024;10:03:56.736;B2NP SI 20251219 CS;SIMPLE_INSTRUMENT;BLOCK;EUR;16;5.15000000;100;EXCHANGE_LAST;;1;1;XEUR;5914355;131;
27.11.2024;10:14:34.391;B2NP SI 20251219 CS;SIMPLE_INSTRUMENT;BLOCK;EUR;17;5.15000000;100;EXCHANGE_LAST;;1;1;XEUR;5914355;131;
27.11.2024;10:13:22.008;B2NP SI 20251219 CS;SIMPLE_INSTRUMENT;BLOCK;EUR;18;5.15000000;300;EXCHANGE_LAST;;1;3;XEUR;5914355;131;
27.11.2024;10:21:47.317;B2NP SI 20251219 CS;SIMPLE_INSTRUMENT;BLOCK;EUR;20;5.15000000;200;EXCHANGE_LAST;;1;1;XEUR;5914355;131;
27.11.2024;12:40:47.420;B2NP SI 20261218 CS;SIMPLE_INSTRUMENT;BLOCK;EUR;49;4.27000000;100;EXCHANGE_LAST;;1;1;XEUR;6798320;131;
27.11.2024;15:20:58.667;B2NP SI 20261218 CS;SIMPLE_INSTRUMENT;BLOCK;EUR;104;4.28000000;350;EXCHANGE_LAST;;1;1;XEUR;6798320;131;
27.11.2024;16:20:53.306;B2NP SI 20261218 CS;SIMPLE_INSTRUMENT;BLOCK;EUR;126;4.31000000;50;EXCHANGE_LAST;;1;1;XEUR;6798320;131;
27.11.2024;16:21:12.734;B2NP SI 20271217 CS;SIMPLE_INSTRUMENT;BLOCK;EUR;127;3.69000000;50;EXCHANGE_LAST;;1;1;XEUR;7086925;131;
27.11.2024;16:05:39.392;BAS SI 20250321 PS AM C 44.00 0;SIMPLE_INSTRUMENT;BLOCK;EUR;9;1.69000000;1000;EXCHANGE_LAST;;1;1;XEUR;10830941;150;
27.11.2024;12:02:35.585;BASG.S.DEC24.MAR25.SPD;FUTURES_SPREAD;BLOCK;EUR;45;-0.34500000;15000;EXCHANGE_LAST;;1;1;XEUR;72058328477336862;171;
27.11.2024;12:02:35.585;BASG SI 20241220 CS;SIMPLE_INSTRUMENT;BLOCK;EUR;45;41.95000000;15000;PRC_DECOMP_MEMBER;;;;XEUR;7032007;171;MEMBER
27.11.2024;12:02:35.585;BASG SI 20250321 CS;SIMPLE_INSTRUMENT;BLOCK;EUR;45;42.29500000;15000;PRC_DECOMP_MEMBER;;;;XEUR;10694474;171;MEMBER
27.11.2024;15:00:20.362;BASG SI 20241220 CS;SIMPLE_INSTRUMENT;BLOCK;EUR;101;41.85150000;4000;EXCHANGE_LAST;;1;1;XEUR;7032007;171;
27.11.2024;10:12:36.034;BAY SI 20250919 PS AM C 24.00 0;SIMPLE_INSTRUMENT;BLOCK;EUR;5;1.16000000;15000;EXCHANGE_LAST;;6;2;XEUR;11873096;168;
27.11.2024;13:04:22.590;BAY SI 20250620 PS AM P 26.00 0;SIMPLE_INSTRUMENT;BLOCK;EUR;6;7.38000000;1000;EXCHANGE_LAST;;1;1;XEUR;10324699;168;
27.11.2024;14:42:39.794;BAY SI 20260619 PS AM P 16.00 0;SIMPLE_INSTRUMENT;BLOCK;EUR;7;1.98000000;2000;EXCHANGE_LAST;;1;1;XEUR;9539694;168;
27.11.2024;16:06:47.030;BAY SI 20251219 PS AM C 40.00 0;SIMPLE_INSTRUMENT;BLOCK;EUR;8;0.25000000;5000;EXCHANGE_LAST;;2;1;XEUR;5922331;168;
27.11.2024;16:11:56.203;BAY SI 20250321 PS AM P 15.00 0;SIMPLE_INSTRUMENT;BLOCK;EUR;10;0.41000000;4100;EXCHANGE_LAST;;1;1;XEUR;10831412;168;
27.11.2024;16:11:57.085;BAY SI 20250321 PS AM P 12.00 0;SIMPLE_INSTRUMENT;BLOCK;EUR;11;0.12000000;2341;EXCHANGE_LAST;;1;1;XEUR;10831392;168;
27.11.2024;16:11:59.423;BAY SI 20250321 PS AM P 12.00 0;SIMPLE_INSTRUMENT;BLOCK;EUR;12;0.13000000;1759;EXCHANGE_LAST;;1;1;XEUR;10831392;168;
27.11.2024;09:49:49.072;BAYE.N.241127.000006;NON_STANDARD_OPTION_STRATEGY;BLOCK;EUR;3;17.25000000;750;EXCHANGE_LAST;;1;1;XEUR;72058345657216839;175;
27.11.2024;09:49:49.072;BAYE SI 20281215 PS EU P 20.00 0;SIMPLE_INSTRUMENT;BLOCK;EUR;3;5.79000000;2250;PRC_DECOMP_EXCHANGE;;;;XEUR;10397150;175;EXCHANGE
27.11.2024;09:49:49.072;BAYE SI 20281215 PS EU P 14.00 0;SIMPLE_INSTRUMENT;BLOCK;EUR;3;2.93000000;3000;PRC_DECOMP_EXCHANGE;;;;XEUR;10397105;175;EXCHANGE
27.11.2024;09:49:49.072;BAYE SI 20281215 PS EU P 20.00 0;SIMPLE_INSTRUMENT;BLOCK;EUR;3;5.80000000;1500;PRC_DECOMP_EXCHANGE;;;;XEUR;10397150;175;EXCHANGE
27.11.2024;10:09:42.691;BBVD SI 20260320 PS AM P 7.50 0;SIMPLE_INSTRUMENT;BLOCK;EUR;3;0.64000000;4000;EXCHANGE_LAST;;1;1;XEUR;11873453;172;
27.11.2024;11:25:44.474;BMW.O.241127.BUL.000008;STANDARD_OPTION_STRATEGY;BLOCK;EUR;4;0.75000000;500;EXCHANGE_LAST;;1;1;XEUR;72058495981107637;210;
27.11.2024;11:25:44.474;BMW SI 20241220 PS AM C 75.00 0;SIMPLE_INSTRUMENT;BLOCK;EUR;4;0.18000000;500;PRC_DECOMP_EXCHANGE;;;;XEUR;11874581;210;EXCHANGE
27.11.2024;11:25:44.474;BMW SI 20241220 PS AM C 70.00 0;SIMPLE_INSTRUMENT;BLOCK;EUR;4;0.93000000;500;PRC_DECOMP_EXCHANGE;;;;XEUR;11838717;210;EXCHANGE
27.11.2024;11:25:52.121;BMW.O.241127.BUL.000008;STANDARD_OPTION_STRATEGY;BLOCK;EUR;5;0.76000000;500;EXCHANGE_LAST;;1;1;XEUR;72058495981107637;210;
27.11.2024;11:25:52.121;BMW SI 20241220 PS AM C 70.00 0;SIMPLE_INSTRUMENT;BLOCK;EUR;5;0.94000000;500;PRC_DECOMP_EXCHANGE;;;;XEUR;11838717;210;EXCHANGE
27.11.2024;11:25:52.121;BMW SI 20241220 PS AM C 75.00 0;SIMPLE_INSTRUMENT;BLOCK;EUR;5;0.18000000;500;PRC_DECOMP_EXCHANGE;;;;XEUR;11874581;210;EXCHANGE
27.11.2024;15:31:00.464;BMW SI 20261218 PS AM P 48.00 0;SIMPLE_INSTRUMENT;BLOCK;EUR;15;3.23000000;750;EXCHANGE_LAST;;1;1;XEUR;7510015;210;
27.11.2024;16:24:58.476;BMW SI 20241129 PS AM C 71.00 0;SIMPLE_INSTRUMENT;BLOCK;EUR;17;0.05000000;2440;EXCHANGE_LAST;;1;1;XEUR;12070011;210;
27.11.2024;16:25:26.354;BMW SI 20241129 PS AM C 72.00 0;SIMPLE_INSTRUMENT;BLOCK;EUR;18;0.02000000;1175;EXCHANGE_LAST;;1;1;XEUR;12070007;210;
27.11.2024;16:25:51.476;BMW SI 20241129 PS AM C 70.00 0;SIMPLE_INSTRUMENT;BLOCK;EUR;19;0.07000000;1250;EXCHANGE_LAST;;1;1;XEUR;12070003;210;
27.11.2024;12:02:03.630;BMWF.S.DEC24.MAR25.SPD;FUTURES_SPREAD;BLOCK;EUR;43;-0.56000000;1500;EXCHANGE_LAST;;1;1;XEUR;72058620535111965;239;
27.11.2024;12:02:03.630;BMWF SI 20250321 CS;SIMPLE_INSTRUMENT;BLOCK;EUR;43;68.26000000;1500;PRC_DECOMP_MEMBER;;;;XEUR;10695616;239;MEMBER
27.11.2024;12:02:03.630;BMWF SI 20241220 CS;SIMPLE_INSTRUMENT;BLOCK;EUR;43;67.70000000;1500;PRC_DECOMP_MEMBER;;;;XEUR;7032665;239;MEMBER
27.11.2024;08:39:31.631;BNP.N.241127.000006;NON_STANDARD_OPTION_STRATEGY;BLOCK;EUR;1;7.12000000;500;EXCHANGE_LAST;;1;1;XEUR;72058611945198611;237;
27.11.2024;08:39:31.631;BNP SI 20250919 PS AM P 46.00 0;SIMPLE_INSTRUMENT;BLOCK;EUR;1;2.50000000;500;PRC_DECOMP_EXCHANGE;;;;XEUR;11875151;237;EXCHANGE
27.11.2024;08:39:31.631;BNP SI 20241220 PS AM P 48.00 0;SIMPLE_INSTRUMENT;BLOCK;EUR;1;0.20000000;1000;PRC_DECOMP_EXCHANGE;;;;XEUR;4640390;237;EXCHANGE
27.11.2024;08:39:31.631;BNP SI 20250919 PS AM P 46.00 0;SIMPLE_INSTRUMENT;BLOCK;EUR;1;2.51000000;1000;PRC_DECOMP_EXCHANGE;;;;XEUR;11875151;237;EXCHANGE
27.11.2024;08:57:18.725;BNP SI 20251219 PS AM P 56.00 0;SIMPLE_INSTRUMENT;BLOCK;EUR;2;7.65000000;7000;EXCHANGE_LAST;;1;1;XEUR;5923366;237;
27.11.2024;08:59:24.282;BNP.O.241127.STD.000008;STANDARD_OPTION_STRATEGY;BLOCK;EUR;3;12.76000000;4000;EXCHANGE_LAST;;1;1;XEUR;72058611945198613;237;
27.11.2024;08:59:24.282;BNP SI 20251219 PS AM P 50.00 0;SIMPLE_INSTRUMENT;BLOCK;EUR;3;4.74000000;4000;PRC_DECOMP_EXCHANGE;;;;XEUR;6292396;237;EXCHANGE
27.11.2024;08:59:24.282;BNP SI 20251219 PS AM C 50.00 0;SIMPLE_INSTRUMENT;BLOCK;EUR;3;8.02000000;4000;PRC_DECOMP_EXCHANGE;;;;XEUR;6292395;237;EXCHANGE
27.11.2024;09:43:23.616;BNP SI 20261218 PS AM P 46.00 0;SIMPLE_INSTRUMENT;BLOCK;EUR;10;5.35000000;1000;EXCHANGE_LAST;;1;1;XEUR;10801578;237;
27.11.2024;10:45:41.793;BNP SI 20281215 PS AM P 48.00 0;SIMPLE_INSTRUMENT;BLOCK;EUR;18;9.52000000;1000;EXCHANGE_LAST;;1;1;XEUR;10398969;237;
27.11.2024;10:59:57.464;BNP SI 20250321 PS AM P 50.00 0;SIMPLE_INSTRUMENT;BLOCK;EUR;23;1.26000000;2000;EXCHANGE_LAST;;1;2;XEUR;10833033;237;
27.11.2024;11:10:32.744;BNP.O.241127.STG.000010;STANDARD_OPTION_STRATEGY;BLOCK;EUR;25;10.15000000;1500;EXCHANGE_LAST;;2;2;XEUR;72058611945198615;237;
27.11.2024;11:10:32.744;BNP SI 20260619 PS AM C 56.00 0;SIMPLE_INSTRUMENT;BLOCK;EUR;25;4.61000000;1500;PRC_DECOMP_EXCHANGE;;;;XEUR;9541699;237;EXCHANGE
27.11.2024;11:10:32.744;BNP SI 20260619 PS AM P 48.00 0;SIMPLE_INSTRUMENT;BLOCK;EUR;25;5.54000000;1500;PRC_DECOMP_EXCHANGE;;;;XEUR;9541730;237;EXCHANGE
27.11.2024;11:10:38.881;BNP SI 20281215 PS AM P 48.00 0;SIMPLE_INSTRUMENT;BLOCK;EUR;26;9.52000000;2000;EXCHANGE_LAST;;1;1;XEUR;10398969;237;
27.11.2024;12:07:22.384;BNP SI 20241220 PS AM P 62.00 0;SIMPLE_INSTRUMENT;BLOCK;EUR;38;6.94000000;1200;EXCHANGE_LAST;;1;2;XEUR;11874817;237;
27.11.2024;12:08:10.344;BNP SI 20241220 PS AM C 60.00 0;SIMPLE_INSTRUMENT;BLOCK;EUR;39;0.28000000;3000;EXCHANGE_LAST;;1;3;XEUR;4640395;237;
27.11.2024;12:07:26.247;BNP.O.241127.PDIA.000011;STANDARD_OPTION_STRATEGY;BLOCK;EUR;41;1.95000000;1500;EXCHANGE_LAST;;1;1;XEUR;72058611945198616;237;
27.11.2024;12:07:26.247;BNP SI 20281215 PS AM P 32.00 0;SIMPLE_INSTRUMENT;BLOCK;EUR;41;3.52000000;1500;PRC_DECOMP_EXCHANGE;;;;XEUR;10398910;237;EXCHANGE
27.11.2024;12:07:26.247;BNP SI 20250321 PS AM P 50.00 0;SIMPLE_INSTRUMENT;BLOCK;EUR;41;1.57000000;1500;PRC_DECOMP_EXCHANGE;;;;XEUR;10833033;237;EXCHANGE
27.11.2024;12:29:17.976;BNP.O.241127.COMBO.000013;STANDARD_OPTION_STRATEGY;BLOCK;EUR;43;1.36000000;1000;EXCHANGE_LAST;;1;1;XEUR;72058611945198618;237;
27.11.2024;12:29:17.976;BNP SI 20250620 PS AM C 60.00 0;SIMPLE_INSTRUMENT;BLOCK;EUR;43;1.91000000;1000;PRC_DECOMP_EXCHANGE;;;;XEUR;7900165;237;EXCHANGE
27.11.2024;12:29:17.976;BNP SI 20250620 PS AM P 50.00 0;SIMPLE_INSTRUMENT;BLOCK;EUR;43;3.27000000;1000;PRC_DECOMP_EXCHANGE;;;;XEUR;10626697;237;EXCHANGE
27.11.2024;15:36:42.662;BNP.O.241127.BER.000015;STANDARD_OPTION_STRATEGY;BLOCK;EUR;67;5.30000000;1500;EXCHANGE_LAST;;1;1;XEUR;72058611945198620;237;
27.11.2024;15:36:42.662;BNP SI 20270618 PS AM P 32.00 0;SIMPLE_INSTRUMENT;BLOCK;EUR;67;2.42000000;1500;PRC_DECOMP_EXCHANGE;;;;XEUR;11352887;237;EXCHANGE
27.11.2024;15:36:42.662;BNP SI 20270618 PS AM P 48.00 0;SIMPLE_INSTRUMENT;BLOCK;EUR;67;7.72000000;1500;PRC_DECOMP_EXCHANGE;;;;XEUR;11352858;237;EXCHANGE
27.11.2024;10:56:11.583;BOSS SI 20241220 PS AM C 40.00 0;SIMPLE_INSTRUMENT;BLOCK;EUR;2;0.69000000;500;EXCHANGE_LAST;;1;1;XEUR;4640461;230;
27.11.2024;17:04:16.353;BPVJ SI 20241219 CS;SIMPLE_INSTRUMENT;BLOCK;EUR;141;7.00580000;9900;EXCHANGE_LAST;;1;1;XEUR;7029761;48715;
27.11.2024;08:57:31.394;BSD2.O.241127.PDIA.000001;STANDARD_OPTION_STRATEGY;BLOCK;EUR;1;0.19000000;10000;EXCHANGE_LAST;;1;1;XEUR;72058646304922168;245;
27.11.2024;08:57:31.394;BSD2 SI 20241220 PS AM P 3.40 0;SIMPLE_INSTRUMENT;BLOCK;EUR;1;0.01000000;10000;PRC_DECOMP_EXCHANGE;;;;XEUR;4640632;245;EXCHANGE
27.11.2024;08:57:31.394;BSD2 SI 20251219 PS AM P 3.60 0;SIMPLE_INSTRUMENT;BLOCK;EUR;1;0.20000000;10000;PRC_DECOMP_EXCHANGE;;;;XEUR;6184570;245;EXCHANGE
27.11.2024;13:04:35.855;C4RI SI 20261218 CS;SIMPLE_INSTRUMENT;BLOCK;EUR;54;2.62000000;150;EXCHANGE_LAST;;1;1;XEUR;6821680;50862;
27.11.2024;14:58:17.945;C4RI SI 20251219 CS;SIMPLE_INSTRUMENT;BLOCK;EUR;99;2.57000000;100;EXCHANGE_LAST;;1;1;XEUR;5914459;50862;
27.11.2024;16:22:27.733;CBK.O.241127.COMBO.000012;STANDARD_OPTION_STRATEGY;BLOCK;EUR;6;0.48000000;5000;EXCHANGE_LAST;;1;1;XEUR;72058745089201794;268;
27.11.2024;16:22:27.733;CBK SI 20260619 PS AM P 12.00 0;SIMPLE_INSTRUMENT;BLOCK;EUR;6;1.47000000;5000;PRC_DECOMP_EXCHANGE;;;;XEUR;9542175;268;EXCHANGE
27.11.2024;16:22:27.733;CBK SI 20260619 PS AM C 18.00 0;SIMPLE_INSTRUMENT;BLOCK;EUR;6;0.99000000;5000;PRC_DECOMP_EXCHANGE;;;;XEUR;9542138;268;EXCHANGE
27.11.2024;16:38:47.940;CBK.N.241127.000019;NON_STANDARD_OPTION_STRATEGY;BLOCK;EUR;7;1.15000000;2500;EXCHANGE_LAST;;1;1;XEUR;72058745089201801;268;
27.11.2024;16:38:47.940;CBK SI 20241220 PS AM P 15.00 0;SIMPLE_INSTRUMENT;BLOCK;EUR;7;0.95000000;2500;PRC_DECOMP_EXCHANGE;;;;XEUR;10399782;268;EXCHANGE
27.11.2024;16:38:47.940;CBK SI 20251219 PS AM P 12.00 0;SIMPLE_INSTRUMENT;BLOCK;EUR;7;1.05000000;5000;PRC_DECOMP_EXCHANGE;;;;XEUR;6472277;268;EXCHANGE
27.11.2024;16:39:39.372;CBK SI 20261218 PS AM P 12.00 0;SIMPLE_INSTRUMENT;BLOCK;EUR;8;1.63000000;2000;EXCHANGE_LAST;;1;1;XEUR;7231778;268;
27.11.2024;09:31:45.968;CFR SI 20250321 PS AM P 110.00 0;SIMPLE_INSTRUMENT;BLOCK;CHF;3;2.95000000;800;EXCHANGE_LAST;;1;1;XEUR;10834880;313;
27.11.2024;11:54:22.517;CFR.O.241127.COMBO.000005;STANDARD_OPTION_STRATEGY;BLOCK;CHF;16;-0.40000000;500;EXCHANGE_LAST;;1;1;XEUR;72058938362726023;313;
27.11.2024;11:54:22.517;CFR SI 20241220 PS AM P 110.00 0;SIMPLE_INSTRUMENT;BLOCK;CHF;16;0.59000000;500;PRC_DECOMP_EXCHANGE;;;;XEUR;10400569;313;EXCHANGE
27.11.2024;11:54:22.517;CFR SI 20241220 PS AM C 130.00 0;SIMPLE_INSTRUMENT;BLOCK;CHF;16;0.99000000;500;PRC_DECOMP_EXCHANGE;;;;XEUR;10400575;313;EXCHANGE
27.11.2024;12:54:31.455;CFR SI 20241220 PS AM C 130.00 0;SIMPLE_INSTRUMENT;BLOCK;CHF;23;1.02000000;475;EXCHANGE_LAST;;1;1;XEUR;10400575;313;
27.11.2024;15:33:20.445;CFR SI 20241220 PS AM P 122.00 0;SIMPLE_INSTRUMENT;BLOCK;CHF;34;3.77000000;1000;EXCHANGE_LAST;;2;1;XEUR;11328187;313;
27.11.2024;11:19:52.393;CLN.O.241127.PDIA.000002;STANDARD_OPTION_STRATEGY;BLOCK;CHF;11;0.18000000;2000;EXCHANGE_LAST;;1;1;XEUR;72058865348264336;296;
27.11.2024;11:19:52.393;CLN SI 20241220 PS AM P 11.00 0;SIMPLE_INSTRUMENT;BLOCK;CHF;11;0.48000000;2000;PRC_DECOMP_EXCHANGE;;;;XEUR;10361643;296;EXCHANGE
27.11.2024;11:19:52.393;CLN SI 20251219 PS AM P 9.60 0;SIMPLE_INSTRUMENT;BLOCK;CHF;11;0.66000000;2000;PRC_DECOMP_EXCHANGE;;;;XEUR;10619820;296;EXCHANGE
27.11.2024;09:20:56.270;CMAI SI 20241220 CS;SIMPLE_INSTRUMENT;BLOCK;EUR;11;2.47540000;100000;EXCHANGE_LAST;;1;1;XEUR;7033218;300;
27.11.2024;09:30:09.914;CNYA SI 20241220 PS AM C 5.50 0;SIMPLE_INSTRUMENT;BLOCK;USD;1;0.01000000;500;EXCHANGE_LAST;;1;1;XEUR;10459526;666868;
27.11.2024;09:30:18.555;CNYA SI 20250221 PS AM C 5.30 0;SIMPLE_INSTRUMENT;BLOCK;USD;2;0.10000000;250;EXCHANGE_LAST;;1;1;XEUR;12280631;666868;
27.11.2024;17:06:02.426;CR5J SI 20241219 CS;SIMPLE_INSTRUMENT;BLOCK;EUR;144;35.99150000;100000;EXCHANGE_LAST;;1;1;XEUR;7029763;50861;
27.11.2024;13:27:48.287;CRI5.O.241127.PDIA.000002;STANDARD_OPTION_STRATEGY;BLOCK;EUR;14;1.50000000;2000;EXCHANGE_LAST;;1;1;XEUR;72058968427474621;320;
27.11.2024;13:27:48.287;CRI5 SI 20250320 PS AM P 26.00 0;SIMPLE_INSTRUMENT;BLOCK;EUR;14;0.27700000;2000;PRC_DECOMP_EXCHANGE;;;;XEUR;10822460;320;EXCHANGE
27.11.2024;13:27:48.287;CRI5 SI 20250918 PS AM P 30.00 0;SIMPLE_INSTRUMENT;BLOCK;EUR;14;1.77700000;2000;PRC_DECOMP_EXCHANGE;;;;XEUR;11863125;320;EXCHANGE
27.11.2024;14:27:24.675;CRI5 SI 20251218 PS AM P 24.00 0;SIMPLE_INSTRUMENT;BLOCK;EUR;17;0.98000000;3000;EXCHANGE_LAST;;1;1;XEUR;7356478;320;
27.11.2024;14:42:55.969;CRI5 SI 20261217 PS AM P 24.00 0;SIMPLE_INSTRUMENT;BLOCK;EUR;19;2.06000000;1500;EXCHANGE_LAST;;1;1;XEUR;7356474;320;
27.11.2024;16:24:13.047;CRI5 SI 20250116 PS AM P 35.00 0;SIMPLE_INSTRUMENT;BLOCK;EUR;23;1.03000000;750;EXCHANGE_LAST;;1;1;XEUR;12061780;320;
27.11.2024;12:23:43.436;D3AI SI 20261218 CS;SIMPLE_INSTRUMENT;BLOCK;EUR;47;2.67000000;100;EXCHANGE_LAST;;1;1;XEUR;7144051;443197;
27.11.2024;13:36:45.208;D3AI SI 20251219 CS;SIMPLE_INSTRUMENT;BLOCK;EUR;62;3.80000000;100;EXCHANGE_LAST;;1;1;XEUR;7144062;443197;
27.11.2024;11:00:44.252;DAI.O.241127.STG.000011;STANDARD_OPTION_STRATEGY;BLOCK;EUR;1;6.14000000;1500;EXCHANGE_LAST;;2;1;XEUR;73961106363661970;443196;
27.11.2024;11:00:44.252;DAI SI 20250919 PS AM P 48.00 0;SIMPLE_INSTRUMENT;BLOCK;EUR;1;3.63000000;1500;PRC_DECOMP_EXCHANGE;;;;XEUR;11925620;443196;EXCHANGE
27.11.2024;11:00:44.252;DAI SI 20250919 PS AM C 56.00 0;SIMPLE_INSTRUMENT;BLOCK;EUR;1;2.51000000;1500;PRC_DECOMP_EXCHANGE;;;;XEUR;11925609;443196;EXCHANGE
27.11.2024;11:28:48.323;DAI SI 20260619 PS AM P 36.00 0;SIMPLE_INSTRUMENT;BLOCK;EUR;3;1.97000000;5750;EXCHANGE_LAST;;2;4;XEUR;9598278;443196;
27.11.2024;09:26:57.509;DHE SI 20250117 PS AM C 45.00 0;SIMPLE_INSTRUMENT;BLOCK;EUR;1;0.90000000;600;EXCHANGE_LAST;;1;1;XEUR;12096160;57135;
27.11.2024;09:27:34.810;DHE SI 20250117 PS AM C 44.00 0;SIMPLE_INSTRUMENT;BLOCK;EUR;2;1.16000000;500;EXCHANGE_LAST;;1;1;XEUR;12096182;57135;
27.11.2024;09:45:36.132;DHE SI 20250117 PS AM C 45.00 0;SIMPLE_INSTRUMENT;BLOCK;EUR;3;0.78000000;500;EXCHANGE_LAST;;1;1;XEUR;12096160;57135;
27.11.2024;13:28:54.164;DHE SI 20241220 PS AM C 40.00 0;SIMPLE_INSTRUMENT;BLOCK;EUR;6;1.42000000;4211;EXCHANGE_LAST;;1;1;XEUR;4999862;57135;
27.11.2024;13:29:00.470;DHE SI 20241220 PS AM P 35.00 0;SIMPLE_INSTRUMENT;BLOCK;EUR;7;0.83000000;4211;EXCHANGE_LAST;;1;1;XEUR;11910092;57135;
27.11.2024;10:53:38.695;DPW.O.241127.COMBO.000010;STANDARD_OPTION_STRATEGY;BLOCK;EUR;4;-1.73000000;4000;EXCHANGE_LAST;;1;3;XEUR;72059505298414044;445;
27.11.2024;10:53:38.695;DPW SI 20260619 PS AM C 36.00 0;SIMPLE_INSTRUMENT;BLOCK;EUR;4;2.55000000;4000;PRC_DECOMP_EXCHANGE;;;;XEUR;9545232;445;EXCHANGE
27.11.2024;10:53:38.695;DPW SI 20260619 PS AM P 24.00 0;SIMPLE_INSTRUMENT;BLOCK;EUR;4;0.82000000;4000;PRC_DECOMP_EXCHANGE;;;;XEUR;9545204;445;EXCHANGE
27.11.2024;13:34:40.576;DPW SI 20250919 PS AM C 34.00 0;SIMPLE_INSTRUMENT;BLOCK;EUR;8;2.75000000;1000;EXCHANGE_LAST;;1;1;XEUR;11878875;445;
27.11.2024;14:54:21.920;DPW.O.241127.STG.000011;STANDARD_OPTION_STRATEGY;BLOCK;EUR;11;4.35000000;750;EXCHANGE_LAST;;1;1;XEUR;72059505298414045;445;
27.11.2024;14:54:21.920;DPW SI 20251219 PS AM C 36.00 0;SIMPLE_INSTRUMENT;BLOCK;EUR;11;2.15000000;750;PRC_DECOMP_EXCHANGE;;;;XEUR;5926787;445;EXCHANGE
27.11.2024;14:54:21.920;DPW SI 20251219 PS AM P 32.00 0;SIMPLE_INSTRUMENT;BLOCK;EUR;11;2.20000000;750;PRC_DECOMP_EXCHANGE;;;;XEUR;5926786;445;EXCHANGE
27.11.2024;15:03:42.252;DPW SI 20241220 PS AM C 36.00 0;SIMPLE_INSTRUMENT;BLOCK;EUR;13;0.25000000;1000;EXCHANGE_LAST;;1;1;XEUR;4643147;445;
27.11.2024;15:18:06.393;DTE.O.241127.STD.000019;STANDARD_OPTION_STRATEGY;BLOCK;EUR;14;2.22000000;1500;EXCHANGE_LAST;;1;1;XEUR;72059415104105942;424;
27.11.2024;15:18:06.393;DTE SI 20250321 PS AM C 29.00 0;SIMPLE_INSTRUMENT;BLOCK;EUR;14;1.71000000;1500;PRC_DECOMP_EXCHANGE;;;;XEUR;11523278;424;EXCHANGE
27.11.2024;15:18:06.393;DTE SI 20250321 PS AM P 29.00 0;SIMPLE_INSTRUMENT;BLOCK;EUR;14;0.51000000;1500;PRC_DECOMP_EXCHANGE;;;;XEUR;11523275;424;EXCHANGE
27.11.2024;12:02:56.781;DTGF.S.DEC24.MAR25.SPD;FUTURES_SPREAD;BLOCK;EUR;46;-0.28000000;5000;EXCHANGE_LAST;;1;1;XEUR;74015841426866211;455940;
27.11.2024;12:02:56.781;DTGF SI 20250321 CS;SIMPLE_INSTRUMENT;BLOCK;EUR;46;34.48000000;5000;PRC_DECOMP_MEMBER;;;;XEUR;10734498;455940;MEMBER
27.11.2024;12:02:56.781;DTGF SI 20241220 CS;SIMPLE_INSTRUMENT;BLOCK;EUR;46;34.20000000;5000;PRC_DECOMP_MEMBER;;;;XEUR;7280801;455940;MEMBER
27.11.2024;09:31:19.424;E2NL SI 20250321 CS;SIMPLE_INSTRUMENT;BLOCK;EUR;14;0.21500000;8750;EXCHANGE_LAST;;1;1;XEUR;10403435;471;
27.11.2024;15:57:54.346;E2NT SI 20251219 CS;SIMPLE_INSTRUMENT;BLOCK;EUR;114;0.99500000;250;EXCHANGE_LAST;;1;1;XEUR;3681294;470;
27.11.2024;15:57:29.400;E2NT SI 20261218 CS;SIMPLE_INSTRUMENT;BLOCK;EUR;115;0.94500000;500;EXCHANGE_LAST;;1;1;XEUR;4632357;470;
27.11.2024;16:38:12.528;E2NT SI 20251219 CS;SIMPLE_INSTRUMENT;BLOCK;EUR;131;0.99500000;250;EXCHANGE_LAST;;1;1;XEUR;3681294;470;
27.11.2024;16:38:33.652;E2NT SI 20261218 CS;SIMPLE_INSTRUMENT;BLOCK;EUR;132;0.94500000;500;EXCHANGE_LAST;;2;1;XEUR;4632357;470;
27.11.2024;15:24:02.636;EBS SI 20250919 PS AM C 56.00 0;SIMPLE_INSTRUMENT;BLOCK;EUR;1;2.00000000;500;EXCHANGE_LAST;;1;1;XEUR;11879138;456;
27.11.2024;09:31:18.292;ENLH SI 20250320 CS;SIMPLE_INSTRUMENT;BLOCK;EUR;13;6.57690000;20000;EXCHANGE_LAST;;1;1;XEUR;10690796;524976;
27.11.2024;17:06:33.448;ENTH SI 20241219 CS;SIMPLE_INSTRUMENT;BLOCK;EUR;145;13.45040000;31000;EXCHANGE_LAST;;1;1;XEUR;7935776;524973;
27.11.2024;09:38:26.413;FBTP SI 20241206 PS;SIMPLE_INSTRUMENT;BLOCK;EUR;1;121.33000000;1074;EXCHANGE_LAST;;1;1;XEUR;10804520;636;
27.11.2024;11:32:16.510;FBTP SI 20241206 PS;SIMPLE_INSTRUMENT;EFP_FIN;EUR;2;121.56000000;893;EXCHANGE_LAST;;1;1;XEUR;10804520;636;
27.11.2024;11:55:26.837;FBTP SI 20241206 PS;SIMPLE_INSTRUMENT;BLOCK;EUR;3;121.53000000;500;EXCHANGE_LAST;;1;1;XEUR;10804520;636;
27.11.2024;12:02:12.790;FBTP SI 20241206 PS;SIMPLE_INSTRUMENT;BLOCK;EUR;4;121.55000000;446;EXCHANGE_LAST;;1;1;XEUR;10804520;636;
27.11.2024;12:52:40.782;FBTP SI 20241206 PS;SIMPLE_INSTRUMENT;EFP_FIN;EUR;5;121.57000000;446;EXCHANGE_LAST;;1;1;XEUR;10804520;636;
27.11.2024;12:58:09.100;FBTP SI 20241206 PS;SIMPLE_INSTRUMENT;EFP_FIN;EUR;6;121.60000000;482;EXCHANGE_LAST;;1;1;XEUR;10804520;636;
27.11.2024;13:03:54.414;FBTP SI 20241206 PS;SIMPLE_INSTRUMENT;BLOCK;EUR;7;121.60000000;712;EXCHANGE_LAST;;1;1;XEUR;10804520;636;
27.11.2024;13:04:15.074;FBTP SI 20241206 PS;SIMPLE_INSTRUMENT;EFP_FIN;EUR;8;121.60000000;289;EXCHANGE_LAST;;1;1;XEUR;10804520;636;
27.11.2024;13:04:30.134;FBTP SI 20241206 PS;SIMPLE_INSTRUMENT;EFP_FIN;EUR;9;121.60000000;241;EXCHANGE_LAST;;1;1;XEUR;10804520;636;
27.11.2024;13:05:51.579;FBTP SI 20241206 PS;SIMPLE_INSTRUMENT;EFP_FIN;EUR;10;121.60000000;241;EXCHANGE_LAST;;1;1;XEUR;10804520;636;
27.11.2024;13:07:01.914;FBTP SI 20241206 PS;SIMPLE_INSTRUMENT;EFP_FIN;EUR;11;121.60000000;241;EXCHANGE_LAST;;1;1;XEUR;10804520;636;
27.11.2024;13:44:15.182;FBTP SI 20241206 PS;SIMPLE_INSTRUMENT;BLOCK;EUR;12;121.56000000;2855;EXCHANGE_LAST;;1;1;XEUR;10804520;636;
27.11.2024;13:50:10.941;FBTP SI 20241206 PS;SIMPLE_INSTRUMENT;BLOCK;EUR;13;121.66000000;923;EXCHANGE_LAST;;1;1;XEUR;10804520;636;
27.11.2024;14:22:20.689;FBTP SI 20241206 PS;SIMPLE_INSTRUMENT;EFP_FIN;EUR;14;121.59000000;721;EXCHANGE_LAST;;1;1;XEUR;10804520;636;
27.11.2024;14:33:47.118;FBTP SI 20241206 PS;SIMPLE_INSTRUMENT;EFP_FIN;EUR;15;121.67000000;325;EXCHANGE_LAST;;1;1;XEUR;10804520;636;
27.11.2024;15:01:39.304;FBTP SI 20241206 PS;SIMPLE_INSTRUMENT;EFP_FIN;EUR;16;121.59000000;168;EXCHANGE_LAST;;1;1;XEUR;10804520;636;
27.11.2024;15:21:39.650;FBTP SI 20241206 PS;SIMPLE_INSTRUMENT;EFP_FIN;EUR;17;121.60000000;482;EXCHANGE_LAST;;1;1;XEUR;10804520;636;
27.11.2024;15:26:53.986;FBTP SI 20241206 PS;SIMPLE_INSTRUMENT;BLOCK;EUR;18;121.53000000;366;EXCHANGE_LAST;;1;1;XEUR;10804520;636;
27.11.2024;15:46:23.423;FBTP SI 20241206 PS;SIMPLE_INSTRUMENT;EFP_FIN;EUR;19;121.61000000;1898;EXCHANGE_LAST;;1;1;XEUR;10804520;636;
27.11.2024;15:56:48.622;FBTP SI 20241206 PS;SIMPLE_INSTRUMENT;EFP_FIN;EUR;20;121.61000000;1126;EXCHANGE_LAST;;1;1;XEUR;10804520;636;
27.11.2024;16:20:23.746;FBTP SI 20241206 PS;SIMPLE_INSTRUMENT;EFP_FIN;EUR;21;121.65000000;304;EXCHANGE_LAST;;1;1;XEUR;10804520;636;
27.11.2024;16:25:33.440;FBTP SI 20241206 PS;SIMPLE_INSTRUMENT;EFP_FIN;EUR;22;121.71000000;64;EXCHANGE_LAST;;1;1;XEUR;10804520;636;
27.11.2024;08:26:59.227;FBTS.S.DEC24.MAR25.SPD;FUTURES_SPREAD;BLOCK;EUR;3;-0.02000000;1237;EXCHANGE_LAST;;1;1;XEUR;72060338522030170;639;
27.11.2024;08:26:59.227;FBTS SI 20250306 PS;SIMPLE_INSTRUMENT;BLOCK;EUR;3;107.45000000;1237;PRC_DECOMP_MEMBER;;;;XEUR;11286677;639;MEMBER
27.11.2024;08:26:59.227;FBTS SI 20241206 PS;SIMPLE_INSTRUMENT;BLOCK;EUR;3;107.43000000;1237;PRC_DECOMP_MEMBER;;;;XEUR;10804522;639;MEMBER
27.11.2024;10:03:58.146;FBTS SI 20241206 PS;SIMPLE_INSTRUMENT;EFP_FIN;EUR;16;107.44000000;2411;EXCHANGE_LAST;;1;1;XEUR;10804522;639;
27.11.2024;10:30:54.549;FBTS.S.DEC24.MAR25.SPD;FUTURES_SPREAD;BLOCK;EUR;18;0.00000000;1000;EXCHANGE_LAST;;1;1;XEUR;72060338522030170;639;
27.11.2024;10:30:54.549;FBTS SI 20250306 PS;SIMPLE_INSTRUMENT;BLOCK;EUR;18;107.47000000;1000;PRC_DECOMP_MEMBER;;;;XEUR;11286677;639;MEMBER
27.11.2024;10:30:54.549;FBTS SI 20241206 PS;SIMPLE_INSTRUMENT;BLOCK;EUR;18;107.47000000;1000;PRC_DECOMP_MEMBER;;;;XEUR;10804522;639;MEMBER
27.11.2024;10:31:09.040;FBTS.S.DEC24.MAR25.SPD;FUTURES_SPREAD;BLOCK;EUR;19;-0.01000000;1000;EXCHANGE_LAST;;1;1;XEUR;72060338522030170;639;
27.11.2024;10:31:09.040;FBTS SI 20250306 PS;SIMPLE_INSTRUMENT;BLOCK;EUR;19;107.48000000;1000;PRC_DECOMP_MEMBER;;;;XEUR;11286677;639;MEMBER
27.11.2024;10:31:09.040;FBTS SI 20241206 PS;SIMPLE_INSTRUMENT;BLOCK;EUR;19;107.47000000;1000;PRC_DECOMP_MEMBER;;;;XEUR;10804522;639;MEMBER
27.11.2024;10:32:51.048;FBTS.S.DEC24.MAR25.SPD;FUTURES_SPREAD;BLOCK;EUR;20;0.00000000;3432;EXCHANGE_LAST;;1;1;XEUR;72060338522030170;639;
27.11.2024;10:32:51.048;FBTS SI 20250306 PS;SIMPLE_INSTRUMENT;BLOCK;EUR;20;107.47000000;3432;PRC_DECOMP_MEMBER;;;;XEUR;11286677;639;MEMBER
27.11.2024;10:32:51.048;FBTS SI 20241206 PS;SIMPLE_INSTRUMENT;BLOCK;EUR;20;107.47000000;3432;PRC_DECOMP_MEMBER;;;;XEUR;10804522;639;MEMBER
27.11.2024;10:33:03.948;FBTS.S.DEC24.MAR25.SPD;FUTURES_SPREAD;BLOCK;EUR;21;-0.01000000;3431;EXCHANGE_LAST;;1;1;XEUR;72060338522030170;639;
27.11.2024;10:33:03.948;FBTS SI 20241206 PS;SIMPLE_INSTRUMENT;BLOCK;EUR;21;107.47000000;3431;PRC_DECOMP_MEMBER;;;;XEUR;10804522;639;MEMBER
27.11.2024;10:33:03.948;FBTS SI 20250306 PS;SIMPLE_INSTRUMENT;BLOCK;EUR;21;107.48000000;3431;PRC_DECOMP_MEMBER;;;;XEUR;11286677;639;MEMBER
27.11.2024;11:38:33.839;FBTS SI 20241206 PS;SIMPLE_INSTRUMENT;BLOCK;EUR;31;107.49000000;2000;EXCHANGE_LAST;;1;1;XEUR;10804522;639;
27.11.2024;11:39:08.221;FBTS SI 20250306 PS;SIMPLE_INSTRUMENT;BLOCK;EUR;32;107.50000000;2000;EXCHANGE_LAST;;1;1;XEUR;11286677;639;
27.11.2024;12:07:38.878;FBTS SI 20241206 PS;SIMPLE_INSTRUMENT;EFP_FIN;EUR;35;107.45000000;430;EXCHANGE_LAST;;1;1;XEUR;10804522;639;
27.11.2024;12:26:25.307;FBTS SI 20241206 PS;SIMPLE_INSTRUMENT;EFP_FIN;EUR;38;107.47000000;300;EXCHANGE_LAST;;1;1;XEUR;10804522;639;
27.11.2024;12:33:48.203;FBTS SI 20241206 PS;SIMPLE_INSTRUMENT;EFP_FIN;EUR;40;107.48000000;155;EXCHANGE_LAST;;1;1;XEUR;10804522;639;
27.11.2024;12:37:06.329;FBTS SI 20241206 PS;SIMPLE_INSTRUMENT;EFP_FIN;EUR;41;107.46000000;235;EXCHANGE_LAST;;1;1;XEUR;10804522;639;
27.11.2024;12:55:16.676;FBTS SI 20241206 PS;SIMPLE_INSTRUMENT;BLOCK;EUR;45;107.48000000;298;EXCHANGE_LAST;;1;1;XEUR;10804522;639;
27.11.2024;13:01:19.340;FBTS SI 20241206 PS;SIMPLE_INSTRUMENT;EFP_FIN;EUR;46;107.46000000;940;EXCHANGE_LAST;;1;1;XEUR;10804522;639;
27.11.2024;13:12:52.102;FBTS SI 20241206 PS;SIMPLE_INSTRUMENT;EFP_FIN;EUR;48;107.48000000;329;EXCHANGE_LAST;;1;1;XEUR;10804522;639;
27.11.2024;13:12:52.122;FBTS SI 20241206 PS;SIMPLE_INSTRUMENT;EFP_FIN;EUR;49;107.48000000;376;EXCHANGE_LAST;;1;1;XEUR;10804522;639;
27.11.2024;13:43:29.776;FBTS SI 20241206 PS;SIMPLE_INSTRUMENT;EFP_FIN;EUR;52;107.49000000;286;EXCHANGE_LAST;;1;1;XEUR;10804522;639;
27.11.2024;14:05:28.844;FBTS SI 20241206 PS;SIMPLE_INSTRUMENT;EFP_FIN;EUR;53;107.49000000;572;EXCHANGE_LAST;;1;1;XEUR;10804522;639;
27.11.2024;14:23:40.306;FBTS SI 20241206 PS;SIMPLE_INSTRUMENT;EFP_FIN;EUR;55;107.49000000;611;EXCHANGE_LAST;;1;1;XEUR;10804522;639;
27.11.2024;14:27:22.090;FBTS SI 20241206 PS;SIMPLE_INSTRUMENT;EFP_FIN;EUR;56;107.49000000;1011;EXCHANGE_LAST;;1;1;XEUR;10804522;639;
27.11.2024;14:33:25.190;FBTS SI 20241206 PS;SIMPLE_INSTRUMENT;EFP_FIN;EUR;59;107.51000000;799;EXCHANGE_LAST;;1;1;XEUR;10804522;639;
27.11.2024;14:34:58.635;FBTS SI 20241206 PS;SIMPLE_INSTRUMENT;EFP_FIN;EUR;60;107.51000000;282;EXCHANGE_LAST;;1;1;XEUR;10804522;639;
27.11.2024;14:37:04.699;FBTS SI 20241206 PS;SIMPLE_INSTRUMENT;BLOCK;EUR;62;107.47000000;926;EXCHANGE_LAST;;1;1;XEUR;10804522;639;
27.11.2024;14:39:54.388;FBTS SI 20241206 PS;SIMPLE_INSTRUMENT;BLOCK;EUR;63;107.47000000;400;EXCHANGE_LAST;;1;1;XEUR;10804522;639;
27.11.2024;14:41:06.755;FBTS SI 20241206 PS;SIMPLE_INSTRUMENT;BLOCK;EUR;64;107.47000000;1335;EXCHANGE_LAST;;1;1;XEUR;10804522;639;
27.11.2024;14:41:22.665;FBTS SI 20241206 PS;SIMPLE_INSTRUMENT;EFP_FIN;EUR;65;107.51000000;940;EXCHANGE_LAST;;1;1;XEUR;10804522;639;
27.11.2024;14:41:53.298;FBTS SI 20241206 PS;SIMPLE_INSTRUMENT;BLOCK;EUR;66;107.47000000;2432;EXCHANGE_LAST;;1;1;XEUR;10804522;639;
27.11.2024;14:42:59.122;FBTS SI 20241206 PS;SIMPLE_INSTRUMENT;BLOCK;EUR;67;107.47000000;2152;EXCHANGE_LAST;;1;1;XEUR;10804522;639;
27.11.2024;15:01:46.987;FBTS SI 20241206 PS;SIMPLE_INSTRUMENT;BLOCK;EUR;68;107.49000000;235;EXCHANGE_LAST;;1;1;XEUR;10804522;639;
27.11.2024;15:04:01.433;FBTS SI 20241206 PS;SIMPLE_INSTRUMENT;EFP_FIN;EUR;69;107.51000000;235;EXCHANGE_LAST;;1;1;XEUR;10804522;639;
27.11.2024;15:03:12.525;FBTS SI 20241206 PS;SIMPLE_INSTRUMENT;EFP_FIN;EUR;71;107.51000000;658;EXCHANGE_LAST;;1;1;XEUR;10804522;639;
27.11.2024;15:10:07.772;FBTS SI 20241206 PS;SIMPLE_INSTRUMENT;EFP_FIN;EUR;72;107.51000000;281;EXCHANGE_LAST;;1;1;XEUR;10804522;639;
27.11.2024;15:10:48.833;FBTS SI 20241206 PS;SIMPLE_INSTRUMENT;EFP_FIN;EUR;73;107.52000000;492;EXCHANGE_LAST;;1;1;XEUR;10804522;639;
27.11.2024;15:43:29.463;FBTS SI 20241206 PS;SIMPLE_INSTRUMENT;EFP_FIN;EUR;75;107.45000000;809;EXCHANGE_LAST;;1;1;XEUR;10804522;639;
27.11.2024;15:52:15.256;FBTS SI 20241206 PS;SIMPLE_INSTRUMENT;EFP_FIN;EUR;78;107.45000000;570;EXCHANGE_LAST;;1;1;XEUR;10804522;639;
27.11.2024;15:52:45.802;FBTS SI 20241206 PS;SIMPLE_INSTRUMENT;EFP_FIN;EUR;79;107.45000000;239;EXCHANGE_LAST;;1;1;XEUR;10804522;639;
27.11.2024;16:01:51.526;FBTS SI 20241206 PS;SIMPLE_INSTRUMENT;EFP_FIN;EUR;80;107.46000000;274;EXCHANGE_LAST;;1;1;XEUR;10804522;639;
27.11.2024;09:25:27.114;FCEU SI 20241216 PS;SIMPLE_INSTRUMENT;BLOCK;USD;2;1.05195000;275;EXCHANGE_LAST;;1;1;XEUR;7140363;369376;
27.11.2024;15:41:25.253;FCEU SI 20241216 PS;SIMPLE_INSTRUMENT;BLOCK;USD;3;1.05567000;105;EXCHANGE_LAST;;1;1;XEUR;7140363;369376;
27.11.2024;09:18:15.327;FCMU SI 20241216 CS;SIMPLE_INSTRUMENT;BLOCK;USD;1;0.04818000;230;EXCHANGE_LAST;;1;1;XEUR;10921066;570874;
27.11.2024;10:48:55.730;FD3D.S.DEC25.DEC26.SPD;FUTURES_SPREAD;BLOCK;EUR;16;2.60000000;500;EXCHANGE_LAST;;3;1;XEUR;72060119478700062;588;
27.11.2024;10:48:55.730;FD3D SI 20261218 CS;SIMPLE_INSTRUMENT;BLOCK;EUR;16;108.40000000;500;PRC_DECOMP_MEMBER;;;;XEUR;7158183;588;MEMBER
27.11.2024;10:48:55.730;FD3D SI 20251219 CS;SIMPLE_INSTRUMENT;BLOCK;EUR;16;111.00000000;500;PRC_DECOMP_MEMBER;;;;XEUR;5914068;588;MEMBER
27.11.2024;14:08:52.000;FD3D SI 20251219 CS;SIMPLE_INSTRUMENT;BLOCK;EUR;47;111.30000000;600;EXCHANGE_LAST;;1;1;XEUR;5914068;588;
27.11.2024;12:44:05.864;FDAX.S.DEC24.MAR25.SPD;FUTURES_SPREAD;BLOCK;EUR;2;-176.00000000;300;EXCHANGE_LAST;;1;1;XEUR;72060123773665382;589;
27.11.2024;12:44:05.864;FDAX SI 20241220 CS;SIMPLE_INSTRUMENT;BLOCK;EUR;2;19262.00000000;300;PRC_DECOMP_EXCHANGE;;;;XEUR;7296065;589;EXCHANGE
27.11.2024;12:44:05.864;FDAX SI 20250321 CS;SIMPLE_INSTRUMENT;BLOCK;EUR;2;19438.00000000;300;PRC_DECOMP_EXCHANGE;;;;XEUR;7561255;589;EXCHANGE
27.11.2024;16:51:10.368;FDAX SI 20241220 CS;SIMPLE_INSTRUMENT;EFP_IDX;EUR;3;19309.00000000;20;EXCHANGE_LAST;;1;1;XEUR;7296065;589;
27.11.2024;16:50:44.781;FDAX SI 20241220 CS;SIMPLE_INSTRUMENT;EFP_IDX;EUR;4;19310.00000000;60;EXCHANGE_LAST;;1;1;XEUR;7296065;589;
27.11.2024;08:36:41.379;FEBD SI 20251219 CS;SIMPLE_INSTRUMENT;BLOCK;EUR;1;10.17000000;250;EXCHANGE_LAST;;1;1;XEUR;5914075;597;
27.11.2024;09:01:24.258;FEBD SI 20251219 CS;SIMPLE_INSTRUMENT;BLOCK;EUR;4;10.17000000;250;EXCHANGE_LAST;;1;1;XEUR;5914075;597;
27.11.2024;09:01:48.511;FEBD SI 20251219 CS;SIMPLE_INSTRUMENT;BLOCK;EUR;7;10.14000000;250;EXCHANGE_LAST;;1;1;XEUR;5914075;597;
27.11.2024;10:37:12.207;FEBD SI 20251219 CS;SIMPLE_INSTRUMENT;BLOCK;EUR;17;10.10000000;940;EXCHANGE_LAST;;1;1;XEUR;5914075;597;
27.11.2024;10:37:18.676;FEBD SI 20251219 CS;SIMPLE_INSTRUMENT;BLOCK;EUR;18;10.10000000;470;EXCHANGE_LAST;;1;1;XEUR;5914075;597;
27.11.2024;10:40:32.149;FEBD SI 20261218 CS;SIMPLE_INSTRUMENT;BLOCK;EUR;19;9.12000000;250;EXCHANGE_LAST;;1;1;XEUR;7158212;597;
27.11.2024;10:53:34.035;FEBD SI 20261218 CS;SIMPLE_INSTRUMENT;BLOCK;EUR;20;9.10000000;150;EXCHANGE_LAST;;1;1;XEUR;7158212;597;
27.11.2024;11:33:22.183;FEBD SI 20271217 CS;SIMPLE_INSTRUMENT;BLOCK;EUR;23;8.00000000;1200;EXCHANGE_LAST;;1;1;XEUR;7776307;597;
27.11.2024;11:51:18.732;FEBD SI 20261218 CS;SIMPLE_INSTRUMENT;BLOCK;EUR;24;9.09000000;1400;EXCHANGE_LAST;;1;1;XEUR;7158212;597;
27.11.2024;11:58:47.910;FEBD SI 20261218 CS;SIMPLE_INSTRUMENT;BLOCK;EUR;27;9.05000000;700;EXCHANGE_LAST;;1;1;XEUR;7158212;597;
27.11.2024;12:09:52.994;FEBD SI 20251219 CS;SIMPLE_INSTRUMENT;BLOCK;EUR;29;10.12000000;300;EXCHANGE_LAST;;1;1;XEUR;5914075;597;
27.11.2024;12:21:23.375;FEBD.S.DEC25.DEC26.SPD;FUTURES_SPREAD;BLOCK;EUR;30;1.04000000;250;EXCHANGE_LAST;;1;1;XEUR;72060158133406984;597;
27.11.2024;12:21:23.375;FEBD SI 20261218 CS;SIMPLE_INSTRUMENT;BLOCK;EUR;30;9.08000000;250;PRC_DECOMP_MEMBER;;;;XEUR;7158212;597;MEMBER
27.11.2024;12:21:23.375;FEBD SI 20251219 CS;SIMPLE_INSTRUMENT;BLOCK;EUR;30;10.12000000;250;PRC_DECOMP_MEMBER;;;;XEUR;5914075;597;MEMBER
27.11.2024;12:21:30.906;FEBD.S.DEC25.DEC26.SPD;FUTURES_SPREAD;BLOCK;EUR;31;1.05000000;250;EXCHANGE_LAST;;1;1;XEUR;72060158133406984;597;
27.11.2024;12:21:30.906;FEBD SI 20251219 CS;SIMPLE_INSTRUMENT;BLOCK;EUR;31;10.12000000;250;PRC_DECOMP_MEMBER;;;;XEUR;5914075;597;MEMBER
27.11.2024;12:21:30.906;FEBD SI 20261218 CS;SIMPLE_INSTRUMENT;BLOCK;EUR;31;9.07000000;250;PRC_DECOMP_MEMBER;;;;XEUR;7158212;597;MEMBER
27.11.2024;14:15:10.405;FEBD SI 20261218 CS;SIMPLE_INSTRUMENT;BLOCK;EUR;48;9.09000000;1000;EXCHANGE_LAST;;1;1;XEUR;7158212;597;
27.11.2024;15:50:29.658;FEBD SI 20261218 CS;SIMPLE_INSTRUMENT;BLOCK;EUR;65;9.12000000;1500;EXCHANGE_LAST;;1;1;XEUR;7158212;597;
27.11.2024;16:57:46.926;FEDV SI 20241220 CS;SIMPLE_INSTRUMENT;EFP_IDX;EUR;80;1601.00000000;357;EXCHANGE_LAST;;1;1;XEUR;10838883;596;
27.11.2024;16:57:33.521;FEDV SI 20241220 CS;SIMPLE_INSTRUMENT;EFP_IDX;EUR;81;1601.50000000;209;EXCHANGE_LAST;;1;1;XEUR;10838883;596;
27.11.2024;16:07:43.301;FES1 SI 20241220 PS;SIMPLE_INSTRUMENT;BLOCK;EUR;68;9.50000000;500;EXCHANGE_LAST;;1;1;XEUR;10869579;58959;
27.11.2024;10:37:59.049;FESB SI 20241220 CS;SIMPLE_INSTRUMENT;BLOCK;EUR;38;136.85000000;6000;EXCHANGE_LAST;;1;1;XEUR;10838895;605;
27.11.2024;12:43:52.051;FESB SI 20241220 CS;SIMPLE_INSTRUMENT;BLOCK;EUR;46;136.80000000;4600;EXCHANGE_LAST;;1;1;XEUR;10838895;605;
27.11.2024;13:59:55.744;FESB SI 20241220 CS;SIMPLE_INSTRUMENT;BLOCK;EUR;50;137.00000000;3400;EXCHANGE_LAST;;1;1;XEUR;10838895;605;
27.11.2024;14:38:58.297;FESB SI 20241220 CS;SIMPLE_INSTRUMENT;BLOCK;EUR;51;137.00000000;1650;EXCHANGE_LAST;;1;1;XEUR;10838895;605;
27.11.2024;17:03:55.118;FESB SI 20241220 CS;SIMPLE_INSTRUMENT;EFP_IDX;EUR;54;137.40000000;555;EXCHANGE_LAST;;1;1;XEUR;10838895;605;
27.11.2024;17:04:16.783;FESB SI 20241220 CS;SIMPLE_INSTRUMENT;EFP_IDX;EUR;55;137.45000000;4992;EXCHANGE_LAST;;1;1;XEUR;10838895;605;
27.11.2024;17:05:35.929;FESB SI 20241220 CS;SIMPLE_INSTRUMENT;EFP_IDX;EUR;56;137.50000000;145;EXCHANGE_LAST;;1;1;XEUR;10838895;605;
27.11.2024;17:05:47.752;FESB SI 20241220 CS;SIMPLE_INSTRUMENT;EFP_IDX;EUR;57;137.45000000;146;EXCHANGE_LAST;;1;1;XEUR;10838895;605;
27.11.2024;10:59:00.622;FESB SI 20241220 CS;SIMPLE_INSTRUMENT;VOLA;EUR;603979785;137.60000000;300;EXCHANGE_LAST;;1;1;XEUR;10838895;605;
27.11.2024;16:45:32.924;FESL SI 20241220 CS;SIMPLE_INSTRUMENT;EFP_IDX;EUR;1;153.50000000;300;EXCHANGE_LAST;;1;1;XEUR;10839396;680;
27.11.2024;16:46:03.702;FESL SI 20241220 CS;SIMPLE_INSTRUMENT;EFP_IDX;EUR;2;153.60000000;1200;EXCHANGE_LAST;;1;1;XEUR;10839396;680;
27.11.2024;10:14:05.263;FESX SI 20241220 CS;SIMPLE_INSTRUMENT;BLOCK;EUR;1;4728.00000000;2000;EXCHANGE_LAST;;1;1;XEUR;7793479;675;
27.11.2024;10:21:41.382;FESX.S.DEC24.MAR25.SPD;FUTURES_SPREAD;BLOCK;EUR;2;-24.00000000;2000;EXCHANGE_LAST;;1;1;XEUR;72060493140861185;675;
27.11.2024;10:21:41.382;FESX SI 20250321 CS;SIMPLE_INSTRUMENT;BLOCK;EUR;2;4759.00000000;2000;PRC_DECOMP_MEMBER;;;;XEUR;7793482;675;MEMBER
27.11.2024;10:21:41.382;FESX SI 20241220 CS;SIMPLE_INSTRUMENT;BLOCK;EUR;2;4735.00000000;2000;PRC_DECOMP_MEMBER;;;;XEUR;7793479;675;MEMBER
27.11.2024;10:33:56.614;FESX.S.DEC24.MAR25.SPD;FUTURES_SPREAD;BLOCK;EUR;3;-23.75000000;3000;EXCHANGE_LAST;;1;1;XEUR;72060493140861185;675;
27.11.2024;10:33:56.614;FESX SI 20241220 CS;SIMPLE_INSTRUMENT;BLOCK;EUR;3;4735.00000000;3000;PRC_DECOMP_MEMBER;;;;XEUR;7793479;675;MEMBER
27.11.2024;10:33:56.614;FESX SI 20250321 CS;SIMPLE_INSTRUMENT;BLOCK;EUR;3;4758.75000000;3000;PRC_DECOMP_MEMBER;;;;XEUR;7793482;675;MEMBER
27.11.2024;10:31:02.497;FESX SI 20241220 CS;SIMPLE_INSTRUMENT;BLOCK;EUR;4;4735.00000000;3000;EXCHANGE_LAST;;1;1;XEUR;7793479;675;
27.11.2024;10:43:50.953;FESX SI 20241220 CS;SIMPLE_INSTRUMENT;BLOCK;EUR;5;4735.00000000;4000;EXCHANGE_LAST;;1;1;XEUR;7793479;675;
27.11.2024;11:26:29.007;FESX SI 20241220 CS;SIMPLE_INSTRUMENT;BLOCK;EUR;6;4735.00000000;3000;EXCHANGE_LAST;;1;1;XEUR;7793479;675;
27.11.2024;13:17:25.641;FESX.S.DEC24.MAR25.SPD;FUTURES_SPREAD;BLOCK;EUR;9;-23.75000000;7000;EXCHANGE_LAST;;1;1;XEUR;72060493140861185;675;
27.11.2024;13:17:25.641;FESX SI 20241220 CS;SIMPLE_INSTRUMENT;BLOCK;EUR;9;4740.00000000;7000;PRC_DECOMP_MEMBER;;;;XEUR;7793479;675;MEMBER
27.11.2024;13:17:25.641;FESX SI 20250321 CS;SIMPLE_INSTRUMENT;BLOCK;EUR;9;4763.75000000;7000;PRC_DECOMP_MEMBER;;;;XEUR;7793482;675;MEMBER
27.11.2024;13:31:47.121;FESX.S.DEC24.MAR25.SPD;FUTURES_SPREAD;BLOCK;EUR;10;-23.75000000;2000;EXCHANGE_LAST;;1;1;XEUR;72060493140861185;675;
27.11.2024;13:31:47.121;FESX SI 20250321 CS;SIMPLE_INSTRUMENT;BLOCK;EUR;10;4765.75000000;2000;PRC_DECOMP_MEMBER;;;;XEUR;7793482;675;MEMBER
27.11.2024;13:31:47.121;FESX SI 20241220 CS;SIMPLE_INSTRUMENT;BLOCK;EUR;10;4742.00000000;2000;PRC_DECOMP_MEMBER;;;;XEUR;7793479;675;MEMBER
27.11.2024;15:36:45.698;FESX SI 20241220 CS;SIMPLE_INSTRUMENT;EFP_IDX;EUR;11;4736.00000000;500;EXCHANGE_LAST;;1;1;XEUR;7793479;675;
27.11.2024;16:44:07.385;FESX SI 20241220 CS;SIMPLE_INSTRUMENT;EFP_IDX;EUR;12;4742.00000000;280;EXCHANGE_LAST;;1;1;XEUR;7793479;675;
27.11.2024;16:44:40.652;FESX SI 20241220 CS;SIMPLE_INSTRUMENT;EFP_IDX;EUR;13;4743.00000000;520;EXCHANGE_LAST;;1;1;XEUR;7793479;675;
27.11.2024;16:51:50.239;FESX SI 20241220 CS;SIMPLE_INSTRUMENT;EFP_IDX;EUR;14;4743.00000000;325;EXCHANGE_LAST;;1;1;XEUR;7793479;675;
27.11.2024;16:51:57.625;FESX SI 20241220 CS;SIMPLE_INSTRUMENT;EFP_IDX;EUR;15;4742.00000000;88;EXCHANGE_LAST;;1;1;XEUR;7793479;675;
27.11.2024;16:52:04.214;FESX SI 20241220 CS;SIMPLE_INSTRUMENT;EFP_IDX;EUR;16;4742.00000000;175;EXCHANGE_LAST;;1;1;XEUR;7793479;675;
27.11.2024;16:52:23.048;FESX SI 20241220 CS;SIMPLE_INSTRUMENT;EFP_IDX;EUR;17;4742.00000000;174;EXCHANGE_LAST;;1;1;XEUR;7793479;675;
27.11.2024;16:52:32.341;FESX SI 20241220 CS;SIMPLE_INSTRUMENT;EFP_IDX;EUR;18;4743.00000000;598;EXCHANGE_LAST;;1;1;XEUR;7793479;675;
27.11.2024;16:52:40.451;FESX SI 20241220 CS;SIMPLE_INSTRUMENT;EFP_IDX;EUR;19;4743.00000000;162;EXCHANGE_LAST;;1;1;XEUR;7793479;675;
27.11.2024;16:52:52.619;FESX SI 20241220 CS;SIMPLE_INSTRUMENT;EFP_IDX;EUR;20;4743.00000000;175;EXCHANGE_LAST;;1;1;XEUR;7793479;675;
27.11.2024;16:52:54.939;FESX SI 20241220 CS;SIMPLE_INSTRUMENT;BLOCK;EUR;21;4745.00000000;5000;EXCHANGE_LAST;;1;1;XEUR;7793479;675;
27.11.2024;16:53:00.525;FESX SI 20241220 CS;SIMPLE_INSTRUMENT;EFP_IDX;EUR;22;4742.00000000;95;EXCHANGE_LAST;;1;1;XEUR;7793479;675;
27.11.2024;16:54:16.891;FESX SI 20241220 CS;SIMPLE_INSTRUMENT;EFP_IDX;EUR;23;4742.00000000;224;EXCHANGE_LAST;;1;1;XEUR;7793479;675;
27.11.2024;16:54:39.652;FESX SI 20241220 CS;SIMPLE_INSTRUMENT;EFP_IDX;EUR;24;4743.00000000;416;EXCHANGE_LAST;;1;1;XEUR;7793479;675;
27.11.2024;16:55:54.087;FESX SI 20241220 CS;SIMPLE_INSTRUMENT;EFP_IDX;EUR;25;4742.00000000;45;EXCHANGE_LAST;;1;1;XEUR;7793479;675;
27.11.2024;16:55:59.200;FESX SI 20241220 CS;SIMPLE_INSTRUMENT;EFP_IDX;EUR;26;4743.00000000;155;EXCHANGE_LAST;;1;1;XEUR;7793479;675;
27.11.2024;16:58:10.428;FESX SI 20241220 CS;SIMPLE_INSTRUMENT;EFP_IDX;EUR;27;4742.00000000;92;EXCHANGE_LAST;;1;1;XEUR;7793479;675;
27.11.2024;16:59:05.096;FESX SI 20241220 CS;SIMPLE_INSTRUMENT;EFP_IDX;EUR;28;4743.00000000;315;EXCHANGE_LAST;;1;1;XEUR;7793479;675;
27.11.2024;17:03:32.329;FESX SI 20241220 CS;SIMPLE_INSTRUMENT;EFP_IDX;EUR;29;4743.00000000;127;EXCHANGE_LAST;;1;1;XEUR;7793479;675;
27.11.2024;17:03:44.590;FESX SI 20241220 CS;SIMPLE_INSTRUMENT;EFP_IDX;EUR;30;4742.00000000;86;EXCHANGE_LAST;;1;1;XEUR;7793479;675;
27.11.2024;17:05:53.523;FESX SI 20241220 CS;SIMPLE_INSTRUMENT;BLOCK;EUR;31;4740.00000000;2700;EXCHANGE_LAST;;1;1;XEUR;7793479;675;
27.11.2024;17:12:56.941;FESX SI 20241220 CS;SIMPLE_INSTRUMENT;BLOCK;EUR;32;4745.00000000;4000;EXCHANGE_LAST;;1;1;XEUR;7793479;675;
27.11.2024;17:14:40.998;FESX SI 20241220 CS;SIMPLE_INSTRUMENT;EFP_IDX;EUR;33;4745.00000000;1000;EXCHANGE_LAST;;1;1;XEUR;7793479;675;
27.11.2024;08:54:27.095;FESX SI 20241220 CS;SIMPLE_INSTRUMENT;VOLA;EUR;637534214;4740.00000000;338;EXCHANGE_LAST;;1;1;XEUR;7793479;675;
27.11.2024;09:27:24.346;FESX SI 20241220 CS;SIMPLE_INSTRUMENT;VOLA;EUR;637534234;4746.00000000;37;EXCHANGE_LAST;;1;1;XEUR;7793479;675;
27.11.2024;09:31:14.110;FESX SI 20241220 CS;SIMPLE_INSTRUMENT;VOLA;EUR;637534237;4741.00000000;873;EXCHANGE_LAST;;1;1;XEUR;7793479;675;
27.11.2024;09:32:48.188;FESX SI 20241220 CS;SIMPLE_INSTRUMENT;VOLA;EUR;637534241;4741.00000000;873;EXCHANGE_LAST;;1;1;XEUR;7793479;675;
27.11.2024;09:42:11.412;FESX SI 20241220 CS;SIMPLE_INSTRUMENT;VOLA;EUR;637534245;4740.00000000;46;EXCHANGE_LAST;;1;1;XEUR;7793479;675;
27.11.2024;10:19:59.919;FESX SI 20241220 CS;SIMPLE_INSTRUMENT;VOLA;EUR;637534256;4735.00000000;340;EXCHANGE_LAST;;1;1;XEUR;7793479;675;
27.11.2024;11:29:59.290;FESX SI 20241220 CS;SIMPLE_INSTRUMENT;VOLA;EUR;637534279;4727.00000000;540;EXCHANGE_LAST;;1;1;XEUR;7793479;675;
27.11.2024;15:01:34.391;FESX SI 20241220 CS;SIMPLE_INSTRUMENT;VOLA;EUR;637534327;4750.00000000;270;EXCHANGE_LAST;;1;1;XEUR;7793479;675;
27.11.2024;15:40:36.000;FESX SI 20241220 CS;SIMPLE_INSTRUMENT;VOLA;EUR;637534346;4745.00000000;1410;EXCHANGE_LAST;;1;1;XEUR;7793479;675;
27.11.2024;15:49:17.492;FESX SI 20241220 CS;SIMPLE_INSTRUMENT;VOLA;EUR;637534347;4750.00000000;263;EXCHANGE_LAST;;1;1;XEUR;7793479;675;
27.11.2024;16:01:58.877;FESX SI 20241220 CS;SIMPLE_INSTRUMENT;VOLA;EUR;637534353;4740.00000000;220;EXCHANGE_LAST;;1;1;XEUR;7793479;675;
27.11.2024;16:06:21.990;FESX SI 20241220 CS;SIMPLE_INSTRUMENT;VOLA;EUR;637534358;4745.00000000;215;EXCHANGE_LAST;;1;1;XEUR;7793479;675;
27.11.2024;16:07:52.476;FESX SI 20241220 CS;SIMPLE_INSTRUMENT;VOLA;EUR;637534366;4745.00000000;215;EXCHANGE_LAST;;1;1;XEUR;7793479;675;
27.11.2024;17:13:21.901;FESX SI 20241220 CS;SIMPLE_INSTRUMENT;VOLA;EUR;637534378;4740.00000000;1;EXCHANGE_LAST;;1;1;XEUR;7793479;675;
27.11.2024;08:59:28.755;FEXD SI 20261218 CS;SIMPLE_INSTRUMENT;BLOCK;EUR;5;150.60000000;250;EXCHANGE_LAST;;1;1;XEUR;2163053;693;
27.11.2024;08:59:34.408;FEXD SI 20261218 CS;SIMPLE_INSTRUMENT;BLOCK;EUR;6;150.70000000;250;EXCHANGE_LAST;;1;1;XEUR;2163053;693;
27.11.2024;09:38:19.408;FEXD SI 20281215 CS;SIMPLE_INSTRUMENT;BLOCK;EUR;10;138.30000000;250;EXCHANGE_LAST;;1;1;XEUR;3680985;693;
27.11.2024;11:53:35.015;FEXD SI 20251219 CS;SIMPLE_INSTRUMENT;BLOCK;EUR;25;158.20000000;150;EXCHANGE_LAST;;1;1;XEUR;1548120;693;
27.11.2024;11:53:54.130;FEXD SI 20261218 CS;SIMPLE_INSTRUMENT;BLOCK;EUR;26;150.00000000;150;EXCHANGE_LAST;;1;1;XEUR;2163053;693;
27.11.2024;12:26:15.959;FEXD SI 20251219 CS;SIMPLE_INSTRUMENT;BLOCK;EUR;32;158.60000000;450;EXCHANGE_LAST;;1;1;XEUR;1548120;693;
27.11.2024;13:38:51.438;FEXD SI 20250321 CS;SIMPLE_INSTRUMENT;BLOCK;EUR;39;19.70000000;315;EXCHANGE_LAST;;1;1;XEUR;11453223;693;
27.11.2024;13:38:45.119;FEXD SI 20250321 CS;SIMPLE_INSTRUMENT;BLOCK;EUR;40;19.80000000;315;EXCHANGE_LAST;;1;1;XEUR;11453223;693;
27.11.2024;14:59:50.653;FEXD SI 20261218 CS;SIMPLE_INSTRUMENT;BLOCK;EUR;58;150.30000000;1600;EXCHANGE_LAST;;1;1;XEUR;2163053;693;
27.11.2024;15:07:45.255;FEXD SI 20261218 CS;SIMPLE_INSTRUMENT;BLOCK;EUR;60;150.40000000;2000;EXCHANGE_LAST;;1;1;XEUR;2163053;693;
27.11.2024;15:13:36.723;FEXD SI 20261218 CS;SIMPLE_INSTRUMENT;BLOCK;EUR;61;150.40000000;229;EXCHANGE_LAST;;1;1;XEUR;2163053;693;
27.11.2024;15:16:05.673;FEXD SI 20251219 CS;SIMPLE_INSTRUMENT;BLOCK;EUR;63;158.50000000;121;EXCHANGE_LAST;;1;1;XEUR;1548120;693;
27.11.2024;15:59:04.652;FEXD SI 20271217 CS;SIMPLE_INSTRUMENT;BLOCK;EUR;66;143.50000000;125;EXCHANGE_LAST;;1;1;XEUR;2848338;693;
27.11.2024;07:56:35.356;FGBL SI 20241206 PS;SIMPLE_INSTRUMENT;EFS;EUR;1;134.14000000;233;EXCHANGE_LAST;;1;1;XEUR;10804524;688;
27.11.2024;08:00:12.938;FGBL SI 20241206 PS;SIMPLE_INSTRUMENT;EFS;EUR;2;134.16000000;458;EXCHANGE_LAST;;1;1;XEUR;10804524;688;
27.11.2024;08:07:20.681;FGBL SI 20241206 PS;SIMPLE_INSTRUMENT;EFS;EUR;3;134.32000000;1832;EXCHANGE_LAST;;1;1;XEUR;10804524;688;
27.11.2024;08:10:19.251;FGBL SI 20241206 PS;SIMPLE_INSTRUMENT;EFS;EUR;4;134.31000000;500;EXCHANGE_LAST;;1;1;XEUR;10804524;688;
27.11.2024;08:09:18.134;FGBL SI 20241206 PS;SIMPLE_INSTRUMENT;EFS;EUR;5;134.29000000;96;EXCHANGE_LAST;;1;1;XEUR;10804524;688;
27.11.2024;08:10:13.444;FGBL SI 20241206 PS;SIMPLE_INSTRUMENT;EFS;EUR;6;134.22000000;1444;EXCHANGE_LAST;;1;1;XEUR;10804524;688;
27.11.2024;08:12:34.119;FGBL SI 20241206 PS;SIMPLE_INSTRUMENT;EFS;EUR;7;134.19000000;504;EXCHANGE_LAST;;1;1;XEUR;10804524;688;
27.11.2024;08:16:32.971;FGBL SI 20241206 PS;SIMPLE_INSTRUMENT;EFS;EUR;8;134.19000000;183;EXCHANGE_LAST;;1;1;XEUR;10804524;688;
27.11.2024;08:23:39.598;FGBL SI 20241206 PS;SIMPLE_INSTRUMENT;EFS;EUR;9;134.22000000;481;EXCHANGE_LAST;;1;1;XEUR;10804524;688;
27.11.2024;08:27:29.719;FGBL SI 20241206 PS;SIMPLE_INSTRUMENT;EFS;EUR;10;134.29000000;412;EXCHANGE_LAST;;1;1;XEUR;10804524;688;
27.11.2024;08:27:55.605;FGBL SI 20241206 PS;SIMPLE_INSTRUMENT;EFS;EUR;11;134.21000000;481;EXCHANGE_LAST;;1;1;XEUR;10804524;688;
27.11.2024;08:31:33.692;FGBL SI 20241206 PS;SIMPLE_INSTRUMENT;EFS;EUR;12;134.26000000;240;EXCHANGE_LAST;;1;1;XEUR;10804524;688;
27.11.2024;08:32:35.793;FGBL SI 20241206 PS;SIMPLE_INSTRUMENT;EFS;EUR;13;134.00000000;193;EXCHANGE_LAST;;1;1;XEUR;10804524;688;
27.11.2024;08:39:22.366;FGBL SI 20241206 PS;SIMPLE_INSTRUMENT;EFS;EUR;14;134.22000000;180;EXCHANGE_LAST;;1;1;XEUR;10804524;688;
27.11.2024;08:44:15.180;FGBL SI 20241206 PS;SIMPLE_INSTRUMENT;EFS;EUR;16;133.99000000;215;EXCHANGE_LAST;;1;1;XEUR;10804524;688;
27.11.2024;08:46:19.167;FGBL SI 20241206 PS;SIMPLE_INSTRUMENT;EFS;EUR;17;134.04000000;500;EXCHANGE_LAST;;1;1;XEUR;10804524;688;
27.11.2024;08:45:17.640;FGBL SI 20241206 PS;SIMPLE_INSTRUMENT;EFS;EUR;18;133.99000000;241;EXCHANGE_LAST;;1;1;XEUR;10804524;688;
27.11.2024;08:45:28.147;FGBL SI 20241206 PS;SIMPLE_INSTRUMENT;EFS;EUR;19;134.01000000;482;EXCHANGE_LAST;;1;1;XEUR;10804524;688;
27.11.2024;08:47:10.842;FGBL SI 20241206 PS;SIMPLE_INSTRUMENT;EFS;EUR;20;133.99000000;215;EXCHANGE_LAST;;1;1;XEUR;10804524;688;
27.11.2024;08:47:44.857;FGBL SI 20241206 PS;SIMPLE_INSTRUMENT;EFS;EUR;21;134.23000000;481;EXCHANGE_LAST;;1;1;XEUR;10804524;688;
27.11.2024;08:47:50.545;FGBL SI 20241206 PS;SIMPLE_INSTRUMENT;EFS;EUR;22;134.05000000;641;EXCHANGE_LAST;;1;1;XEUR;10804524;688;
27.11.2024;08:51:15.645;FGBL SI 20241206 PS;SIMPLE_INSTRUMENT;EFS;EUR;23;133.95000000;1447;EXCHANGE_LAST;;1;1;XEUR;10804524;688;
27.11.2024;08:54:24.236;FGBL SI 20241206 PS;SIMPLE_INSTRUMENT;EFP_FIN;EUR;24;134.01000000;481;EXCHANGE_LAST;;1;1;XEUR;10804524;688;
27.11.2024;08:57:51.653;FGBL SI 20241206 PS;SIMPLE_INSTRUMENT;EFS;EUR;25;133.99000000;482;EXCHANGE_LAST;;1;1;XEUR;10804524;688;
27.11.2024;08:59:45.764;FGBL SI 20241206 PS;SIMPLE_INSTRUMENT;EFS;EUR;26;133.93000000;431;EXCHANGE_LAST;;1;1;XEUR;10804524;688;
27.11.2024;09:00:30.875;FGBL SI 20241206 PS;SIMPLE_INSTRUMENT;EFS;EUR;27;133.98000000;232;EXCHANGE_LAST;;1;1;XEUR;10804524;688;
27.11.2024;09:01:01.665;FGBL SI 20241206 PS;SIMPLE_INSTRUMENT;EFS;EUR;28;133.99000000;482;EXCHANGE_LAST;;1;1;XEUR;10804524;688;
27.11.2024;09:01:31.443;FGBL SI 20241206 PS;SIMPLE_INSTRUMENT;EFS;EUR;29;134.00000000;229;EXCHANGE_LAST;;1;1;XEUR;10804524;688;
27.11.2024;09:02:46.871;FGBL SI 20241206 PS;SIMPLE_INSTRUMENT;EFS;EUR;30;133.83000000;100;EXCHANGE_LAST;;1;1;XEUR;10804524;688;
27.11.2024;09:03:26.900;FGBL SI 20241206 PS;SIMPLE_INSTRUMENT;EFS;EUR;31;133.83000000;215;EXCHANGE_LAST;;1;1;XEUR;10804524;688;
27.11.2024;09:03:31.905;FGBL SI 20241206 PS;SIMPLE_INSTRUMENT;EFS;EUR;32;133.83000000;431;EXCHANGE_LAST;;1;1;XEUR;10804524;688;
27.11.2024;09:03:56.931;FGBL SI 20241206 PS;SIMPLE_INSTRUMENT;EFS;EUR;33;133.83000000;646;EXCHANGE_LAST;;1;1;XEUR;10804524;688;
27.11.2024;09:08:05.079;FGBL SI 20241206 PS;SIMPLE_INSTRUMENT;EFS;EUR;35;133.89000000;193;EXCHANGE_LAST;;1;1;XEUR;10804524;688;
27.11.2024;09:10:28.412;FGBL SI 20241206 PS;SIMPLE_INSTRUMENT;EFS;EUR;36;133.96000000;242;EXCHANGE_LAST;;1;1;XEUR;10804524;688;
27.11.2024;09:12:52.270;FGBL SI 20241206 PS;SIMPLE_INSTRUMENT;EFS;EUR;37;133.90000000;215;EXCHANGE_LAST;;1;1;XEUR;10804524;688;
27.11.2024;09:13:31.674;FGBL SI 20241206 PS;SIMPLE_INSTRUMENT;EFS;EUR;38;133.87000000;386;EXCHANGE_LAST;;1;1;XEUR;10804524;688;
27.11.2024;09:15:40.317;FGBL SI 20241206 PS;SIMPLE_INSTRUMENT;EFS;EUR;39;134.01000000;200;EXCHANGE_LAST;;1;1;XEUR;10804524;688;
27.11.2024;09:17:32.439;FGBL SI 20241206 PS;SIMPLE_INSTRUMENT;EFS;EUR;40;133.93000000;431;EXCHANGE_LAST;;1;1;XEUR;10804524;688;
27.11.2024;09:23:18.654;FGBL SI 20241206 PS;SIMPLE_INSTRUMENT;EFS;EUR;42;133.95000000;431;EXCHANGE_LAST;;1;1;XEUR;10804524;688;
27.11.2024;09:27:19.046;FGBL SI 20241206 PS;SIMPLE_INSTRUMENT;EFS;EUR;43;133.90000000;690;EXCHANGE_LAST;;1;1;XEUR;10804524;688;
27.11.2024;09:27:58.498;FGBL SI 20241206 PS;SIMPLE_INSTRUMENT;EFS;EUR;44;133.90000000;241;EXCHANGE_LAST;;1;1;XEUR;10804524;688;
27.11.2024;09:32:23.858;FGBL SI 20241206 PS;SIMPLE_INSTRUMENT;EFP_FIN;EUR;45;133.94000000;263;EXCHANGE_LAST;;1;1;XEUR;10804524;688;
27.11.2024;09:31:16.780;FGBL SI 20241206 PS;SIMPLE_INSTRUMENT;EFS;EUR;46;133.94000000;965;EXCHANGE_LAST;;1;1;XEUR;10804524;688;
27.11.2024;09:31:35.814;FGBL SI 20241206 PS;SIMPLE_INSTRUMENT;EFS;EUR;47;133.91000000;869;EXCHANGE_LAST;;1;1;XEUR;10804524;688;
27.11.2024;09:32:49.957;FGBL SI 20241206 PS;SIMPLE_INSTRUMENT;EFS;EUR;48;133.92000000;386;EXCHANGE_LAST;;1;1;XEUR;10804524;688;
27.11.2024;09:36:52.791;FGBL SI 20241206 PS;SIMPLE_INSTRUMENT;EFS;EUR;49;133.93000000;688;EXCHANGE_LAST;;1;1;XEUR;10804524;688;
27.11.2024;09:39:38.624;FGBL SI 20241206 PS;SIMPLE_INSTRUMENT;EFS;EUR;50;133.95000000;380;EXCHANGE_LAST;;1;1;XEUR;10804524;688;
27.11.2024;09:41:33.486;FGBL SI 20241206 PS;SIMPLE_INSTRUMENT;EFP_FIN;EUR;51;133.95000000;918;EXCHANGE_LAST;;1;1;XEUR;10804524;688;
27.11.2024;09:41:59.313;FGBL SI 20241206 PS;SIMPLE_INSTRUMENT;EFS;EUR;52;133.92000000;861;EXCHANGE_LAST;;1;1;XEUR;10804524;688;
27.11.2024;09:42:49.341;FGBL SI 20241206 PS;SIMPLE_INSTRUMENT;EFS;EUR;53;133.92000000;431;EXCHANGE_LAST;;1;1;XEUR;10804524;688;
27.11.2024;09:42:56.501;FGBL SI 20241206 PS;SIMPLE_INSTRUMENT;EFS;EUR;54;134.00000000;337;EXCHANGE_LAST;;1;1;XEUR;10804524;688;
27.11.2024;09:43:04.351;FGBL SI 20241206 PS;SIMPLE_INSTRUMENT;EFS;EUR;55;133.92000000;431;EXCHANGE_LAST;;1;1;XEUR;10804524;688;
27.11.2024;09:43:24.369;FGBL SI 20241206 PS;SIMPLE_INSTRUMENT;EFS;EUR;56;133.92000000;431;EXCHANGE_LAST;;1;1;XEUR;10804524;688;
27.11.2024;09:43:29.272;FGBL SI 20241206 PS;SIMPLE_INSTRUMENT;EFS;EUR;57;133.95000000;380;EXCHANGE_LAST;;1;1;XEUR;10804524;688;
27.11.2024;09:44:22.311;FGBL SI 20241206 PS;SIMPLE_INSTRUMENT;EFS;EUR;58;134.02000000;129;EXCHANGE_LAST;;1;1;XEUR;10804524;688;
27.11.2024;09:45:10.586;FGBL SI 20241206 PS;SIMPLE_INSTRUMENT;EFS;EUR;59;134.02000000;112;EXCHANGE_LAST;;1;1;XEUR;10804524;688;
27.11.2024;09:46:35.765;FGBL SI 20250306 PS;SIMPLE_INSTRUMENT;EFS;EUR;60;135.48000000;230;EXCHANGE_LAST;;1;1;XEUR;11286679;688;
27.11.2024;09:47:40.528;FGBL SI 20241206 PS;SIMPLE_INSTRUMENT;EFS;EUR;61;134.02000000;258;EXCHANGE_LAST;;1;1;XEUR;10804524;688;
27.11.2024;09:47:55.539;FGBL SI 20241206 PS;SIMPLE_INSTRUMENT;EFS;EUR;62;134.05000000;430;EXCHANGE_LAST;;1;1;XEUR;10804524;688;
27.11.2024;09:48:26.559;FGBL SI 20241206 PS;SIMPLE_INSTRUMENT;EFS;EUR;63;134.12000000;430;EXCHANGE_LAST;;1;1;XEUR;10804524;688;
27.11.2024;09:48:31.564;FGBL SI 20241206 PS;SIMPLE_INSTRUMENT;EFS;EUR;64;134.12000000;430;EXCHANGE_LAST;;1;1;XEUR;10804524;688;
27.11.2024;09:51:16.669;FGBL SI 20241206 PS;SIMPLE_INSTRUMENT;EFS;EUR;65;134.12000000;215;EXCHANGE_LAST;;1;1;XEUR;10804524;688;
27.11.2024;09:51:41.688;FGBL SI 20241206 PS;SIMPLE_INSTRUMENT;EFS;EUR;66;134.12000000;430;EXCHANGE_LAST;;1;1;XEUR;10804524;688;
27.11.2024;09:51:48.822;FGBL SI 20241206 PS;SIMPLE_INSTRUMENT;EFS;EUR;67;134.03000000;229;EXCHANGE_LAST;;1;1;XEUR;10804524;688;
27.11.2024;09:54:01.778;FGBL SI 20241206 PS;SIMPLE_INSTRUMENT;EFS;EUR;68;134.12000000;215;EXCHANGE_LAST;;1;1;XEUR;10804524;688;
27.11.2024;09:55:26.235;FGBL SI 20241206 PS;SIMPLE_INSTRUMENT;EFP_FIN;EUR;69;134.14000000;1550;EXCHANGE_LAST;;1;1;XEUR;10804524;688;
27.11.2024;09:55:52.835;FGBL SI 20241206 PS;SIMPLE_INSTRUMENT;EFS;EUR;70;134.03000000;229;EXCHANGE_LAST;;1;1;XEUR;10804524;688;
27.11.2024;10:07:53.968;FGBL SI 20241206 PS;SIMPLE_INSTRUMENT;EFS;EUR;71;134.16000000;482;EXCHANGE_LAST;;1;1;XEUR;10804524;688;
27.11.2024;10:13:27.555;FGBL SI 20241206 PS;SIMPLE_INSTRUMENT;BLOCK;EUR;72;134.25000000;7170;EXCHANGE_LAST;;1;1;XEUR;10804524;688;
27.11.2024;10:13:34.739;FGBL SI 20250306 PS;SIMPLE_INSTRUMENT;BLOCK;EUR;73;135.81000000;3446;EXCHANGE_LAST;;1;1;XEUR;11286679;688;
27.11.2024;10:13:41.338;FGBL SI 20250306 PS;SIMPLE_INSTRUMENT;BLOCK;EUR;74;135.82000000;3445;EXCHANGE_LAST;;1;1;XEUR;11286679;688;
27.11.2024;10:14:23.380;FGBL SI 20241206 PS;SIMPLE_INSTRUMENT;EFS;EUR;75;134.18000000;1925;EXCHANGE_LAST;;1;1;XEUR;10804524;688;
27.11.2024;10:15:40.226;FGBL SI 20241206 PS;SIMPLE_INSTRUMENT;EFS;EUR;76;134.25000000;430;EXCHANGE_LAST;;1;1;XEUR;10804524;688;
27.11.2024;10:17:08.598;FGBL SI 20241206 PS;SIMPLE_INSTRUMENT;EFP_FIN;EUR;77;134.18000000;328;EXCHANGE_LAST;;1;1;XEUR;10804524;688;
27.11.2024;10:17:34.951;FGBL SI 20241206 PS;SIMPLE_INSTRUMENT;EFP_FIN;EUR;78;134.14000000;387;EXCHANGE_LAST;;1;1;XEUR;10804524;688;
27.11.2024;10:20:18.776;FGBL SI 20241206 PS;SIMPLE_INSTRUMENT;EFS;EUR;79;134.19000000;430;EXCHANGE_LAST;;1;1;XEUR;10804524;688;
27.11.2024;10:20:49.609;FGBL SI 20241206 PS;SIMPLE_INSTRUMENT;EFP_FIN;EUR;80;134.19000000;871;EXCHANGE_LAST;;1;1;XEUR;10804524;688;
27.11.2024;10:21:55.570;FGBL SI 20241206 PS;SIMPLE_INSTRUMENT;EFS;EUR;81;134.20000000;100;EXCHANGE_LAST;;1;1;XEUR;10804524;688;
27.11.2024;10:22:21.615;FGBL SI 20241206 PS;SIMPLE_INSTRUMENT;EFP_FIN;EUR;82;133.91000000;334;EXCHANGE_LAST;;1;1;XEUR;10804524;688;
27.11.2024;10:31:57.550;FGBL SI 20241206 PS;SIMPLE_INSTRUMENT;EFS;EUR;83;134.21000000;503;EXCHANGE_LAST;;1;1;XEUR;10804524;688;
27.11.2024;10:35:43.654;FGBL SI 20241206 PS;SIMPLE_INSTRUMENT;EFP_FIN;EUR;84;134.13000000;1046;EXCHANGE_LAST;;1;1;XEUR;10804524;688;
27.11.2024;10:36:33.290;FGBL SI 20241206 PS;SIMPLE_INSTRUMENT;EFS;EUR;85;134.17000000;229;EXCHANGE_LAST;;1;1;XEUR;10804524;688;
27.11.2024;10:37:08.533;FGBL SI 20250306 PS;SIMPLE_INSTRUMENT;EFS;EUR;86;135.69000000;458;EXCHANGE_LAST;;1;1;XEUR;11286679;688;
27.11.2024;10:42:59.706;FGBL SI 20241206 PS;SIMPLE_INSTRUMENT;EFP_FIN;EUR;87;134.14000000;387;EXCHANGE_LAST;;1;1;XEUR;10804524;688;
27.11.2024;10:48:31.561;FGBL SI 20241206 PS;SIMPLE_INSTRUMENT;EFS;EUR;88;134.10000000;258;EXCHANGE_LAST;;1;1;XEUR;10804524;688;
27.11.2024;10:46:01.141;FGBL SI 20241206 PS;SIMPLE_INSTRUMENT;EFS;EUR;89;134.15000000;430;EXCHANGE_LAST;;1;1;XEUR;10804524;688;
27.11.2024;10:47:07.133;FGBL SI 20241206 PS;SIMPLE_INSTRUMENT;EFS;EUR;90;134.14000000;226;EXCHANGE_LAST;;1;1;XEUR;10804524;688;
27.11.2024;10:49:23.136;FGBL SI 20241206 PS;SIMPLE_INSTRUMENT;EFS;EUR;91;134.15000000;215;EXCHANGE_LAST;;1;1;XEUR;10804524;688;
27.11.2024;10:56:55.411;FGBL SI 20241206 PS;SIMPLE_INSTRUMENT;EFS;EUR;92;133.99000000;1930;EXCHANGE_LAST;;1;1;XEUR;10804524;688;
27.11.2024;10:58:17.027;FGBL SI 20241206 PS;SIMPLE_INSTRUMENT;EFS;EUR;93;134.10000000;215;EXCHANGE_LAST;;1;1;XEUR;10804524;688;
27.11.2024;10:59:00.179;FGBL SI 20241206 PS;SIMPLE_INSTRUMENT;EFP_FIN;EUR;94;134.12000000;387;EXCHANGE_LAST;;1;1;XEUR;10804524;688;
27.11.2024;10:59:03.314;FGBL SI 20241206 PS;SIMPLE_INSTRUMENT;EFS;EUR;95;134.22000000;459;EXCHANGE_LAST;;1;1;XEUR;10804524;688;
27.11.2024;10:59:07.060;FGBL SI 20241206 PS;SIMPLE_INSTRUMENT;EFS;EUR;96;134.11000000;215;EXCHANGE_LAST;;1;1;XEUR;10804524;688;
27.11.2024;10:59:16.057;FGBL SI 20241206 PS;SIMPLE_INSTRUMENT;EFS;EUR;97;134.13000000;963;EXCHANGE_LAST;;1;1;XEUR;10804524;688;
27.11.2024;10:59:35.277;FGBL SI 20241206 PS;SIMPLE_INSTRUMENT;EFS;EUR;98;134.14000000;963;EXCHANGE_LAST;;1;1;XEUR;10804524;688;
27.11.2024;10:59:42.084;FGBL SI 20241206 PS;SIMPLE_INSTRUMENT;EFS;EUR;99;134.11000000;215;EXCHANGE_LAST;;1;1;XEUR;10804524;688;
27.11.2024;10:59:55.950;FGBL SI 20250306 PS;SIMPLE_INSTRUMENT;EFS;EUR;100;135.73000000;916;EXCHANGE_LAST;;1;1;XEUR;11286679;688;
27.11.2024;11:00:32.275;FGBL SI 20250306 PS;SIMPLE_INSTRUMENT;EFS;EUR;101;135.71000000;916;EXCHANGE_LAST;;1;1;XEUR;11286679;688;
27.11.2024;11:05:25.597;FGBL SI 20241206 PS;SIMPLE_INSTRUMENT;EFP_FIN;EUR;102;134.11000000;1780;EXCHANGE_LAST;;1;1;XEUR;10804524;688;
27.11.2024;11:07:27.357;FGBL SI 20241206 PS;SIMPLE_INSTRUMENT;EFS;EUR;103;134.13000000;430;EXCHANGE_LAST;;1;1;XEUR;10804524;688;
27.11.2024;11:07:47.377;FGBL SI 20241206 PS;SIMPLE_INSTRUMENT;EFS;EUR;104;134.13000000;430;EXCHANGE_LAST;;1;1;XEUR;10804524;688;
27.11.2024;11:09:33.446;FGBL SI 20241206 PS;SIMPLE_INSTRUMENT;EFS;EUR;105;134.12000000;215;EXCHANGE_LAST;;1;1;XEUR;10804524;688;
27.11.2024;11:10:53.499;FGBL SI 20241206 PS;SIMPLE_INSTRUMENT;EFS;EUR;106;134.14000000;431;EXCHANGE_LAST;;1;1;XEUR;10804524;688;
27.11.2024;11:16:56.080;FGBL SI 20250306 PS;SIMPLE_INSTRUMENT;EFS;EUR;107;135.72000000;86;EXCHANGE_LAST;;1;1;XEUR;11286679;688;
27.11.2024;11:18:39.779;FGBL SI 20241206 PS;SIMPLE_INSTRUMENT;EFS;EUR;108;134.06000000;431;EXCHANGE_LAST;;1;1;XEUR;10804524;688;
27.11.2024;11:19:31.255;FGBL SI 20241206 PS;SIMPLE_INSTRUMENT;EFS;EUR;109;134.11000000;963;EXCHANGE_LAST;;1;1;XEUR;10804524;688;
27.11.2024;11:20:19.559;FGBL SI 20250306 PS;SIMPLE_INSTRUMENT;EFS;EUR;110;135.69000000;916;EXCHANGE_LAST;;1;1;XEUR;11286679;688;
27.11.2024;11:24:56.339;FGBL SI 20241206 PS;SIMPLE_INSTRUMENT;EFP_FIN;EUR;111;134.05000000;542;EXCHANGE_LAST;;1;1;XEUR;10804524;688;
27.11.2024;11:28:15.115;FGBL SI 20241206 PS;SIMPLE_INSTRUMENT;EFS;EUR;112;134.00000000;431;EXCHANGE_LAST;;1;1;XEUR;10804524;688;
27.11.2024;11:28:26.787;FGBL SI 20241206 PS;SIMPLE_INSTRUMENT;EFP_FIN;EUR;113;134.05000000;200;EXCHANGE_LAST;;1;1;XEUR;10804524;688;
27.11.2024;11:30:57.621;FGBL SI 20241206 PS;SIMPLE_INSTRUMENT;EFS;EUR;114;134.14000000;963;EXCHANGE_LAST;;1;1;XEUR;10804524;688;
27.11.2024;11:31:57.244;FGBL SI 20250306 PS;SIMPLE_INSTRUMENT;EFS;EUR;115;135.73000000;916;EXCHANGE_LAST;;1;1;XEUR;11286679;688;
27.11.2024;11:41:26.555;FGBL SI 20241206 PS;SIMPLE_INSTRUMENT;EFS;EUR;116;134.05000000;431;EXCHANGE_LAST;;1;1;XEUR;10804524;688;
27.11.2024;11:43:11.615;FGBL SI 20241206 PS;SIMPLE_INSTRUMENT;EFS;EUR;117;134.04000000;215;EXCHANGE_LAST;;1;1;XEUR;10804524;688;
27.11.2024;11:45:22.108;FGBL SI 20241206 PS;SIMPLE_INSTRUMENT;EFS;EUR;118;134.02000000;99;EXCHANGE_LAST;;1;1;XEUR;10804524;688;
27.11.2024;11:48:28.022;FGBL SI 20241206 PS;SIMPLE_INSTRUMENT;EFS;EUR;119;134.05000000;215;EXCHANGE_LAST;;1;1;XEUR;10804524;688;
27.11.2024;11:54:12.897;FGBL SI 20241206 PS;SIMPLE_INSTRUMENT;EFS;EUR;120;134.02000000;230;EXCHANGE_LAST;;1;1;XEUR;10804524;688;
27.11.2024;11:54:17.006;FGBL SI 20241206 PS;SIMPLE_INSTRUMENT;EFS;EUR;121;134.00000000;431;EXCHANGE_LAST;;1;1;XEUR;10804524;688;
27.11.2024;11:57:45.138;FGBL SI 20241206 PS;SIMPLE_INSTRUMENT;EFP_FIN;EUR;122;134.05000000;430;EXCHANGE_LAST;;1;1;XEUR;10804524;688;
27.11.2024;12:01:28.260;FGBL SI 20241206 PS;SIMPLE_INSTRUMENT;EFS;EUR;123;133.94000000;431;EXCHANGE_LAST;;1;1;XEUR;10804524;688;
27.11.2024;12:03:43.346;FGBL SI 20241206 PS;SIMPLE_INSTRUMENT;EFS;EUR;124;133.96000000;529;EXCHANGE_LAST;;1;1;XEUR;10804524;688;
27.11.2024;12:04:42.987;FGBL SI 20241206 PS;SIMPLE_INSTRUMENT;EFP_FIN;EUR;125;134.02000000;642;EXCHANGE_LAST;;1;1;XEUR;10804524;688;
27.11.2024;12:08:28.505;FGBL SI 20241206 PS;SIMPLE_INSTRUMENT;EFS;EUR;126;133.98000000;529;EXCHANGE_LAST;;1;1;XEUR;10804524;688;
27.11.2024;12:17:19.798;FGBL SI 20241206 PS;SIMPLE_INSTRUMENT;EFS;EUR;127;134.03000000;215;EXCHANGE_LAST;;1;1;XEUR;10804524;688;
27.11.2024;12:17:24.803;FGBL SI 20241206 PS;SIMPLE_INSTRUMENT;EFS;EUR;128;134.03000000;215;EXCHANGE_LAST;;1;1;XEUR;10804524;688;
27.11.2024;12:17:54.825;FGBL SI 20241206 PS;SIMPLE_INSTRUMENT;EFS;EUR;129;134.03000000;431;EXCHANGE_LAST;;1;1;XEUR;10804524;688;
27.11.2024;12:17:56.320;FGBL SI 20241206 PS;SIMPLE_INSTRUMENT;EFS;EUR;130;134.04000000;456;EXCHANGE_LAST;;1;1;XEUR;10804524;688;
27.11.2024;12:22:25.254;FGBL SI 20241206 PS;SIMPLE_INSTRUMENT;EFS;EUR;131;134.03000000;430;EXCHANGE_LAST;;1;1;XEUR;10804524;688;
27.11.2024;12:27:04.027;FGBL SI 20241206 PS;SIMPLE_INSTRUMENT;EFS;EUR;132;134.06000000;241;EXCHANGE_LAST;;1;1;XEUR;10804524;688;
27.11.2024;12:32:56.341;FGBL SI 20241206 PS;SIMPLE_INSTRUMENT;EFS;EUR;133;134.05000000;431;EXCHANGE_LAST;;1;1;XEUR;10804524;688;
27.11.2024;12:37:29.655;FGBL SI 20241206 PS;SIMPLE_INSTRUMENT;EFS;EUR;134;134.06000000;241;EXCHANGE_LAST;;1;1;XEUR;10804524;688;
27.11.2024;12:38:11.998;FGBL SI 20241206 PS;SIMPLE_INSTRUMENT;EFS;EUR;135;134.05000000;1496;EXCHANGE_LAST;;1;1;XEUR;10804524;688;
27.11.2024;12:37:52.495;FGBL SI 20241206 PS;SIMPLE_INSTRUMENT;EFS;EUR;136;134.02000000;964;EXCHANGE_LAST;;1;1;XEUR;10804524;688;
27.11.2024;12:38:43.840;FGBL SI 20250306 PS;SIMPLE_INSTRUMENT;EFS;EUR;137;135.59000000;917;EXCHANGE_LAST;;1;1;XEUR;11286679;688;
27.11.2024;12:43:57.538;FGBL SI 20241206 PS;SIMPLE_INSTRUMENT;EFS;EUR;138;134.08000000;200;EXCHANGE_LAST;;1;1;XEUR;10804524;688;
27.11.2024;12:44:02.731;FGBL SI 20241206 PS;SIMPLE_INSTRUMENT;EFS;EUR;139;134.07000000;635;EXCHANGE_LAST;;1;1;XEUR;10804524;688;
27.11.2024;12:45:19.852;FGBL SI 20241206 PS;SIMPLE_INSTRUMENT;EFS;EUR;140;134.08000000;430;EXCHANGE_LAST;;1;1;XEUR;10804524;688;
27.11.2024;12:46:20.360;FGBL SI 20241206 PS;SIMPLE_INSTRUMENT;EFS;EUR;141;134.04000000;694;EXCHANGE_LAST;;1;1;XEUR;10804524;688;
27.11.2024;12:46:56.638;FGBL SI 20241206 PS;SIMPLE_INSTRUMENT;EFS;EUR;142;134.04000000;230;EXCHANGE_LAST;;1;1;XEUR;10804524;688;
27.11.2024;12:51:29.352;FGBL SI 20241206 PS;SIMPLE_INSTRUMENT;EFS;EUR;143;134.06000000;723;EXCHANGE_LAST;;1;1;XEUR;10804524;688;
27.11.2024;12:58:11.658;FGBL SI 20241206 PS;SIMPLE_INSTRUMENT;EFS;EUR;145;134.05000000;241;EXCHANGE_LAST;;1;1;XEUR;10804524;688;
27.11.2024;12:59:24.635;FGBL SI 20241206 PS;SIMPLE_INSTRUMENT;EFS;EUR;146;134.07000000;100;EXCHANGE_LAST;;1;1;XEUR;10804524;688;
27.11.2024;13:00:45.795;FGBL SI 20241206 PS;SIMPLE_INSTRUMENT;EFS;EUR;147;134.07000000;964;EXCHANGE_LAST;;1;1;XEUR;10804524;688;
27.11.2024;13:02:31.032;FGBL SI 20250306 PS;SIMPLE_INSTRUMENT;EFS;EUR;148;135.65000000;921;EXCHANGE_LAST;;1;1;XEUR;11286679;688;
27.11.2024;13:04:01.415;FGBL SI 20241206 PS;SIMPLE_INSTRUMENT;EFP_FIN;EUR;149;134.08000000;608;EXCHANGE_LAST;;1;1;XEUR;10804524;688;
27.11.2024;13:04:07.553;FGBL SI 20241206 PS;SIMPLE_INSTRUMENT;EFS;EUR;150;134.10000000;200;EXCHANGE_LAST;;1;1;XEUR;10804524;688;
27.11.2024;13:05:25.542;FGBL SI 20241206 PS;SIMPLE_INSTRUMENT;EFS;EUR;151;134.01000000;310;EXCHANGE_LAST;;1;1;XEUR;10804524;688;
27.11.2024;13:07:40.729;FGBL SI 20241206 PS;SIMPLE_INSTRUMENT;EFS;EUR;152;134.08000000;964;EXCHANGE_LAST;;1;1;XEUR;10804524;688;
27.11.2024;13:08:25.323;FGBL SI 20241206 PS;SIMPLE_INSTRUMENT;EFS;EUR;153;134.05000000;482;EXCHANGE_LAST;;1;1;XEUR;10804524;688;
27.11.2024;13:09:17.980;FGBL SI 20241206 PS;SIMPLE_INSTRUMENT;EFS;EUR;154;134.04000000;430;EXCHANGE_LAST;;1;1;XEUR;10804524;688;
27.11.2024;13:12:57.617;FGBL SI 20250306 PS;SIMPLE_INSTRUMENT;EFS;EUR;155;135.66000000;916;EXCHANGE_LAST;;1;1;XEUR;11286679;688;
27.11.2024;13:15:10.461;FGBL SI 20241206 PS;SIMPLE_INSTRUMENT;EFS;EUR;156;134.04000000;964;EXCHANGE_LAST;;1;1;XEUR;10804524;688;
27.11.2024;13:15:30.793;FGBL SI 20241206 PS;SIMPLE_INSTRUMENT;BLOCK;EUR;157;134.02000000;4563;EXCHANGE_LAST;;1;1;XEUR;10804524;688;
27.11.2024;13:15:37.956;FGBL SI 20250306 PS;SIMPLE_INSTRUMENT;BLOCK;EUR;158;135.60000000;2282;EXCHANGE_LAST;;1;1;XEUR;11286679;688;
27.11.2024;13:15:45.337;FGBL SI 20250306 PS;SIMPLE_INSTRUMENT;BLOCK;EUR;159;135.61000000;2281;EXCHANGE_LAST;;1;1;XEUR;11286679;688;
27.11.2024;13:19:59.900;FGBL SI 20241206 PS;SIMPLE_INSTRUMENT;EFS;EUR;160;134.02000000;215;EXCHANGE_LAST;;1;1;XEUR;10804524;688;
27.11.2024;13:25:12.828;FGBL SI 20241206 PS;SIMPLE_INSTRUMENT;EFP_FIN;EUR;161;134.02000000;369;EXCHANGE_LAST;;1;1;XEUR;10804524;688;
27.11.2024;13:27:29.635;FGBL SI 20241206 PS;SIMPLE_INSTRUMENT;EFS;EUR;162;134.14000000;412;EXCHANGE_LAST;;1;1;XEUR;10804524;688;
27.11.2024;13:32:26.159;FGBL SI 20241206 PS;SIMPLE_INSTRUMENT;EFS;EUR;163;133.99000000;215;EXCHANGE_LAST;;1;1;XEUR;10804524;688;
27.11.2024;13:33:06.703;FGBL SI 20241206 PS;SIMPLE_INSTRUMENT;EFP_FIN;EUR;164;134.02000000;222;EXCHANGE_LAST;;1;1;XEUR;10804524;688;
27.11.2024;13:35:32.102;FGBL SI 20241206 PS;SIMPLE_INSTRUMENT;EFS;EUR;165;134.05000000;215;EXCHANGE_LAST;;1;1;XEUR;10804524;688;
27.11.2024;13:36:24.887;FGBL SI 20250306 PS;SIMPLE_INSTRUMENT;EFS;EUR;166;135.57000000;275;EXCHANGE_LAST;;1;1;XEUR;11286679;688;
27.11.2024;13:36:52.456;FGBL SI 20241206 PS;SIMPLE_INSTRUMENT;EFS;EUR;167;133.98000000;215;EXCHANGE_LAST;;1;1;XEUR;10804524;688;
27.11.2024;13:41:32.354;FGBL SI 20241206 PS;SIMPLE_INSTRUMENT;EFP_FIN;EUR;168;134.07000000;463;EXCHANGE_LAST;;1;1;XEUR;10804524;688;
27.11.2024;13:42:54.007;FGBL SI 20241206 PS;SIMPLE_INSTRUMENT;EFS;EUR;169;133.98000000;431;EXCHANGE_LAST;;1;1;XEUR;10804524;688;
27.11.2024;13:45:22.092;FGBL SI 20241206 PS;SIMPLE_INSTRUMENT;EFS;EUR;170;134.00000000;414;EXCHANGE_LAST;;1;1;XEUR;10804524;688;
27.11.2024;13:48:48.155;FGBL SI 20241206 PS;SIMPLE_INSTRUMENT;EFS;EUR;171;133.98000000;1500;EXCHANGE_LAST;;1;1;XEUR;10804524;688;
27.11.2024;13:49:38.517;FGBL SI 20241206 PS;SIMPLE_INSTRUMENT;EFP_FIN;EUR;172;133.98000000;341;EXCHANGE_LAST;;1;1;XEUR;10804524;688;
27.11.2024;13:50:55.322;FGBL SI 20250306 PS;SIMPLE_INSTRUMENT;EFS;EUR;173;135.57000000;1500;EXCHANGE_LAST;;1;1;XEUR;11286679;688;
27.11.2024;13:52:07.088;FGBL SI 20241206 PS;SIMPLE_INSTRUMENT;BLOCK;EUR;174;134.06000000;4069;EXCHANGE_LAST;;1;1;XEUR;10804524;688;
27.11.2024;13:54:54.176;FGBL SI 20241206 PS;SIMPLE_INSTRUMENT;EFP_FIN;EUR;175;134.07000000;82;EXCHANGE_LAST;;1;1;XEUR;10804524;688;
27.11.2024;14:03:36.740;FGBL SI 20241206 PS;SIMPLE_INSTRUMENT;EFP_FIN;EUR;176;133.99000000;217;EXCHANGE_LAST;;1;1;XEUR;10804524;688;
27.11.2024;14:03:39.596;FGBL SI 20241206 PS;SIMPLE_INSTRUMENT;EFP_FIN;EUR;177;134.03000000;227;EXCHANGE_LAST;;1;1;XEUR;10804524;688;
27.11.2024;14:04:50.781;FGBL SI 20241206 PS;SIMPLE_INSTRUMENT;EFS;EUR;178;133.96000000;215;EXCHANGE_LAST;;1;1;XEUR;10804524;688;
27.11.2024;14:07:07.463;FGBL SI 20241206 PS;SIMPLE_INSTRUMENT;EFP_FIN;EUR;180;133.98000000;837;EXCHANGE_LAST;;1;1;XEUR;10804524;688;
27.11.2024;14:09:40.957;FGBL SI 20241206 PS;SIMPLE_INSTRUMENT;EFS;EUR;181;133.99000000;431;EXCHANGE_LAST;;1;1;XEUR;10804524;688;
27.11.2024;14:10:00.974;FGBL SI 20241206 PS;SIMPLE_INSTRUMENT;EFS;EUR;182;133.99000000;215;EXCHANGE_LAST;;1;1;XEUR;10804524;688;
27.11.2024;14:10:30.997;FGBL SI 20241206 PS;SIMPLE_INSTRUMENT;EFS;EUR;183;133.99000000;215;EXCHANGE_LAST;;1;1;XEUR;10804524;688;
27.11.2024;14:23:46.499;FGBL SI 20241206 PS;SIMPLE_INSTRUMENT;EFS;EUR;184;134.02000000;430;EXCHANGE_LAST;;1;1;XEUR;10804524;688;
27.11.2024;14:24:11.695;FGBL SI 20241206 PS;SIMPLE_INSTRUMENT;EFS;EUR;185;134.02000000;430;EXCHANGE_LAST;;1;1;XEUR;10804524;688;
27.11.2024;14:27:28.221;FGBL SI 20241206 PS;SIMPLE_INSTRUMENT;EFS;EUR;186;134.04000000;241;EXCHANGE_LAST;;1;1;XEUR;10804524;688;
27.11.2024;14:28:11.171;FGBL SI 20241206 PS;SIMPLE_INSTRUMENT;EFS;EUR;187;134.06000000;241;EXCHANGE_LAST;;1;1;XEUR;10804524;688;
27.11.2024;14:32:07.669;FGBL SI 20241206 PS;SIMPLE_INSTRUMENT;EFS;EUR;188;134.14000000;430;EXCHANGE_LAST;;1;1;XEUR;10804524;688;
27.11.2024;14:33:54.570;FGBL SI 20241206 PS;SIMPLE_INSTRUMENT;EFS;EUR;189;134.13000000;430;EXCHANGE_LAST;;1;1;XEUR;10804524;688;
27.11.2024;14:34:35.457;FGBL SI 20241206 PS;SIMPLE_INSTRUMENT;EFP_FIN;EUR;190;133.98000000;168;EXCHANGE_LAST;;1;1;XEUR;10804524;688;
27.11.2024;14:38:05.392;FGBL SI 20241206 PS;SIMPLE_INSTRUMENT;EFS;EUR;191;134.09000000;241;EXCHANGE_LAST;;1;1;XEUR;10804524;688;
27.11.2024;14:38:18.546;FGBL SI 20241206 PS;SIMPLE_INSTRUMENT;EFS;EUR;192;134.10000000;215;EXCHANGE_LAST;;1;1;XEUR;10804524;688;
27.11.2024;14:38:20.092;FGBL SI 20241206 PS;SIMPLE_INSTRUMENT;EFS;EUR;193;134.06000000;215;EXCHANGE_LAST;;1;1;XEUR;10804524;688;
27.11.2024;14:45:09.805;FGBL SI 20241206 PS;SIMPLE_INSTRUMENT;EFS;EUR;194;134.00000000;7286;EXCHANGE_LAST;;1;1;XEUR;10804524;688;
27.11.2024;14:46:02.958;FGBL SI 20250306 PS;SIMPLE_INSTRUMENT;EFS;EUR;195;135.58000000;6877;EXCHANGE_LAST;;1;1;XEUR;11286679;688;
27.11.2024;14:52:33.326;FGBL SI 20241206 PS;SIMPLE_INSTRUMENT;EFS;EUR;196;134.06000000;1180;EXCHANGE_LAST;;1;1;XEUR;10804524;688;
27.11.2024;14:55:03.509;FGBL SI 20241206 PS;SIMPLE_INSTRUMENT;EFS;EUR;197;134.02000000;430;EXCHANGE_LAST;;1;1;XEUR;10804524;688;
27.11.2024;14:56:01.319;FGBL SI 20241206 PS;SIMPLE_INSTRUMENT;EFS;EUR;198;134.03000000;306;EXCHANGE_LAST;;1;1;XEUR;10804524;688;
27.11.2024;14:57:04.529;FGBL SI 20241206 PS;SIMPLE_INSTRUMENT;EFS;EUR;199;134.03000000;611;EXCHANGE_LAST;;1;1;XEUR;10804524;688;
27.11.2024;15:11:56.314;FGBL SI 20241206 PS;SIMPLE_INSTRUMENT;EFS;EUR;200;134.00000000;366;EXCHANGE_LAST;;1;1;XEUR;10804524;688;
27.11.2024;15:21:12.102;FGBL SI 20241206 PS;SIMPLE_INSTRUMENT;EFP_FIN;EUR;201;133.98000000;467;EXCHANGE_LAST;;1;1;XEUR;10804524;688;
27.11.2024;15:20:26.122;FGBL SI 20241206 PS;SIMPLE_INSTRUMENT;EFS;EUR;202;133.89000000;431;EXCHANGE_LAST;;1;1;XEUR;10804524;688;
27.11.2024;15:33:19.214;FGBL SI 20241206 PS;SIMPLE_INSTRUMENT;EFP_FIN;EUR;204;133.94000000;74;EXCHANGE_LAST;;1;1;XEUR;10804524;688;
27.11.2024;15:26:32.526;FGBL SI 20241206 PS;SIMPLE_INSTRUMENT;EFP_FIN;EUR;205;133.94000000;82;EXCHANGE_LAST;;1;1;XEUR;10804524;688;
27.11.2024;15:30:24.727;FGBL SI 20241206 PS;SIMPLE_INSTRUMENT;EFS;EUR;206;133.92000000;241;EXCHANGE_LAST;;1;1;XEUR;10804524;688;
27.11.2024;15:32:14.107;FGBL SI 20241206 PS;SIMPLE_INSTRUMENT;EFS;EUR;207;133.97000000;431;EXCHANGE_LAST;;1;1;XEUR;10804524;688;
27.11.2024;15:32:37.562;FGBL SI 20241206 PS;SIMPLE_INSTRUMENT;EFS;EUR;208;133.89000000;130;EXCHANGE_LAST;;1;1;XEUR;10804524;688;
27.11.2024;15:38:11.686;FGBL SI 20241206 PS;SIMPLE_INSTRUMENT;EFS;EUR;209;133.88000000;241;EXCHANGE_LAST;;1;1;XEUR;10804524;688;
27.11.2024;15:39:12.088;FGBL SI 20241206 PS;SIMPLE_INSTRUMENT;EFS;EUR;210;133.87000000;302;EXCHANGE_LAST;;1;1;XEUR;10804524;688;
27.11.2024;15:40:39.221;FGBL SI 20241206 PS;SIMPLE_INSTRUMENT;EFP_FIN;EUR;211;133.96000000;380;EXCHANGE_LAST;;1;1;XEUR;10804524;688;
27.11.2024;15:41:07.536;FGBL SI 20241206 PS;SIMPLE_INSTRUMENT;EFS;EUR;212;133.92000000;431;EXCHANGE_LAST;;1;1;XEUR;10804524;688;
27.11.2024;15:42:45.496;FGBL SI 20241206 PS;SIMPLE_INSTRUMENT;EFS;EUR;213;133.94000000;431;EXCHANGE_LAST;;1;1;XEUR;10804524;688;
27.11.2024;15:42:48.777;FGBL SI 20241206 PS;SIMPLE_INSTRUMENT;EFS;EUR;214;133.93000000;216;EXCHANGE_LAST;;1;1;XEUR;10804524;688;
27.11.2024;15:44:51.369;FGBL SI 20241206 PS;SIMPLE_INSTRUMENT;EFS;EUR;215;133.92000000;500;EXCHANGE_LAST;;1;1;XEUR;10804524;688;
27.11.2024;15:55:55.075;FGBL SI 20241206 PS;SIMPLE_INSTRUMENT;EFS;EUR;216;133.99000000;431;EXCHANGE_LAST;;1;1;XEUR;10804524;688;
27.11.2024;15:57:03.698;FGBL SI 20241206 PS;SIMPLE_INSTRUMENT;EFS;EUR;217;133.97000000;431;EXCHANGE_LAST;;1;1;XEUR;10804524;688;
27.11.2024;16:04:55.881;FGBL SI 20250306 PS;SIMPLE_INSTRUMENT;EFS;EUR;219;135.57000000;917;EXCHANGE_LAST;;1;1;XEUR;11286679;688;
27.11.2024;16:09:18.191;FGBL SI 20241206 PS;SIMPLE_INSTRUMENT;EFS;EUR;220;133.99000000;964;EXCHANGE_LAST;;1;1;XEUR;10804524;688;
27.11.2024;16:17:35.911;FGBL SI 20241206 PS;SIMPLE_INSTRUMENT;EFS;EUR;221;133.96000000;274;EXCHANGE_LAST;;1;1;XEUR;10804524;688;
27.11.2024;16:19:44.723;FGBL SI 20241206 PS;SIMPLE_INSTRUMENT;EFS;EUR;222;133.93000000;620;EXCHANGE_LAST;;1;1;XEUR;10804524;688;
27.11.2024;16:20:16.930;FGBL SI 20241206 PS;SIMPLE_INSTRUMENT;EFS;EUR;223;133.94000000;431;EXCHANGE_LAST;;1;1;XEUR;10804524;688;
27.11.2024;16:20:43.220;FGBL SI 20241206 PS;SIMPLE_INSTRUMENT;EFS;EUR;224;133.94000000;241;EXCHANGE_LAST;;1;1;XEUR;10804524;688;
27.11.2024;16:22:01.077;FGBL SI 20241206 PS;SIMPLE_INSTRUMENT;EFS;EUR;225;133.95000000;215;EXCHANGE_LAST;;1;1;XEUR;10804524;688;
27.11.2024;16:31:55.375;FGBL SI 20241206 PS;SIMPLE_INSTRUMENT;EFS;EUR;226;134.00000000;215;EXCHANGE_LAST;;1;1;XEUR;10804524;688;
27.11.2024;16:35:14.863;FGBL SI 20241206 PS;SIMPLE_INSTRUMENT;EFS;EUR;227;134.00000000;1447;EXCHANGE_LAST;;1;1;XEUR;10804524;688;
27.11.2024;16:36:26.168;FGBL SI 20250306 PS;SIMPLE_INSTRUMENT;EFS;EUR;228;135.59000000;1375;EXCHANGE_LAST;;1;1;XEUR;11286679;688;
27.11.2024;16:39:49.504;FGBL SI 20241206 PS;SIMPLE_INSTRUMENT;EFS;EUR;229;134.02000000;500;EXCHANGE_LAST;;1;1;XEUR;10804524;688;
27.11.2024;16:43:46.932;FGBL SI 20241206 PS;SIMPLE_INSTRUMENT;EFS;EUR;230;134.11000000;215;EXCHANGE_LAST;;1;1;XEUR;10804524;688;
27.11.2024;16:44:43.587;FGBL SI 20241206 PS;SIMPLE_INSTRUMENT;EFS;EUR;231;134.11000000;430;EXCHANGE_LAST;;1;1;XEUR;10804524;688;
27.11.2024;16:47:13.965;FGBL SI 20241206 PS;SIMPLE_INSTRUMENT;EFS;EUR;232;133.98000000;441;EXCHANGE_LAST;;1;1;XEUR;10804524;688;
27.11.2024;17:03:34.440;FGBL SI 20241206 PS;SIMPLE_INSTRUMENT;EFS;EUR;233;134.10000000;140;EXCHANGE_LAST;;1;1;XEUR;10804524;688;
27.11.2024;08:15:23.933;FGBL SI 20250306 PS;SIMPLE_INSTRUMENT;VOLA;EUR;268435468;135.71000000;403;EXCHANGE_LAST;;1;1;XEUR;11286679;688;
27.11.2024;08:36:39.135;FGBL SI 20241206 PS;SIMPLE_INSTRUMENT;VOLA;EUR;268435475;134.00000000;60;EXCHANGE_LAST;;1;1;XEUR;10804524;688;
27.11.2024;09:00:10.948;FGBL SI 20250306 PS;SIMPLE_INSTRUMENT;VOLA;EUR;268435487;135.50000000;825;EXCHANGE_LAST;;1;1;XEUR;11286679;688;
27.11.2024;09:27:58.210;FGBL SI 20250306 PS;SIMPLE_INSTRUMENT;VOLA;EUR;268435499;135.50000000;660;EXCHANGE_LAST;;1;1;XEUR;11286679;688;
27.11.2024;10:05:33.544;FGBL SI 20250306 PS;SIMPLE_INSTRUMENT;VOLA;EUR;268435505;135.50000000;165;EXCHANGE_LAST;;1;1;XEUR;11286679;688;
27.11.2024;11:04:20.883;FGBL SI 20250306 PS;SIMPLE_INSTRUMENT;VOLA;EUR;268435513;135.75000000;190;EXCHANGE_LAST;;1;1;XEUR;11286679;688;
27.11.2024;15:54:25.713;FGBL SI 20250306 PS;SIMPLE_INSTRUMENT;VOLA;EUR;268435554;135.48000000;102;EXCHANGE_LAST;;1;1;XEUR;11286679;688;
27.11.2024;15:54:42.376;FGBL SI 20250306 PS;SIMPLE_INSTRUMENT;VOLA;EUR;268435555;135.48000000;103;EXCHANGE_LAST;;1;1;XEUR;11286679;688;
27.11.2024;15:59:16.257;FGBL SI 20250306 PS;SIMPLE_INSTRUMENT;VOLA;EUR;268435556;135.48000000;103;EXCHANGE_LAST;;1;1;XEUR;11286679;688;
27.11.2024;15:59:26.728;FGBL SI 20250306 PS;SIMPLE_INSTRUMENT;VOLA;EUR;268435557;135.48000000;102;EXCHANGE_LAST;;1;1;XEUR;11286679;688;
27.11.2024;16:30:08.866;FGBL SI 20250306 PS;SIMPLE_INSTRUMENT;VOLA;EUR;268435561;135.52000000;116;EXCHANGE_LAST;;1;1;XEUR;11286679;688;
27.11.2024;16:32:36.180;FGBL SI 20250306 PS;SIMPLE_INSTRUMENT;VOLA;EUR;268435564;135.52000000;39;EXCHANGE_LAST;;1;1;XEUR;11286679;688;
27.11.2024;16:33:12.731;FGBL SI 20250306 PS;SIMPLE_INSTRUMENT;VOLA;EUR;268435565;135.64000000;30;EXCHANGE_LAST;;1;1;XEUR;11286679;688;
27.11.2024;16:33:19.944;FGBL SI 20250306 PS;SIMPLE_INSTRUMENT;VOLA;EUR;268435566;135.64000000;3;EXCHANGE_LAST;;1;1;XEUR;11286679;688;
27.11.2024;07:51:34.446;FGBM SI 20241206 PS;SIMPLE_INSTRUMENT;EFS;EUR;1;119.50000000;554;EXCHANGE_LAST;;1;1;XEUR;10804525;689;
27.11.2024;07:56:57.677;FGBM SI 20241206 PS;SIMPLE_INSTRUMENT;EFS;EUR;2;119.52000000;554;EXCHANGE_LAST;;1;1;XEUR;10804525;689;
27.11.2024;08:11:36.084;FGBM SI 20241206 PS;SIMPLE_INSTRUMENT;EFS;EUR;3;119.59000000;1752;EXCHANGE_LAST;;1;1;XEUR;10804525;689;
27.11.2024;08:14:16.130;FGBM SI 20241206 PS;SIMPLE_INSTRUMENT;EFS;EUR;4;119.59000000;1754;EXCHANGE_LAST;;1;1;XEUR;10804525;689;
27.11.2024;08:20:04.524;FGBM SI 20241206 PS;SIMPLE_INSTRUMENT;EFS;EUR;5;119.55000000;346;EXCHANGE_LAST;;1;1;XEUR;10804525;689;
27.11.2024;08:23:59.340;FGBM SI 20241206 PS;SIMPLE_INSTRUMENT;EFS;EUR;6;119.56000000;1845;EXCHANGE_LAST;;1;1;XEUR;10804525;689;
27.11.2024;08:30:21.671;FGBM SI 20241206 PS;SIMPLE_INSTRUMENT;EFS;EUR;7;119.40000000;433;EXCHANGE_LAST;;1;1;XEUR;10804525;689;
27.11.2024;08:54:38.872;FGBM SI 20241206 PS;SIMPLE_INSTRUMENT;EFS;EUR;8;119.43000000;877;EXCHANGE_LAST;;1;1;XEUR;10804525;689;
27.11.2024;09:11:24.120;FGBM SI 20241206 PS;SIMPLE_INSTRUMENT;EFS;EUR;9;119.31000000;925;EXCHANGE_LAST;;1;1;XEUR;10804525;689;
27.11.2024;09:23:43.977;FGBM SI 20241206 PS;SIMPLE_INSTRUMENT;EFS;EUR;10;119.31000000;462;EXCHANGE_LAST;;1;1;XEUR;10804525;689;
27.11.2024;09:23:43.675;FGBM SI 20241206 PS;SIMPLE_INSTRUMENT;EFS;EUR;11;119.37000000;433;EXCHANGE_LAST;;1;1;XEUR;10804525;689;
27.11.2024;09:29:45.631;FGBM SI 20241206 PS;SIMPLE_INSTRUMENT;EFS;EUR;12;119.36000000;554;EXCHANGE_LAST;;1;1;XEUR;10804525;689;
27.11.2024;09:57:44.675;FGBM SI 20241206 PS;SIMPLE_INSTRUMENT;EFP_FIN;EUR;13;119.35000000;214;EXCHANGE_LAST;;1;1;XEUR;10804525;689;
27.11.2024;10:08:06.473;FGBM SI 20241206 PS;SIMPLE_INSTRUMENT;EFS;EUR;14;119.48000000;1032;EXCHANGE_LAST;;1;1;XEUR;10804525;689;
27.11.2024;10:11:58.845;FGBM SI 20241206 PS;SIMPLE_INSTRUMENT;EFS;EUR;15;119.50000000;439;EXCHANGE_LAST;;1;1;XEUR;10804525;689;
27.11.2024;10:13:03.435;FGBM SI 20241206 PS;SIMPLE_INSTRUMENT;EFS;EUR;16;119.52000000;866;EXCHANGE_LAST;;1;1;XEUR;10804525;689;
27.11.2024;10:13:33.456;FGBM SI 20241206 PS;SIMPLE_INSTRUMENT;EFS;EUR;17;119.53000000;563;EXCHANGE_LAST;;1;1;XEUR;10804525;689;
27.11.2024;10:14:42.340;FGBM SI 20241206 PS;SIMPLE_INSTRUMENT;EFS;EUR;18;119.52000000;822;EXCHANGE_LAST;;1;1;XEUR;10804525;689;
27.11.2024;10:21:23.224;FGBM SI 20241206 PS;SIMPLE_INSTRUMENT;EFP_FIN;EUR;19;119.33000000;73;EXCHANGE_LAST;;1;1;XEUR;10804525;689;
27.11.2024;10:23:08.591;FGBM SI 20241206 PS;SIMPLE_INSTRUMENT;EFS;EUR;20;119.49000000;433;EXCHANGE_LAST;;1;1;XEUR;10804525;689;
27.11.2024;10:25:24.093;FGBM SI 20241206 PS;SIMPLE_INSTRUMENT;EFP_FIN;EUR;21;119.51000000;158;EXCHANGE_LAST;;1;1;XEUR;10804525;689;
27.11.2024;10:30:25.296;FGBM SI 20241206 PS;SIMPLE_INSTRUMENT;EFP_FIN;EUR;22;119.48000000;388;EXCHANGE_LAST;;1;1;XEUR;10804525;689;
27.11.2024;10:35:46.412;FGBM SI 20241206 PS;SIMPLE_INSTRUMENT;EFP_FIN;EUR;23;119.48000000;388;EXCHANGE_LAST;;1;1;XEUR;10804525;689;
27.11.2024;10:37:12.278;FGBM SI 20241206 PS;SIMPLE_INSTRUMENT;EFS;EUR;24;119.43000000;1731;EXCHANGE_LAST;;1;1;XEUR;10804525;689;
27.11.2024;10:39:45.525;FGBM SI 20241206 PS;SIMPLE_INSTRUMENT;EFS;EUR;25;119.43000000;866;EXCHANGE_LAST;;1;1;XEUR;10804525;689;
27.11.2024;10:41:12.830;FGBM SI 20241206 PS;SIMPLE_INSTRUMENT;EFS;EUR;26;119.43000000;649;EXCHANGE_LAST;;1;1;XEUR;10804525;689;
27.11.2024;10:42:02.206;FGBM SI 20241206 PS;SIMPLE_INSTRUMENT;EFS;EUR;27;119.47000000;1763;EXCHANGE_LAST;;1;1;XEUR;10804525;689;
27.11.2024;10:43:01.988;FGBM SI 20250306 PS;SIMPLE_INSTRUMENT;EFS;EUR;28;118.75000000;1862;EXCHANGE_LAST;;1;1;XEUR;11286680;689;
27.11.2024;10:44:35.454;FGBM SI 20241206 PS;SIMPLE_INSTRUMENT;EFS;EUR;29;119.44000000;433;EXCHANGE_LAST;;1;1;XEUR;10804525;689;
27.11.2024;10:46:49.222;FGBM SI 20241206 PS;SIMPLE_INSTRUMENT;EFP_FIN;EUR;30;119.45000000;643;EXCHANGE_LAST;;1;1;XEUR;10804525;689;
27.11.2024;10:47:46.337;FGBM SI 20241206 PS;SIMPLE_INSTRUMENT;EFS;EUR;31;119.46000000;822;EXCHANGE_LAST;;1;1;XEUR;10804525;689;
27.11.2024;10:52:19.213;FGBM SI 20241206 PS;SIMPLE_INSTRUMENT;EFS;EUR;32;119.45000000;440;EXCHANGE_LAST;;1;1;XEUR;10804525;689;
27.11.2024;10:54:06.882;FGBM SI 20241206 PS;SIMPLE_INSTRUMENT;EFS;EUR;33;119.45000000;433;EXCHANGE_LAST;;1;1;XEUR;10804525;689;
27.11.2024;10:56:00.461;FGBM SI 20241206 PS;SIMPLE_INSTRUMENT;EFP_FIN;EUR;34;119.45000000;222;EXCHANGE_LAST;;1;1;XEUR;10804525;689;
27.11.2024;10:57:20.291;FGBM SI 20241206 PS;SIMPLE_INSTRUMENT;EFP_FIN;EUR;35;119.43000000;78;EXCHANGE_LAST;;1;1;XEUR;10804525;689;
27.11.2024;10:57:20.291;FGBM SI 20241206 PS;SIMPLE_INSTRUMENT;EFP_FIN;EUR;36;119.43000000;196;EXCHANGE_LAST;;1;1;XEUR;10804525;689;
27.11.2024;10:58:58.039;FGBM SI 20241206 PS;SIMPLE_INSTRUMENT;BLOCK;EUR;37;119.46000000;7464;EXCHANGE_LAST;;1;1;XEUR;10804525;689;
27.11.2024;10:59:06.541;FGBM SI 20250306 PS;SIMPLE_INSTRUMENT;BLOCK;EUR;38;118.74000000;3758;EXCHANGE_LAST;;1;1;XEUR;11286680;689;
27.11.2024;10:59:14.099;FGBM SI 20250306 PS;SIMPLE_INSTRUMENT;BLOCK;EUR;39;118.73000000;3757;EXCHANGE_LAST;;1;1;XEUR;11286680;689;
27.11.2024;11:01:33.598;FGBM SI 20250306 PS;SIMPLE_INSTRUMENT;EFS;EUR;40;118.74000000;731;EXCHANGE_LAST;;1;1;XEUR;11286680;689;
27.11.2024;11:05:36.046;FGBM SI 20241206 PS;SIMPLE_INSTRUMENT;EFS;EUR;41;119.44000000;462;EXCHANGE_LAST;;1;1;XEUR;10804525;689;
27.11.2024;11:07:37.760;FGBM SI 20241206 PS;SIMPLE_INSTRUMENT;EFS;EUR;42;119.42000000;462;EXCHANGE_LAST;;1;1;XEUR;10804525;689;
27.11.2024;11:18:04.550;FGBM SI 20241206 PS;SIMPLE_INSTRUMENT;EFS;EUR;43;119.45000000;923;EXCHANGE_LAST;;1;1;XEUR;10804525;689;
27.11.2024;11:18:29.765;FGBM SI 20241206 PS;SIMPLE_INSTRUMENT;EFS;EUR;44;119.40000000;433;EXCHANGE_LAST;;1;1;XEUR;10804525;689;
27.11.2024;11:24:05.707;FGBM SI 20241206 PS;SIMPLE_INSTRUMENT;EFS;EUR;45;119.44000000;1285;EXCHANGE_LAST;;1;1;XEUR;10804525;689;
27.11.2024;11:25:01.284;FGBM SI 20250306 PS;SIMPLE_INSTRUMENT;EFS;EUR;46;118.73000000;1365;EXCHANGE_LAST;;1;1;XEUR;11286680;689;
27.11.2024;11:27:16.798;FGBM SI 20241206 PS;SIMPLE_INSTRUMENT;EFP_FIN;EUR;47;119.43000000;700;EXCHANGE_LAST;;1;1;XEUR;10804525;689;
27.11.2024;11:32:22.128;FGBM SI 20241206 PS;SIMPLE_INSTRUMENT;EFS;EUR;48;119.37000000;1848;EXCHANGE_LAST;;1;1;XEUR;10804525;689;
27.11.2024;11:33:50.817;FGBM SI 20241206 PS;SIMPLE_INSTRUMENT;EFS;EUR;49;119.45000000;527;EXCHANGE_LAST;;1;1;XEUR;10804525;689;
27.11.2024;11:33:45.188;FGBM SI 20241206 PS;SIMPLE_INSTRUMENT;EFP_FIN;EUR;50;119.42000000;198;EXCHANGE_LAST;;1;1;XEUR;10804525;689;
27.11.2024;11:39:25.983;FGBM SI 20241206 PS;SIMPLE_INSTRUMENT;EFP_FIN;EUR;51;119.47000000;222;EXCHANGE_LAST;;1;1;XEUR;10804525;689;
27.11.2024;11:41:11.077;FGBM SI 20241206 PS;SIMPLE_INSTRUMENT;EFS;EUR;52;119.38000000;350;EXCHANGE_LAST;;1;1;XEUR;10804525;689;
27.11.2024;11:42:14.525;FGBM SI 20250306 PS;SIMPLE_INSTRUMENT;EFP_FIN;EUR;53;118.65000000;431;EXCHANGE_LAST;;1;1;XEUR;11286680;689;
27.11.2024;11:43:01.606;FGBM SI 20241206 PS;SIMPLE_INSTRUMENT;EFS;EUR;54;119.41000000;433;EXCHANGE_LAST;;1;1;XEUR;10804525;689;
27.11.2024;11:49:06.396;FGBM SI 20241206 PS;SIMPLE_INSTRUMENT;EFS;EUR;55;119.41000000;433;EXCHANGE_LAST;;1;1;XEUR;10804525;689;
27.11.2024;11:46:41.876;FGBM SI 20241206 PS;SIMPLE_INSTRUMENT;EFS;EUR;56;119.41000000;924;EXCHANGE_LAST;;1;1;XEUR;10804525;689;
27.11.2024;11:50:21.602;FGBM SI 20241206 PS;SIMPLE_INSTRUMENT;EFS;EUR;57;119.41000000;924;EXCHANGE_LAST;;1;1;XEUR;10804525;689;
27.11.2024;12:10:42.293;FGBM SI 20241206 PS;SIMPLE_INSTRUMENT;EFS;EUR;58;119.35000000;866;EXCHANGE_LAST;;1;1;XEUR;10804525;689;
27.11.2024;12:12:45.256;FGBM SI 20241206 PS;SIMPLE_INSTRUMENT;EFS;EUR;59;119.37000000;1386;EXCHANGE_LAST;;1;1;XEUR;10804525;689;
27.11.2024;12:13:22.370;FGBM SI 20241206 PS;SIMPLE_INSTRUMENT;EFS;EUR;60;119.38000000;866;EXCHANGE_LAST;;1;1;XEUR;10804525;689;
27.11.2024;12:16:36.559;FGBM SI 20241206 PS;SIMPLE_INSTRUMENT;EFS;EUR;61;119.38000000;866;EXCHANGE_LAST;;1;1;XEUR;10804525;689;
27.11.2024;12:19:32.072;FGBM SI 20241206 PS;SIMPLE_INSTRUMENT;EFS;EUR;62;119.37000000;1848;EXCHANGE_LAST;;1;1;XEUR;10804525;689;
27.11.2024;12:20:45.936;FGBM SI 20241206 PS;SIMPLE_INSTRUMENT;EFS;EUR;63;119.40000000;433;EXCHANGE_LAST;;1;1;XEUR;10804525;689;
27.11.2024;12:20:45.981;FGBM SI 20241206 PS;SIMPLE_INSTRUMENT;EFS;EUR;64;119.40000000;433;EXCHANGE_LAST;;1;1;XEUR;10804525;689;
27.11.2024;12:27:53.969;FGBM SI 20241206 PS;SIMPLE_INSTRUMENT;EFP_FIN;EUR;65;119.37000000;1378;EXCHANGE_LAST;;1;1;XEUR;10804525;689;
27.11.2024;12:35:48.911;FGBM SI 20241206 PS;SIMPLE_INSTRUMENT;EFS;EUR;66;119.37000000;1848;EXCHANGE_LAST;;1;1;XEUR;10804525;689;
27.11.2024;12:36:12.020;FGBM SI 20241206 PS;SIMPLE_INSTRUMENT;EFS;EUR;67;119.42000000;866;EXCHANGE_LAST;;1;1;XEUR;10804525;689;
27.11.2024;12:36:48.549;FGBM SI 20241206 PS;SIMPLE_INSTRUMENT;EFP_FIN;EUR;68;119.39000000;1915;EXCHANGE_LAST;;1;1;XEUR;10804525;689;
27.11.2024;12:43:26.433;FGBM SI 20241206 PS;SIMPLE_INSTRUMENT;EFP_FIN;EUR;69;119.43000000;67;EXCHANGE_LAST;;1;1;XEUR;10804525;689;
27.11.2024;12:48:43.238;FGBM SI 20241206 PS;SIMPLE_INSTRUMENT;EFS;EUR;70;119.41000000;866;EXCHANGE_LAST;;1;1;XEUR;10804525;689;
27.11.2024;13:03:29.826;FGBM SI 20241206 PS;SIMPLE_INSTRUMENT;EFP_FIN;EUR;71;119.43000000;445;EXCHANGE_LAST;;1;1;XEUR;10804525;689;
27.11.2024;13:07:39.952;FGBM SI 20241206 PS;SIMPLE_INSTRUMENT;EFP_FIN;EUR;72;119.42000000;1526;EXCHANGE_LAST;;1;1;XEUR;10804525;689;
27.11.2024;13:11:07.381;FGBM SI 20241206 PS;SIMPLE_INSTRUMENT;EFP_FIN;EUR;73;119.41000000;188;EXCHANGE_LAST;;1;1;XEUR;10804525;689;
27.11.2024;13:15:58.112;FGBM SI 20241206 PS;SIMPLE_INSTRUMENT;EFP_FIN;EUR;74;119.42000000;551;EXCHANGE_LAST;;1;1;XEUR;10804525;689;
27.11.2024;13:18:07.576;FGBM SI 20241206 PS;SIMPLE_INSTRUMENT;EFP_FIN;EUR;75;119.41000000;1284;EXCHANGE_LAST;;1;1;XEUR;10804525;689;
27.11.2024;13:20:32.221;FGBM SI 20241206 PS;SIMPLE_INSTRUMENT;EFP_FIN;EUR;76;119.38000000;160;EXCHANGE_LAST;;1;1;XEUR;10804525;689;
27.11.2024;13:21:58.704;FGBM SI 20241206 PS;SIMPLE_INSTRUMENT;EFS;EUR;77;119.38000000;1386;EXCHANGE_LAST;;1;1;XEUR;10804525;689;
27.11.2024;13:26:08.269;FGBM SI 20241206 PS;SIMPLE_INSTRUMENT;EFP_FIN;EUR;78;119.42000000;382;EXCHANGE_LAST;;1;1;XEUR;10804525;689;
27.11.2024;13:26:45.119;FGBM SI 20241206 PS;SIMPLE_INSTRUMENT;EFP_FIN;EUR;79;119.40000000;257;EXCHANGE_LAST;;1;1;XEUR;10804525;689;
27.11.2024;13:30:43.979;FGBM SI 20241206 PS;SIMPLE_INSTRUMENT;EFP_FIN;EUR;80;119.41000000;445;EXCHANGE_LAST;;1;1;XEUR;10804525;689;
27.11.2024;13:34:38.710;FGBM SI 20241206 PS;SIMPLE_INSTRUMENT;EFS;EUR;81;119.39000000;1848;EXCHANGE_LAST;;1;1;XEUR;10804525;689;
27.11.2024;13:36:04.714;FGBM SI 20250306 PS;SIMPLE_INSTRUMENT;EFS;EUR;82;118.65000000;1952;EXCHANGE_LAST;;1;1;XEUR;11286680;689;
27.11.2024;13:46:45.108;FGBM SI 20241206 PS;SIMPLE_INSTRUMENT;EFP_FIN;EUR;83;119.38000000;221;EXCHANGE_LAST;;1;1;XEUR;10804525;689;
27.11.2024;13:55:22.716;FGBM SI 20241206 PS;SIMPLE_INSTRUMENT;EFP_FIN;EUR;84;119.37000000;116;EXCHANGE_LAST;;1;1;XEUR;10804525;689;
27.11.2024;13:58:33.506;FGBM SI 20241206 PS;SIMPLE_INSTRUMENT;EFS;EUR;85;119.36000000;1055;EXCHANGE_LAST;;1;1;XEUR;10804525;689;
27.11.2024;14:05:56.379;FGBM SI 20241206 PS;SIMPLE_INSTRUMENT;EFP_FIN;EUR;86;119.37000000;244;EXCHANGE_LAST;;1;1;XEUR;10804525;689;
27.11.2024;14:10:51.014;FGBM SI 20241206 PS;SIMPLE_INSTRUMENT;EFS;EUR;87;119.40000000;866;EXCHANGE_LAST;;1;1;XEUR;10804525;689;
27.11.2024;14:22:06.991;FGBM SI 20241206 PS;SIMPLE_INSTRUMENT;EFP_FIN;EUR;89;119.39000000;735;EXCHANGE_LAST;;1;1;XEUR;10804525;689;
27.11.2024;14:26:57.954;FGBM SI 20241206 PS;SIMPLE_INSTRUMENT;EFP_FIN;EUR;90;119.39000000;726;EXCHANGE_LAST;;1;1;XEUR;10804525;689;
27.11.2024;14:44:02.852;FGBM SI 20241206 PS;SIMPLE_INSTRUMENT;EFS;EUR;91;119.39000000;354;EXCHANGE_LAST;;1;1;XEUR;10804525;689;
27.11.2024;14:48:36.196;FGBM SI 20241206 PS;SIMPLE_INSTRUMENT;EFS;EUR;92;119.40000000;433;EXCHANGE_LAST;;1;1;XEUR;10804525;689;
27.11.2024;15:07:11.577;FGBM SI 20241206 PS;SIMPLE_INSTRUMENT;EFS;EUR;93;119.35000000;433;EXCHANGE_LAST;;1;1;XEUR;10804525;689;
27.11.2024;15:17:17.000;FGBM SI 20250306 PS;SIMPLE_INSTRUMENT;EFS;EUR;94;118.68000000;780;EXCHANGE_LAST;;1;1;XEUR;11286680;689;
27.11.2024;15:19:31.451;FGBM SI 20241206 PS;SIMPLE_INSTRUMENT;EFS;EUR;95;119.31000000;823;EXCHANGE_LAST;;1;1;XEUR;10804525;689;
27.11.2024;15:21:47.477;FGBM SI 20241206 PS;SIMPLE_INSTRUMENT;EFP_FIN;EUR;96;119.39000000;364;EXCHANGE_LAST;;1;1;XEUR;10804525;689;
27.11.2024;15:27:18.362;FGBM SI 20241206 PS;SIMPLE_INSTRUMENT;EFS;EUR;97;119.31000000;1925;EXCHANGE_LAST;;1;1;XEUR;10804525;689;
27.11.2024;15:32:41.355;FGBM SI 20241206 PS;SIMPLE_INSTRUMENT;EFP_FIN;EUR;98;119.35000000;644;EXCHANGE_LAST;;1;1;XEUR;10804525;689;
27.11.2024;15:32:52.345;FGBM SI 20241206 PS;SIMPLE_INSTRUMENT;EFP_FIN;EUR;99;119.37000000;459;EXCHANGE_LAST;;1;1;XEUR;10804525;689;
27.11.2024;15:36:22.459;FGBM SI 20241206 PS;SIMPLE_INSTRUMENT;EFS;EUR;100;119.31000000;433;EXCHANGE_LAST;;1;1;XEUR;10804525;689;
27.11.2024;15:36:24.262;FGBM SI 20241206 PS;SIMPLE_INSTRUMENT;EFS;EUR;101;119.33000000;867;EXCHANGE_LAST;;1;1;XEUR;10804525;689;
27.11.2024;15:41:04.587;FGBM SI 20241206 PS;SIMPLE_INSTRUMENT;EFS;EUR;103;119.29000000;433;EXCHANGE_LAST;;1;1;XEUR;10804525;689;
27.11.2024;15:41:44.994;FGBM SI 20241206 PS;SIMPLE_INSTRUMENT;EFS;EUR;104;119.32000000;347;EXCHANGE_LAST;;1;1;XEUR;10804525;689;
27.11.2024;15:44:03.708;FGBM SI 20241206 PS;SIMPLE_INSTRUMENT;EFS;EUR;105;119.30000000;433;EXCHANGE_LAST;;1;1;XEUR;10804525;689;
27.11.2024;15:51:16.823;FGBM SI 20241206 PS;SIMPLE_INSTRUMENT;EFS;EUR;106;119.32000000;956;EXCHANGE_LAST;;1;1;XEUR;10804525;689;
27.11.2024;15:59:51.109;FGBM SI 20241206 PS;SIMPLE_INSTRUMENT;EFS;EUR;107;119.36000000;866;EXCHANGE_LAST;;1;1;XEUR;10804525;689;
27.11.2024;16:19:43.944;FGBM SI 20241206 PS;SIMPLE_INSTRUMENT;EFS;EUR;108;119.39000000;433;EXCHANGE_LAST;;1;1;XEUR;10804525;689;
27.11.2024;16:22:39.925;FGBM SI 20241206 PS;SIMPLE_INSTRUMENT;EFS;EUR;109;119.36000000;433;EXCHANGE_LAST;;1;1;XEUR;10804525;689;
27.11.2024;16:24:19.026;FGBM SI 20241206 PS;SIMPLE_INSTRUMENT;EFS;EUR;110;119.40000000;1847;EXCHANGE_LAST;;1;1;XEUR;10804525;689;
27.11.2024;16:25:18.827;FGBM SI 20250306 PS;SIMPLE_INSTRUMENT;EFS;EUR;111;118.68000000;1951;EXCHANGE_LAST;;1;1;XEUR;11286680;689;
27.11.2024;16:25:33.169;FGBM SI 20241206 PS;SIMPLE_INSTRUMENT;EFS;EUR;112;119.39000000;260;EXCHANGE_LAST;;1;1;XEUR;10804525;689;
27.11.2024;16:27:39.948;FGBM SI 20241206 PS;SIMPLE_INSTRUMENT;EFS;EUR;113;119.39000000;173;EXCHANGE_LAST;;1;1;XEUR;10804525;689;
27.11.2024;16:35:43.956;FGBM SI 20241206 PS;SIMPLE_INSTRUMENT;EFS;EUR;114;119.37000000;1848;EXCHANGE_LAST;;1;1;XEUR;10804525;689;
27.11.2024;16:38:26.965;FGBM SI 20250306 PS;SIMPLE_INSTRUMENT;EFS;EUR;115;118.66000000;1952;EXCHANGE_LAST;;1;1;XEUR;11286680;689;
27.11.2024;16:38:49.496;FGBM SI 20241206 PS;SIMPLE_INSTRUMENT;EFS;EUR;116;119.40000000;500;EXCHANGE_LAST;;1;1;XEUR;10804525;689;
27.11.2024;16:43:19.593;FGBM SI 20241206 PS;SIMPLE_INSTRUMENT;EFP_FIN;EUR;117;119.37000000;414;EXCHANGE_LAST;;1;1;XEUR;10804525;689;
27.11.2024;16:45:24.589;FGBM SI 20241206 PS;SIMPLE_INSTRUMENT;EFS;EUR;118;119.43000000;433;EXCHANGE_LAST;;1;1;XEUR;10804525;689;
27.11.2024;16:59:09.082;FGBM SI 20241206 PS;SIMPLE_INSTRUMENT;EFS;EUR;119;119.44000000;462;EXCHANGE_LAST;;1;1;XEUR;10804525;689;
27.11.2024;17:01:26.469;FGBM SI 20241206 PS;SIMPLE_INSTRUMENT;EFP_FIN;EUR;120;119.38000000;210;EXCHANGE_LAST;;1;1;XEUR;10804525;689;
27.11.2024;07:55:23.299;FGBS SI 20250306 PS;SIMPLE_INSTRUMENT;EFS;EUR;1;107.27000000;2721;EXCHANGE_LAST;;1;1;XEUR;11286681;690;
27.11.2024;08:00:32.020;FGBS SI 20241206 PS;SIMPLE_INSTRUMENT;EFS;EUR;2;107.02000000;1627;EXCHANGE_LAST;;1;1;XEUR;10804527;690;
27.11.2024;08:09:02.866;FGBS SI 20241206 PS;SIMPLE_INSTRUMENT;EFS;EUR;3;107.03000000;8132;EXCHANGE_LAST;;1;1;XEUR;10804527;690;
27.11.2024;08:15:32.419;FGBS SI 20241206 PS;SIMPLE_INSTRUMENT;EFS;EUR;4;107.02000000;1422;EXCHANGE_LAST;;1;1;XEUR;10804527;690;
27.11.2024;08:16:12.267;FGBS SI 20241206 PS;SIMPLE_INSTRUMENT;EFS;EUR;5;107.03500000;2168;EXCHANGE_LAST;;1;1;XEUR;10804527;690;
27.11.2024;08:18:31.773;FGBS SI 20241206 PS;SIMPLE_INSTRUMENT;EFS;EUR;6;107.03000000;1084;EXCHANGE_LAST;;1;1;XEUR;10804527;690;
27.11.2024;08:19:14.258;FGBS SI 20241206 PS;SIMPLE_INSTRUMENT;EFS;EUR;7;107.04000000;3618;EXCHANGE_LAST;;1;1;XEUR;10804527;690;
27.11.2024;08:31:16.485;FGBS SI 20241206 PS;SIMPLE_INSTRUMENT;EFS;EUR;8;107.03000000;1289;EXCHANGE_LAST;;1;1;XEUR;10804527;690;
27.11.2024;08:34:34.502;FGBS SI 20241206 PS;SIMPLE_INSTRUMENT;EFS;EUR;9;107.04000000;3611;EXCHANGE_LAST;;1;1;XEUR;10804527;690;
27.11.2024;08:51:58.980;FGBS SI 20241206 PS;SIMPLE_INSTRUMENT;BLOCK;EUR;10;106.93000000;8144;EXCHANGE_LAST;;1;1;XEUR;10804527;690;
27.11.2024;08:53:17.606;FGBS SI 20241206 PS;SIMPLE_INSTRUMENT;EFS;EUR;11;106.95000000;5157;EXCHANGE_LAST;;1;1;XEUR;10804527;690;
27.11.2024;08:58:56.658;FGBS SI 20241206 PS;SIMPLE_INSTRUMENT;EFS;EUR;12;106.94000000;2714;EXCHANGE_LAST;;1;1;XEUR;10804527;690;
27.11.2024;09:09:06.902;FGBS SI 20241206 PS;SIMPLE_INSTRUMENT;EFP_FIN;EUR;13;106.93000000;236;EXCHANGE_LAST;;1;1;XEUR;10804527;690;
27.11.2024;09:10:12.792;FGBS SI 20241206 PS;SIMPLE_INSTRUMENT;EFS;EUR;14;106.93500000;5429;EXCHANGE_LAST;;1;1;XEUR;10804527;690;
27.11.2024;09:11:24.140;FGBS SI 20241206 PS;SIMPLE_INSTRUMENT;EFS;EUR;15;106.92000000;2715;EXCHANGE_LAST;;1;1;XEUR;10804527;690;
