#Date;TrdTime;Contract;ContractType;TrdTyp;Currency;TesId;Prc;Qty;TrdInd;Aggressor;Buy;Sell;Exch;InstrumentId;RelatedProdId;PrcDecomp
12.02.2025;11:18:57.346;A2LV SI 20251219 CS;SIMPLE_INSTRUMENT;BLOCK;EUR;6;15.25000000;25;EXCHANGE_LAST;;1;1;XEUR;3681050;12;
12.02.2025;12:13:01.763;A2SG SI 20251219 CS;SIMPLE_INSTRUMENT;BLOCK;EUR;14;1.44000000;1250;EXCHANGE_LAST;;1;1;XEUR;5914262;14;
12.02.2025;13:29:28.085;A2SG SI 20251219 CS;SIMPLE_INSTRUMENT;BLOCK;EUR;32;1.44000000;500;EXCHANGE_LAST;;1;1;XEUR;5914262;14;
12.02.2025;13:27:07.045;A2XA SI 20261218 CS;SIMPLE_INSTRUMENT;BLOCK;EUR;31;2.40000000;833;EXCHANGE_LAST;;1;1;XEUR;4632093;17;
12.02.2025;13:50:23.641;A2XA SI 20251219 CS;SIMPLE_INSTRUMENT;BLOCK;EUR;35;2.34000000;1041;EXCHANGE_LAST;;1;1;XEUR;3681055;17;
12.02.2025;13:54:17.941;A2XA SI 20251219 CS;SIMPLE_INSTRUMENT;BLOCK;EUR;36;2.39000000;500;EXCHANGE_LAST;;1;1;XEUR;3681055;17;
12.02.2025;14:12:59.983;A2XA SI 20251219 CS;SIMPLE_INSTRUMENT;BLOCK;EUR;80;2.38000000;300;EXCHANGE_LAST;;1;1;XEUR;3681055;17;
12.02.2025;16:04:39.797;A2XA SI 20251219 CS;SIMPLE_INSTRUMENT;BLOCK;EUR;104;2.40000000;1800;EXCHANGE_LAST;;1;1;XEUR;3681055;17;
12.02.2025;08:34:44.704;AAR SI 20250221 PS AM P 16.00 0;SIMPLE_INSTRUMENT;BLOCK;EUR;5;0.02000000;1000;EXCHANGE_LAST;;1;1;XEUR;12264617;48150;
12.02.2025;09:34:31.372;ABBN SI 20250620 PS AM P 46.00 0;SIMPLE_INSTRUMENT;BLOCK;CHF;7;1.21000000;1500;EXCHANGE_LAST;;1;1;XEUR;11409722;574517;
12.02.2025;12:53:36.798;ABBN SI 20250221 PS AM P 49.50 0;SIMPLE_INSTRUMENT;BLOCK;CHF;32;0.39000000;1687;EXCHANGE_LAST;;1;1;XEUR;12279680;574517;
12.02.2025;15:23:43.748;ADEN SI 20251219 PS AM P 18.00 0;SIMPLE_INSTRUMENT;BLOCK;CHF;45;1.18000000;750;EXCHANGE_LAST;;1;1;XEUR;8107751;44;
12.02.2025;10:57:49.302;ADS SI 20250221 PS AM C 260.00 0;SIMPLE_INSTRUMENT;BLOCK;EUR;2;3.60000000;500;EXCHANGE_LAST;;1;2;XEUR;12237411;50;
12.02.2025;11:46:58.838;ADS SI 20250321 PS AM C 250.00 0;SIMPLE_INSTRUMENT;BLOCK;EUR;7;14.60000000;250;EXCHANGE_LAST;;1;1;XEUR;12330809;50;
12.02.2025;12:11:48.812;ADS SI 20271217 PS AM P 120.00 0;SIMPLE_INSTRUMENT;BLOCK;EUR;8;4.35000000;250;EXCHANGE_LAST;;1;1;XEUR;8771690;50;
12.02.2025;16:30:48.676;ADS SI 20250221 PS AM P 250.00 0;SIMPLE_INSTRUMENT;BLOCK;EUR;15;1.20000000;250;EXCHANGE_LAST;;1;1;XEUR;12237436;50;
12.02.2025;16:36:27.905;ADS SI 20250620 PS AM P 250.00 0;SIMPLE_INSTRUMENT;BLOCK;EUR;17;12.40000000;1000;EXCHANGE_LAST;;1;2;XEUR;12330808;50;
12.02.2025;09:33:10.849;AIR SI 20250321 PS AM P 160.00 0;SIMPLE_INSTRUMENT;BLOCK;EUR;14;1.20000000;650;EXCHANGE_LAST;;1;1;XEUR;11291027;64;
12.02.2025;08:09:52.572;AKU SI 20250321 PS AM C 62.00 0;SIMPLE_INSTRUMENT;BLOCK;EUR;2;0.52000000;1579;EXCHANGE_LAST;;1;1;XEUR;12431646;78;
12.02.2025;13:37:34.728;AOM SI 20250321 PS AM P 18.00 0;SIMPLE_INSTRUMENT;BLOCK;EUR;34;0.14000000;1000;EXCHANGE_LAST;;1;1;XEUR;11249132;88;
12.02.2025;14:32:10.450;ASG5.O.250212.RBER.000001;STANDARD_OPTION_STRATEGY;BLOCK;EUR;16;-0.95000000;1000;EXCHANGE_LAST;;1;1;XEUR;72058062189369534;109;
12.02.2025;14:32:10.450;ASG5 SI 20251218 PS AM P 28.00 0;SIMPLE_INSTRUMENT;BLOCK;EUR;16;1.23300000;1000;PRC_DECOMP_EXCHANGE;;;;XEUR;6267905;109;EXCHANGE
12.02.2025;14:32:10.450;ASG5 SI 20251218 PS AM P 14.00 0;SIMPLE_INSTRUMENT;BLOCK;EUR;16;0.14150000;2000;PRC_DECOMP_EXCHANGE;;;;XEUR;5911199;109;EXCHANGE
12.02.2025;12:16:25.992;AXAE.O.250212.CNV.000001;STANDARD_OPTION_STRATEGY;BLOCK;EUR;30;0.81000000;5000;EXCHANGE_LAST;;1;1;XEUR;72058135203809560;126;
12.02.2025;12:16:25.992;AXAE SI 20251219 PS EU P 36.00 0;SIMPLE_INSTRUMENT;BLOCK;EUR;30;2.36000000;5000;PRC_DECOMP_EXCHANGE;;;;XEUR;6271830;126;EXCHANGE
12.02.2025;12:16:25.992;AXAE SI 20251219 PS EU C 36.00 0;SIMPLE_INSTRUMENT;BLOCK;EUR;30;3.17000000;5000;PRC_DECOMP_EXCHANGE;;;;XEUR;6271829;126;EXCHANGE
12.02.2025;16:14:48.371;AXAG SI 20250321 CS;SIMPLE_INSTRUMENT;BLOCK;EUR;110;38.28750000;15000;EXCHANGE_LAST;;2;1;XEUR;10693637;125;
12.02.2025;14:17:06.992;B2NP SI 20261218 CS;SIMPLE_INSTRUMENT;BLOCK;EUR;83;4.85000000;250;EXCHANGE_LAST;;1;1;XEUR;6798320;131;
12.02.2025;14:20:55.805;B2NP SI 20261218 CS;SIMPLE_INSTRUMENT;BLOCK;EUR;84;4.82000000;130;EXCHANGE_LAST;;1;1;XEUR;6798320;131;
12.02.2025;14:21:17.846;B2NP SI 20271217 CS;SIMPLE_INSTRUMENT;BLOCK;EUR;85;4.42000000;260;EXCHANGE_LAST;;1;1;XEUR;7086925;131;
12.02.2025;14:21:38.176;B2NP SI 20281215 CS;SIMPLE_INSTRUMENT;BLOCK;EUR;86;4.02000000;130;EXCHANGE_LAST;;1;1;XEUR;7086921;131;
12.02.2025;11:07:25.631;BAEN.O.250212.STG.000003;STANDARD_OPTION_STRATEGY;BLOCK;CHF;21;7.35000000;875;EXCHANGE_LAST;;1;1;XEUR;72058276937746695;159;
12.02.2025;11:07:25.631;BAEN SI 20251219 PS AM P 56.00 0;SIMPLE_INSTRUMENT;BLOCK;CHF;21;5.00000000;875;PRC_DECOMP_MEMBER;;;;XEUR;12433493;159;MEMBER
12.02.2025;11:07:25.631;BAEN SI 20251219 PS AM C 64.00 0;SIMPLE_INSTRUMENT;BLOCK;CHF;21;2.35000000;875;PRC_DECOMP_MEMBER;;;;XEUR;12433504;159;MEMBER
12.02.2025;09:16:08.831;BARN SI 20250620 PS AM P 1200.00 0;SIMPLE_INSTRUMENT;BLOCK;CHF;5;174.84000000;400;EXCHANGE_LAST;;1;1;XEUR;9539105;149;
12.02.2025;09:16:08.872;BARN SI 20250919 PS AM P 960.00 0;SIMPLE_INSTRUMENT;BLOCK;CHF;6;48.89000000;400;EXCHANGE_LAST;;1;1;XEUR;11872521;149;
12.02.2025;09:39:04.078;BAS SI 20250321 PS AM C 51.00 0;SIMPLE_INSTRUMENT;BLOCK;EUR;1;0.77000000;1500;EXCHANGE_LAST;;1;1;XEUR;12693213;150;
12.02.2025;09:39:18.861;BAS SI 20250321 PS AM C 51.00 0;SIMPLE_INSTRUMENT;BLOCK;EUR;2;0.78000000;1500;EXCHANGE_LAST;;1;1;XEUR;12693213;150;
12.02.2025;09:54:49.470;BAS SI 20250321 PS AM C 48.00 0;SIMPLE_INSTRUMENT;BLOCK;EUR;3;1.70000000;3000;EXCHANGE_LAST;;1;1;XEUR;10831045;150;
12.02.2025;11:28:09.210;BAS SI 20250321 PS AM C 47.00 0;SIMPLE_INSTRUMENT;BLOCK;EUR;4;2.25000000;1800;EXCHANGE_LAST;;1;1;XEUR;12433209;150;
12.02.2025;15:06:37.342;BAS SI 20250417 PS AM C 52.00 0;SIMPLE_INSTRUMENT;BLOCK;EUR;6;0.87000000;500;EXCHANGE_LAST;;1;1;XEUR;12693218;150;
12.02.2025;15:06:41.607;BAS SI 20250417 PS AM C 52.00 0;SIMPLE_INSTRUMENT;BLOCK;EUR;7;0.88000000;500;EXCHANGE_LAST;;1;1;XEUR;12693218;150;
12.02.2025;10:35:54.458;BG1 SI 20250620 PS AM C 96.00 0;SIMPLE_INSTRUMENT;BLOCK;EUR;23;2.25000000;420;EXCHANGE_LAST;;1;1;XEUR;11477967;74940;
12.02.2025;08:44:17.288;BNP SI 20250919 PS AM P 64.00 0;SIMPLE_INSTRUMENT;BLOCK;EUR;3;3.46000000;1000;EXCHANGE_LAST;;1;1;XEUR;11875028;237;
12.02.2025;08:50:14.306;BNP SI 20260619 PS AM C 68.00 0;SIMPLE_INSTRUMENT;BLOCK;EUR;4;6.55000000;514;EXCHANGE_LAST;;1;1;XEUR;11479994;237;
12.02.2025;08:50:14.203;BNP SI 20251219 PS AM C 72.00 0;SIMPLE_INSTRUMENT;BLOCK;EUR;5;3.71000000;700;EXCHANGE_LAST;;1;1;XEUR;6371615;237;
12.02.2025;08:50:15.304;BNP SI 20260619 PS AM C 68.00 0;SIMPLE_INSTRUMENT;BLOCK;EUR;6;6.57000000;511;EXCHANGE_LAST;;1;1;XEUR;11479994;237;
12.02.2025;10:56:44.910;BNP FI 20250331 PS EU C 66.0000 0;FLEXIBLE_INSTRUMENT;BLOCK;EUR;26;5.55000000;2500;EXCHANGE_LAST;;1;1;XEUR;1152922522514107443;237;
12.02.2025;11:01:27.930;BNP FI 20250620 PS EU C 66.0000 0;FLEXIBLE_INSTRUMENT;BLOCK;EUR;27;4.30000000;7500;EXCHANGE_LAST;;1;1;XEUR;1152922522514107444;237;
12.02.2025;11:59:09.334;BNP FI 20250321 PS EU C 69.0000 0;FLEXIBLE_INSTRUMENT;BLOCK;EUR;29;3.09000000;5000;EXCHANGE_LAST;;1;1;XEUR;1152922522514107445;237;
12.02.2025;15:55:41.679;BNP.O.250212.STD.000009;STANDARD_OPTION_STRATEGY;BLOCK;EUR;40;9.24000000;1000;EXCHANGE_LAST;;1;1;XEUR;72058611945199935;237;
12.02.2025;15:55:41.679;BNP SI 20250620 PS AM C 68.00 0;SIMPLE_INSTRUMENT;BLOCK;EUR;40;5.22000000;1000;PRC_DECOMP_EXCHANGE;;;;XEUR;11352721;237;EXCHANGE
12.02.2025;15:55:41.679;BNP SI 20250620 PS AM P 68.00 0;SIMPLE_INSTRUMENT;BLOCK;EUR;40;4.02000000;1000;PRC_DECOMP_EXCHANGE;;;;XEUR;11352705;237;EXCHANGE
12.02.2025;08:22:18.798;BNPE.O.250212.CNV.000001;STANDARD_OPTION_STRATEGY;BLOCK;EUR;2;5.87000000;2500;EXCHANGE_LAST;;1;1;XEUR;73339757739901007;298527;
12.02.2025;08:22:18.798;BNPE SI 20251219 PS EU P 60.00 0;SIMPLE_INSTRUMENT;BLOCK;EUR;2;3.35000000;2500;PRC_DECOMP_EXCHANGE;;;;XEUR;5995749;298527;EXCHANGE
12.02.2025;08:22:18.798;BNPE SI 20251219 PS EU C 60.00 0;SIMPLE_INSTRUMENT;BLOCK;EUR;2;9.22000000;2500;PRC_DECOMP_EXCHANGE;;;;XEUR;5995748;298527;EXCHANGE
12.02.2025;13:37:39.778;BSIF SI 20250321 CS;SIMPLE_INSTRUMENT;BLOCK;EUR;33;114.25360000;345;EXCHANGE_LAST;;1;1;XEUR;10726598;174729;
12.02.2025;13:16:44.554;C4RI SI 20251219 CS;SIMPLE_INSTRUMENT;BLOCK;EUR;27;2.82000000;200;EXCHANGE_LAST;;1;1;XEUR;5914459;50862;
12.02.2025;13:22:35.301;C4RI SI 20251219 CS;SIMPLE_INSTRUMENT;BLOCK;EUR;30;2.82000000;200;EXCHANGE_LAST;;1;1;XEUR;5914459;50862;
12.02.2025;16:08:38.333;C4RI SI 20251219 CS;SIMPLE_INSTRUMENT;BLOCK;EUR;107;2.82000000;250;EXCHANGE_LAST;;1;1;XEUR;5914459;50862;
12.02.2025;16:15:27.601;C4RI SI 20261218 CS;SIMPLE_INSTRUMENT;BLOCK;EUR;109;2.90000000;200;EXCHANGE_LAST;;1;2;XEUR;6821680;50862;
12.02.2025;16:30:35.885;CAR SI 20250417 PS AM C 13.60 0;SIMPLE_INSTRUMENT;BLOCK;EUR;43;0.55000000;5000;EXCHANGE_LAST;;2;1;XEUR;12617312;265;
12.02.2025;16:30:42.532;CAR SI 20250417 PS AM C 13.60 0;SIMPLE_INSTRUMENT;BLOCK;EUR;44;0.56000000;5000;EXCHANGE_LAST;;2;1;XEUR;12617312;265;
12.02.2025;12:16:00.507;CBK SI 20250221 PS AM P 17.00 0;SIMPLE_INSTRUMENT;BLOCK;EUR;11;0.05000000;2000;EXCHANGE_LAST;;1;1;XEUR;12241018;268;
12.02.2025;12:15:37.344;CBK SI 20250221 PS AM P 17.00 0;SIMPLE_INSTRUMENT;BLOCK;EUR;12;0.04000000;2000;EXCHANGE_LAST;;1;1;XEUR;12241018;268;
12.02.2025;09:53:07.245;COF SI 20251219 PS AM P 46.00 0;SIMPLE_INSTRUMENT;BLOCK;EUR;1;2.03000000;744;EXCHANGE_LAST;;1;1;XEUR;12437604;336;
12.02.2025;09:53:09.683;COF SI 20251219 PS AM P 46.00 0;SIMPLE_INSTRUMENT;BLOCK;EUR;2;2.01000000;186;EXCHANGE_LAST;;1;1;XEUR;12437604;336;
12.02.2025;09:56:45.936;COF FI 20251223 PS AM C 55.0000 0;FLEXIBLE_INSTRUMENT;BLOCK;EUR;5;2.40000000;930;EXCHANGE_LAST;;1;1;XEUR;1152922947715860434;336;
12.02.2025;09:57:17.146;COF FI 20251223 PS AM C 70.0000 0;FLEXIBLE_INSTRUMENT;BLOCK;EUR;6;0.20000000;930;EXCHANGE_LAST;;1;1;XEUR;1152922947715860435;336;
12.02.2025;09:57:21.448;COF FI 20251216 PS AM C 55.0000 0;FLEXIBLE_INSTRUMENT;BLOCK;EUR;7;2.35000000;930;EXCHANGE_LAST;;1;1;XEUR;1152922947715860433;336;
12.02.2025;09:57:51.449;COF FI 20251223 PS AM P 46.0000 0;FLEXIBLE_INSTRUMENT;BLOCK;EUR;8;2.00000000;186;EXCHANGE_LAST;;1;1;XEUR;1152922947715860437;336;
12.02.2025;09:57:56.806;COF FI 20251216 PS AM C 70.0000 0;FLEXIBLE_INSTRUMENT;BLOCK;EUR;9;0.18000000;930;EXCHANGE_LAST;;1;1;XEUR;1152922947715860436;336;
12.02.2025;09:58:10.539;COF FI 20251223 PS AM P 46.0000 0;FLEXIBLE_INSTRUMENT;BLOCK;EUR;10;1.97000000;744;EXCHANGE_LAST;;1;1;XEUR;1152922947715860437;336;
12.02.2025;09:58:46.123;COF FI 20251216 PS AM P 46.0000 0;FLEXIBLE_INSTRUMENT;BLOCK;EUR;11;1.94000000;372;EXCHANGE_LAST;;1;1;XEUR;1152922947715860438;336;
12.02.2025;09:59:04.477;COF FI 20251216 PS AM P 46.0000 0;FLEXIBLE_INSTRUMENT;BLOCK;EUR;12;1.95000000;558;EXCHANGE_LAST;;1;1;XEUR;1152922947715860438;336;
12.02.2025;09:59:57.835;COF FI 20251230 PS AM C 55.0000 0;FLEXIBLE_INSTRUMENT;BLOCK;EUR;13;2.40000000;930;EXCHANGE_LAST;;1;1;XEUR;1152922947715860439;336;
12.02.2025;10:00:32.628;COF FI 20251211 PS AM C 55.0000 0;FLEXIBLE_INSTRUMENT;BLOCK;EUR;14;2.35000000;930;EXCHANGE_LAST;;1;1;XEUR;1152922947715860440;336;
12.02.2025;10:00:53.031;COF FI 20251230 PS AM C 70.0000 0;FLEXIBLE_INSTRUMENT;BLOCK;EUR;15;0.19000000;930;EXCHANGE_LAST;;1;1;XEUR;1152922947715860442;336;
12.02.2025;10:01:15.742;COF FI 20251211 PS AM C 70.0000 0;FLEXIBLE_INSTRUMENT;BLOCK;EUR;16;0.18000000;930;EXCHANGE_LAST;;1;1;XEUR;1152922947715860441;336;
12.02.2025;10:01:22.227;COF FI 20251230 PS AM P 46.0000 0;FLEXIBLE_INSTRUMENT;BLOCK;EUR;17;2.00000000;279;EXCHANGE_LAST;;1;1;XEUR;1152922947715860443;336;
12.02.2025;10:01:51.269;COF FI 20251230 PS AM P 46.0000 0;FLEXIBLE_INSTRUMENT;BLOCK;EUR;18;1.98000000;651;EXCHANGE_LAST;;1;1;XEUR;1152922947715860443;336;
12.02.2025;10:02:28.152;COF FI 20251211 PS AM P 46.0000 0;FLEXIBLE_INSTRUMENT;BLOCK;EUR;19;1.94000000;372;EXCHANGE_LAST;;1;1;XEUR;1152922947715860444;336;
12.02.2025;10:02:41.785;COF FI 20251211 PS AM P 46.0000 0;FLEXIBLE_INSTRUMENT;BLOCK;EUR;20;1.95000000;558;EXCHANGE_LAST;;1;1;XEUR;1152922947715860444;336;
12.02.2025;10:02:43.199;COF FI 20251219 PS AM C 55.0000 0;FLEXIBLE_INSTRUMENT;BLOCK;EUR;21;2.40000000;930;EXCHANGE_LAST;;1;1;XEUR;1152922947715860445;336;
12.02.2025;10:03:18.325;COF FI 20251219 PS AM C 70.0000 0;FLEXIBLE_INSTRUMENT;BLOCK;EUR;22;0.15000000;930;EXCHANGE_LAST;;1;1;XEUR;1152922947715860446;336;
12.02.2025;15:43:25.856;CRI5.O.250212.STD.000006;STANDARD_OPTION_STRATEGY;BLOCK;EUR;17;12.45000000;750;EXCHANGE_LAST;;1;1;XEUR;72058968427474725;320;
12.02.2025;15:43:25.856;CRI5 SI 20260618 PS AM C 46.00 0;SIMPLE_INSTRUMENT;BLOCK;EUR;17;5.66000000;750;PRC_DECOMP_EXCHANGE;;;;XEUR;12762047;320;EXCHANGE
12.02.2025;15:43:25.856;CRI5 SI 20260618 PS AM P 46.00 0;SIMPLE_INSTRUMENT;BLOCK;EUR;17;6.79000000;750;PRC_DECOMP_EXCHANGE;;;;XEUR;12762059;320;EXCHANGE
12.02.2025;12:54:53.542;D2TE SI 20251219 CS;SIMPLE_INSTRUMENT;BLOCK;EUR;25;0.89200000;500;EXCHANGE_LAST;;1;1;XEUR;5914522;359;
12.02.2025;12:55:13.398;D2TE SI 20251219 CS;SIMPLE_INSTRUMENT;BLOCK;EUR;26;0.89300000;500;EXCHANGE_LAST;;1;1;XEUR;5914522;359;
12.02.2025;15:23:25.985;D2TE SI 20251219 CS;SIMPLE_INSTRUMENT;BLOCK;EUR;94;0.90400000;250;EXCHANGE_LAST;;1;1;XEUR;5914522;359;
12.02.2025;15:24:11.414;D2TE SI 20251219 CS;SIMPLE_INSTRUMENT;BLOCK;EUR;95;0.90400000;250;EXCHANGE_LAST;;1;1;XEUR;5914522;359;
12.02.2025;16:16:51.875;D2TE SI 20281215 CS;SIMPLE_INSTRUMENT;BLOCK;EUR;111;1.08000000;100;EXCHANGE_LAST;;1;1;XEUR;9917975;359;
12.02.2025;10:48:28.193;D3AI SI 20251219 CS;SIMPLE_INSTRUMENT;BLOCK;EUR;4;4.24000000;300;EXCHANGE_LAST;;2;1;XEUR;7144062;443197;
12.02.2025;10:29:06.093;DAE SI 20251219 PS AM C 150.00 0;SIMPLE_INSTRUMENT;BLOCK;CHF;18;8.20000000;600;EXCHANGE_LAST;;1;1;XEUR;12479952;174742;
12.02.2025;08:50:52.109;DAI SI 20261218 PS AM P 48.00 0;SIMPLE_INSTRUMENT;BLOCK;EUR;1;5.24000000;2000;EXCHANGE_LAST;;1;1;XEUR;7190105;443196;
12.02.2025;08:50:52.034;DAI SI 20261218 PS AM P 54.00 0;SIMPLE_INSTRUMENT;BLOCK;EUR;2;7.87000000;1600;EXCHANGE_LAST;;1;1;XEUR;7362234;443196;
12.02.2025;09:29:57.265;DAI SI 20250221 PS AM C 58.00 0;SIMPLE_INSTRUMENT;BLOCK;EUR;3;1.57000000;33900;EXCHANGE_LAST;;1;1;XEUR;12277882;443196;
12.02.2025;09:30:02.753;DAI SI 20250321 PS AM C 60.00 0;SIMPLE_INSTRUMENT;BLOCK;EUR;4;1.61000000;47460;EXCHANGE_LAST;;1;1;XEUR;10884520;443196;
12.02.2025;12:30:38.829;DAI SI 20250620 PS AM P 52.00 0;SIMPLE_INSTRUMENT;BLOCK;EUR;11;2.32000000;750;EXCHANGE_LAST;;1;1;XEUR;7934288;443196;
12.02.2025;14:39:47.945;DAI.O.250212.STG.000008;STANDARD_OPTION_STRATEGY;BLOCK;EUR;16;4.70000000;1000;EXCHANGE_LAST;;1;1;XEUR;73961106363663946;443196;
12.02.2025;14:39:47.945;DAI SI 20250620 PS AM C 60.00 0;SIMPLE_INSTRUMENT;BLOCK;EUR;16;2.34000000;1000;PRC_DECOMP_EXCHANGE;;;;XEUR;7934293;443196;EXCHANGE
12.02.2025;14:39:47.945;DAI SI 20250620 PS AM P 52.00 0;SIMPLE_INSTRUMENT;BLOCK;EUR;16;2.36000000;1000;PRC_DECOMP_EXCHANGE;;;;XEUR;7934288;443196;EXCHANGE
12.02.2025;14:43:21.105;DHE SI 20250919 PS AM P 28.00 0;SIMPLE_INSTRUMENT;BLOCK;EUR;27;5.40000000;2000;EXCHANGE_LAST;;3;1;XEUR;11910412;57135;
12.02.2025;14:20:10.090;DPW SI 20281215 PS AM P 20.00 0;SIMPLE_INSTRUMENT;BLOCK;EUR;24;1.24000000;1000;EXCHANGE_LAST;;1;1;XEUR;10403050;445;
12.02.2025;14:26:08.732;DPW.O.250212.COMBO.000003;STANDARD_OPTION_STRATEGY;BLOCK;EUR;25;-1.55000000;2500;EXCHANGE_LAST;;1;1;XEUR;72059505298415667;445;
12.02.2025;14:26:08.732;DPW SI 20260619 PS AM C 36.00 0;SIMPLE_INSTRUMENT;BLOCK;EUR;25;3.02000000;2500;PRC_DECOMP_EXCHANGE;;;;XEUR;9545232;445;EXCHANGE
12.02.2025;14:26:08.732;DPW SI 20260619 PS AM P 28.00 0;SIMPLE_INSTRUMENT;BLOCK;EUR;25;1.47000000;2500;PRC_DECOMP_EXCHANGE;;;;XEUR;9545210;445;EXCHANGE
12.02.2025;16:02:07.712;DPW SI 20260619 PS AM C 40.00 0;SIMPLE_INSTRUMENT;BLOCK;EUR;35;1.69000000;1091;EXCHANGE_LAST;;1;1;XEUR;9545242;445;
12.02.2025;14:23:46.284;DTEF SI 20250321 CS;SIMPLE_INSTRUMENT;BLOCK;EUR;87;34.06000000;7000;EXCHANGE_LAST;;1;1;XEUR;10698021;430;
12.02.2025;11:12:49.042;ENR SI 20260619 PS AM P 52.00 0;SIMPLE_INSTRUMENT;BLOCK;EUR;13;9.27000000;400;EXCHANGE_LAST;;1;1;XEUR;11481556;298530;
12.02.2025;11:49:28.644;ENR SI 20250620 PS AM C 18.00 0;SIMPLE_INSTRUMENT;BLOCK;EUR;14;40.83000000;1000;EXCHANGE_LAST;;1;1;XEUR;7930623;298530;
12.02.2025;11:51:30.150;ENR SI 20250417 PS AM C 64.00 0;SIMPLE_INSTRUMENT;BLOCK;EUR;16;3.35000000;2000;EXCHANGE_LAST;;1;1;XEUR;12650607;298530;
12.02.2025;11:58:11.057;ENR.O.250212.STG.000011;STANDARD_OPTION_STRATEGY;BLOCK;EUR;17;3.45000000;2500;EXCHANGE_LAST;;1;2;XEUR;73339770624817914;298530;
12.02.2025;11:58:11.057;ENR SI 20250321 PS AM C 64.00 0;SIMPLE_INSTRUMENT;BLOCK;EUR;17;2.00000000;2500;PRC_DECOMP_EXCHANGE;;;;XEUR;12229450;298530;EXCHANGE
12.02.2025;11:58:11.057;ENR SI 20250321 PS AM P 52.00 0;SIMPLE_INSTRUMENT;BLOCK;EUR;17;1.45000000;2500;PRC_DECOMP_EXCHANGE;;;;XEUR;12024417;298530;EXCHANGE
12.02.2025;13:03:15.011;ENR SI 20260619 PS AM P 40.00 0;SIMPLE_INSTRUMENT;BLOCK;EUR;21;4.51000000;300;EXCHANGE_LAST;;1;1;XEUR;9591178;298530;
12.02.2025;16:01:43.008;ENR SI 20250417 PS AM C 64.00 0;SIMPLE_INSTRUMENT;BLOCK;EUR;34;3.80000000;4800;EXCHANGE_LAST;;1;4;XEUR;12650607;298530;
12.02.2025;08:40:03.108;ENUR SI 20250321 PS AM C 11.50 0;SIMPLE_INSTRUMENT;BLOCK;EUR;6;0.07000000;13800;EXCHANGE_LAST;;1;1;XEUR;12440802;498;
12.02.2025;10:00:45.686;ENUR SI 20250321 PS AM C 11.00 0;SIMPLE_INSTRUMENT;BLOCK;EUR;7;0.09000000;7000;EXCHANGE_LAST;;1;1;XEUR;10838195;498;
12.02.2025;14:20:18.698;EOA SI 20271217 PS AM P 10.00 0;SIMPLE_INSTRUMENT;BLOCK;EUR;14;1.01000000;2500;EXCHANGE_LAST;;1;1;XEUR;8814023;49065;
12.02.2025;10:37:14.690;ESL.O.250212.STG.000001;STANDARD_OPTION_STRATEGY;BLOCK;EUR;18;21.30000000;250;EXCHANGE_LAST;;1;1;XEUR;72059659917207382;481;
12.02.2025;10:37:14.690;ESL SI 20250620 PS AM C 280.00 0;SIMPLE_INSTRUMENT;BLOCK;EUR;18;12.60000000;250;PRC_DECOMP_MEMBER;;;;XEUR;8121159;481;MEMBER
12.02.2025;10:37:14.690;ESL SI 20250620 PS AM P 260.00 0;SIMPLE_INSTRUMENT;BLOCK;EUR;18;8.70000000;250;PRC_DECOMP_MEMBER;;;;XEUR;11358154;481;MEMBER
12.02.2025;12:35:12.018;ESL SI 20251219 PS AM P 200.00 0;SIMPLE_INSTRUMENT;BLOCK;EUR;31;2.68000000;400;EXCHANGE_LAST;;1;1;XEUR;6003013;481;
12.02.2025;13:32:43.338;ESL SI 20250221 PS AM P 265.00 0;SIMPLE_INSTRUMENT;BLOCK;EUR;33;3.82000000;252;EXCHANGE_LAST;;1;1;XEUR;12244210;481;
12.02.2025;14:27:01.609;ESL SI 20250221 PS AM P 265.00 0;SIMPLE_INSTRUMENT;BLOCK;EUR;36;4.10000000;252;EXCHANGE_LAST;;1;1;XEUR;12244210;481;
12.02.2025;12:15:35.718;F3TE SI 20261218 CS;SIMPLE_INSTRUMENT;BLOCK;EUR;12;0.72900000;1500;EXCHANGE_LAST;;1;1;XEUR;6633899;390379;
12.02.2025;12:31:22.682;F3TE SI 20261218 CS;SIMPLE_INSTRUMENT;BLOCK;EUR;15;0.73000000;1000;EXCHANGE_LAST;;1;1;XEUR;6633899;390379;
12.02.2025;12:35:46.029;F3TE SI 20261218 CS;SIMPLE_INSTRUMENT;BLOCK;EUR;20;0.73000000;250;EXCHANGE_LAST;;1;1;XEUR;6633899;390379;
12.02.2025;12:53:06.799;F3TE SI 20281215 CS;SIMPLE_INSTRUMENT;BLOCK;EUR;22;0.63700000;500;EXCHANGE_LAST;;1;1;XEUR;6830366;390379;
12.02.2025;12:52:52.798;F3TE SI 20281215 CS;SIMPLE_INSTRUMENT;BLOCK;EUR;23;0.63800000;500;EXCHANGE_LAST;;1;1;XEUR;6830366;390379;
12.02.2025;17:02:55.603;FATX SI 20250321 CS;SIMPLE_INSTRUMENT;EFP_IDX;EUR;12;3975.00000000;16;EXCHANGE_LAST;;1;1;XEUR;11385582;28699;
12.02.2025;08:31:36.461;FBTP SI 20250306 PS;SIMPLE_INSTRUMENT;EFP_FIN;EUR;1;119.96000000;193;EXCHANGE_LAST;;1;1;XEUR;11286675;636;
12.02.2025;08:45:59.267;FBTP SI 20250306 PS;SIMPLE_INSTRUMENT;EFP_FIN;EUR;2;119.95000000;703;EXCHANGE_LAST;;1;1;XEUR;11286675;636;
12.02.2025;09:05:18.352;FBTP SI 20250306 PS;SIMPLE_INSTRUMENT;EFP_FIN;EUR;3;119.98000000;1746;EXCHANGE_LAST;;1;1;XEUR;11286675;636;
12.02.2025;09:53:16.956;FBTP SI 20250306 PS;SIMPLE_INSTRUMENT;EFP_FIN;EUR;4;120.00000000;448;EXCHANGE_LAST;;1;1;XEUR;11286675;636;
12.02.2025;10:05:13.474;FBTP SI 20250306 PS;SIMPLE_INSTRUMENT;EFP_FIN;EUR;5;120.01000000;583;EXCHANGE_LAST;;1;1;XEUR;11286675;636;
12.02.2025;10:14:00.448;FBTP SI 20250306 PS;SIMPLE_INSTRUMENT;EFP_FIN;EUR;7;119.97000000;716;EXCHANGE_LAST;;1;1;XEUR;11286675;636;
12.02.2025;10:11:16.100;FBTP SI 20250306 PS;SIMPLE_INSTRUMENT;EFP_FIN;EUR;8;119.97000000;358;EXCHANGE_LAST;;1;1;XEUR;11286675;636;
12.02.2025;10:18:15.812;FBTP SI 20250306 PS;SIMPLE_INSTRUMENT;EFP_FIN;EUR;9;119.95000000;895;EXCHANGE_LAST;;1;1;XEUR;11286675;636;
12.02.2025;10:39:07.239;FBTP SI 20250306 PS;SIMPLE_INSTRUMENT;EFP_FIN;EUR;10;119.93000000;195;EXCHANGE_LAST;;1;1;XEUR;11286675;636;
12.02.2025;10:39:45.532;FBTP SI 20250306 PS;SIMPLE_INSTRUMENT;EFP_FIN;EUR;11;119.93000000;494;EXCHANGE_LAST;;1;1;XEUR;11286675;636;
12.02.2025;10:43:47.197;FBTP SI 20250306 PS;SIMPLE_INSTRUMENT;EFP_FIN;EUR;12;119.93000000;209;EXCHANGE_LAST;;1;1;XEUR;11286675;636;
12.02.2025;11:15:13.783;FBTP SI 20250306 PS;SIMPLE_INSTRUMENT;EFP_FIN;EUR;13;119.90000000;391;EXCHANGE_LAST;;1;1;XEUR;11286675;636;
12.02.2025;11:44:02.298;FBTP SI 20250306 PS;SIMPLE_INSTRUMENT;EFP_FIN;EUR;14;119.96000000;2326;EXCHANGE_LAST;;1;1;XEUR;11286675;636;
12.02.2025;12:35:12.344;FBTP SI 20250306 PS;SIMPLE_INSTRUMENT;BLOCK;EUR;15;120.03000000;366;EXCHANGE_LAST;;1;1;XEUR;11286675;636;
12.02.2025;12:55:42.268;FBTP SI 20250306 PS;SIMPLE_INSTRUMENT;BLOCK;EUR;16;120.05000000;1964;EXCHANGE_LAST;;1;1;XEUR;11286675;636;
12.02.2025;13:10:28.408;FBTP SI 20250306 PS;SIMPLE_INSTRUMENT;EFP_FIN;EUR;17;120.09000000;406;EXCHANGE_LAST;;1;1;XEUR;11286675;636;
12.02.2025;14:20:25.575;FBTP SI 20250306 PS;SIMPLE_INSTRUMENT;EFP_FIN;EUR;18;120.08000000;224;EXCHANGE_LAST;;1;1;XEUR;11286675;636;
12.02.2025;14:37:09.779;FBTP SI 20250306 PS;SIMPLE_INSTRUMENT;EFP_FIN;EUR;19;119.71000000;1166;EXCHANGE_LAST;;1;1;XEUR;11286675;636;
12.02.2025;14:46:58.604;FBTP SI 20250306 PS;SIMPLE_INSTRUMENT;EFP_FIN;EUR;20;119.70000000;1083;EXCHANGE_LAST;;1;1;XEUR;11286675;636;
12.02.2025;14:53:14.476;FBTP SI 20250306 PS;SIMPLE_INSTRUMENT;EFP_FIN;EUR;21;119.78000000;141;EXCHANGE_LAST;;1;1;XEUR;11286675;636;
12.02.2025;15:00:00.732;FBTP SI 20250306 PS;SIMPLE_INSTRUMENT;BLOCK;EUR;22;119.72000000;933;EXCHANGE_LAST;;1;1;XEUR;11286675;636;
12.02.2025;15:05:16.659;FBTP SI 20250306 PS;SIMPLE_INSTRUMENT;EFP_FIN;EUR;23;119.77000000;195;EXCHANGE_LAST;;1;1;XEUR;11286675;636;
12.02.2025;15:28:42.228;FBTP SI 20250306 PS;SIMPLE_INSTRUMENT;BLOCK;EUR;24;119.71000000;830;EXCHANGE_LAST;;1;1;XEUR;11286675;636;
12.02.2025;15:35:33.942;FBTP SI 20250306 PS;SIMPLE_INSTRUMENT;EFS;EUR;25;119.69000000;1045;EXCHANGE_LAST;;1;1;XEUR;11286675;636;
12.02.2025;15:46:58.285;FBTP SI 20250306 PS;SIMPLE_INSTRUMENT;EFP_FIN;EUR;27;119.68000000;408;EXCHANGE_LAST;;1;1;XEUR;11286675;636;
12.02.2025;15:54:04.512;FBTP SI 20250306 PS;SIMPLE_INSTRUMENT;EFP_FIN;EUR;28;119.72000000;153;EXCHANGE_LAST;;1;1;XEUR;11286675;636;
12.02.2025;16:25:58.289;FBTP SI 20250306 PS;SIMPLE_INSTRUMENT;EFP_FIN;EUR;29;119.68000000;1234;EXCHANGE_LAST;;1;1;XEUR;11286675;636;
12.02.2025;16:26:34.262;FBTP SI 20250306 PS;SIMPLE_INSTRUMENT;BLOCK;EUR;30;119.70000000;1374;EXCHANGE_LAST;;1;1;XEUR;11286675;636;
12.02.2025;16:36:32.390;FBTP SI 20250306 PS;SIMPLE_INSTRUMENT;EFP_FIN;EUR;31;119.69000000;61;EXCHANGE_LAST;;1;1;XEUR;11286675;636;
12.02.2025;16:37:36.617;FBTP SI 20250306 PS;SIMPLE_INSTRUMENT;EFP_FIN;EUR;32;119.72000000;742;EXCHANGE_LAST;;1;1;XEUR;11286675;636;
12.02.2025;16:41:01.588;FBTP SI 20250306 PS;SIMPLE_INSTRUMENT;EFP_FIN;EUR;33;119.72000000;859;EXCHANGE_LAST;;1;1;XEUR;11286675;636;
12.02.2025;09:20:31.759;FBTS SI 20250306 PS;SIMPLE_INSTRUMENT;EFP_FIN;EUR;2;107.44000000;88;EXCHANGE_LAST;;1;1;XEUR;11286677;639;
12.02.2025;09:49:33.637;FBTS SI 20250306 PS;SIMPLE_INSTRUMENT;EFP_FIN;EUR;3;107.43000000;905;EXCHANGE_LAST;;1;1;XEUR;11286677;639;
12.02.2025;14:54:09.469;FBTS SI 20250306 PS;SIMPLE_INSTRUMENT;EFP_FIN;EUR;25;107.36000000;474;EXCHANGE_LAST;;1;1;XEUR;11286677;639;
12.02.2025;15:06:03.621;FBTS SI 20250306 PS;SIMPLE_INSTRUMENT;BLOCK;EUR;27;107.38000000;1505;EXCHANGE_LAST;;1;1;XEUR;11286677;639;
12.02.2025;15:14:19.366;FBTS SI 20250306 PS;SIMPLE_INSTRUMENT;BLOCK;EUR;29;107.37000000;529;EXCHANGE_LAST;;1;1;XEUR;11286677;639;
12.02.2025;15:21:55.626;FBTS SI 20250306 PS;SIMPLE_INSTRUMENT;BLOCK;EUR;31;107.37000000;575;EXCHANGE_LAST;;1;1;XEUR;11286677;639;
12.02.2025;15:34:23.528;FBTS SI 20250306 PS;SIMPLE_INSTRUMENT;BLOCK;EUR;32;107.37000000;227;EXCHANGE_LAST;;1;1;XEUR;11286677;639;
12.02.2025;15:41:36.893;FBTS SI 20250306 PS;SIMPLE_INSTRUMENT;BLOCK;EUR;33;107.37000000;908;EXCHANGE_LAST;;1;1;XEUR;11286677;639;
12.02.2025;15:44:03.297;FBTS SI 20250306 PS;SIMPLE_INSTRUMENT;BLOCK;EUR;34;107.37000000;575;EXCHANGE_LAST;;1;1;XEUR;11286677;639;
12.02.2025;15:50:03.864;FBTS SI 20250306 PS;SIMPLE_INSTRUMENT;BLOCK;EUR;35;107.37000000;726;EXCHANGE_LAST;;1;1;XEUR;11286677;639;
12.02.2025;16:02:47.228;FBTS SI 20250306 PS;SIMPLE_INSTRUMENT;EFP_FIN;EUR;36;107.37000000;454;EXCHANGE_LAST;;1;1;XEUR;11286677;639;
12.02.2025;16:54:44.848;FBTS SI 20250306 PS;SIMPLE_INSTRUMENT;BLOCK;EUR;38;107.37000000;173;EXCHANGE_LAST;;1;1;XEUR;11286677;639;
12.02.2025;14:26:13.399;FCZU SI 20250317 CS;SIMPLE_INSTRUMENT;BLOCK;USD;1;0.05386000;75;EXCHANGE_LAST;;1;1;XEUR;11329546;570872;
12.02.2025;15:26:17.672;FD3D SI 20251219 CS;SIMPLE_INSTRUMENT;BLOCK;EUR;61;109.20000000;350;EXCHANGE_LAST;;1;1;XEUR;5914068;588;
12.02.2025;15:26:29.235;FD3D SI 20251219 CS;SIMPLE_INSTRUMENT;BLOCK;EUR;62;109.30000000;350;EXCHANGE_LAST;;1;1;XEUR;5914068;588;
12.02.2025;16:44:24.906;FDAX SI 20250321 CS;SIMPLE_INSTRUMENT;EFP_IDX;EUR;1;22233.00000000;43;EXCHANGE_LAST;;1;1;XEUR;7561255;589;
12.02.2025;16:44:33.219;FDAX SI 20250321 CS;SIMPLE_INSTRUMENT;EFP_IDX;EUR;2;22234.00000000;17;EXCHANGE_LAST;;1;1;XEUR;7561255;589;
12.02.2025;16:52:35.330;FDAX SI 20250321 CS;SIMPLE_INSTRUMENT;EFP_IDX;EUR;3;22235.00000000;78;EXCHANGE_LAST;;1;1;XEUR;7561255;589;
12.02.2025;16:52:18.132;FDAX SI 20250321 CS;SIMPLE_INSTRUMENT;EFP_IDX;EUR;4;22236.00000000;2;EXCHANGE_LAST;;1;1;XEUR;7561255;589;
12.02.2025;16:59:38.623;FDAX SI 20250321 CS;SIMPLE_INSTRUMENT;EFP_IDX;EUR;5;22240.00000000;100;EXCHANGE_LAST;;1;1;XEUR;7561255;589;
12.02.2025;17:30:10.328;FDAX SI 20250321 CS;SIMPLE_INSTRUMENT;BLOCK;EUR;6;22250.00000000;250;EXCHANGE_LAST;;1;1;XEUR;7561255;589;
12.02.2025;11:49:25.183;FDAX SI 20250321 CS;SIMPLE_INSTRUMENT;VOLA;EUR;671088645;22183.00000000;14;EXCHANGE_LAST;;1;1;XEUR;7561255;589;
12.02.2025;08:53:39.319;FEBD SI 20271217 CS;SIMPLE_INSTRUMENT;BLOCK;EUR;2;9.49000000;1000;EXCHANGE_LAST;;1;1;XEUR;7776307;597;
12.02.2025;09:00:17.232;FEBD SI 20261218 CS;SIMPLE_INSTRUMENT;BLOCK;EUR;4;10.32000000;385;EXCHANGE_LAST;;1;1;XEUR;7158212;597;
12.02.2025;10:36:15.826;FEBD SI 20251219 CS;SIMPLE_INSTRUMENT;BLOCK;EUR;26;10.92000000;1500;EXCHANGE_LAST;;1;1;XEUR;5914075;597;
12.02.2025;10:36:30.995;FEBD SI 20261218 CS;SIMPLE_INSTRUMENT;BLOCK;EUR;27;10.33000000;1500;EXCHANGE_LAST;;1;1;XEUR;7158212;597;
12.02.2025;10:38:18.310;FEBD SI 20271217 CS;SIMPLE_INSTRUMENT;BLOCK;EUR;29;9.48000000;1829;EXCHANGE_LAST;;1;1;XEUR;7776307;597;
12.02.2025;12:05:04.622;FEBD SI 20271217 CS;SIMPLE_INSTRUMENT;BLOCK;EUR;42;9.45000000;1000;EXCHANGE_LAST;;1;1;XEUR;7776307;597;
12.02.2025;15:36:31.593;FEBD SI 20271217 CS;SIMPLE_INSTRUMENT;BLOCK;EUR;63;9.47000000;2000;EXCHANGE_LAST;;1;1;XEUR;7776307;597;
12.02.2025;16:33:20.887;FEBD SI 20251219 CS;SIMPLE_INSTRUMENT;BLOCK;EUR;68;10.92000000;400;EXCHANGE_LAST;;1;1;XEUR;5914075;597;
12.02.2025;16:34:38.149;FEBD SI 20251219 CS;SIMPLE_INSTRUMENT;BLOCK;EUR;69;10.91000000;550;EXCHANGE_LAST;;1;1;XEUR;5914075;597;
12.02.2025;13:55:29.434;FECX SI 20250321 CS;SIMPLE_INSTRUMENT;BLOCK;EUR;56;166.10000000;954;EXCHANGE_LAST;;1;1;XEUR;11427948;410158;
12.02.2025;16:17:48.165;FES1 SI 20250321 PS;SIMPLE_INSTRUMENT;BLOCK;EUR;67;8.90000000;1200;EXCHANGE_LAST;;1;1;XEUR;11391470;58959;
12.02.2025;11:12:26.221;FESB SI 20250321 CS;SIMPLE_INSTRUMENT;BLOCK;EUR;22;171.85000000;5400;EXCHANGE_LAST;;1;1;XEUR;11359072;605;
12.02.2025;16:14:03.994;FESB SI 20250321 CS;SIMPLE_INSTRUMENT;BLOCK;EUR;26;173.00000000;4950;EXCHANGE_LAST;;1;1;XEUR;11359072;605;
12.02.2025;09:35:16.331;FESB SI 20250321 CS;SIMPLE_INSTRUMENT;VOLA;EUR;603979785;172.00000000;600;EXCHANGE_LAST;;1;1;XEUR;11359072;605;
12.02.2025;14:11:45.727;FESB SI 20250321 CS;SIMPLE_INSTRUMENT;VOLA;EUR;603979819;171.80000000;680;EXCHANGE_LAST;;1;1;XEUR;11359072;605;
12.02.2025;15:04:52.165;FESB SI 20250321 CS;SIMPLE_INSTRUMENT;VOLA;EUR;603979827;171.15000000;120;EXCHANGE_LAST;;1;1;XEUR;11359072;605;
12.02.2025;16:08:38.500;FESB SI 20250321 CS;SIMPLE_INSTRUMENT;VOLA;EUR;603979841;173.70000000;90;EXCHANGE_LAST;;1;1;XEUR;11359072;605;
12.02.2025;16:30:07.738;FESB SI 20250321 CS;SIMPLE_INSTRUMENT;VOLA;EUR;603979848;173.20000000;600;EXCHANGE_LAST;;1;1;XEUR;11359072;605;
12.02.2025;14:04:46.072;FESK SI 20250321 CS;SIMPLE_INSTRUMENT;BLOCK;EUR;2;480.00000000;480;EXCHANGE_LAST;;1;1;XEUR;11399139;285660;
12.02.2025;08:51:55.206;FESX SI 20250321 CS;SIMPLE_INSTRUMENT;BLOCK;EUR;1;5417.00000000;3500;EXCHANGE_LAST;;1;1;XEUR;7793482;675;
12.02.2025;11:44:55.384;FESX SI 20250321 CS;SIMPLE_INSTRUMENT;BLOCK;EUR;3;5401.00000000;2555;EXCHANGE_LAST;;1;1;XEUR;7793482;675;
12.02.2025;12:35:39.503;FESX SI 20250321 CS;SIMPLE_INSTRUMENT;BLOCK;EUR;4;5408.00000000;2000;EXCHANGE_LAST;;1;1;XEUR;7793482;675;
12.02.2025;16:34:21.859;FESX SI 20250321 CS;SIMPLE_INSTRUMENT;BLOCK;EUR;5;5415.00000000;2000;EXCHANGE_LAST;;1;1;XEUR;7793482;675;
12.02.2025;16:44:59.709;FESX SI 20250321 CS;SIMPLE_INSTRUMENT;EFP_IDX;EUR;6;5414.00000000;131;EXCHANGE_LAST;;1;1;XEUR;7793482;675;
12.02.2025;16:45:08.691;FESX SI 20250321 CS;SIMPLE_INSTRUMENT;EFP_IDX;EUR;7;5415.00000000;130;EXCHANGE_LAST;;1;1;XEUR;7793482;675;
12.02.2025;16:58:22.932;FESX SI 20250321 CS;SIMPLE_INSTRUMENT;EFP_IDX;EUR;8;5415.00000000;131;EXCHANGE_LAST;;1;1;XEUR;7793482;675;
12.02.2025;16:50:05.258;FESX SI 20250321 CS;SIMPLE_INSTRUMENT;EFP_IDX;EUR;9;5414.00000000;293;EXCHANGE_LAST;;1;1;XEUR;7793482;675;
12.02.2025;16:50:33.948;FESX SI 20250321 CS;SIMPLE_INSTRUMENT;EFP_IDX;EUR;10;5415.00000000;1007;EXCHANGE_LAST;;1;1;XEUR;7793482;675;
12.02.2025;17:03:19.599;FESX SI 20250321 CS;SIMPLE_INSTRUMENT;EFP_IDX;EUR;11;5414.00000000;50;EXCHANGE_LAST;;1;1;XEUR;7793482;675;
12.02.2025;16:58:43.223;FESX SI 20250321 CS;SIMPLE_INSTRUMENT;EFP_IDX;EUR;12;5414.00000000;119;EXCHANGE_LAST;;1;1;XEUR;7793482;675;
12.02.2025;17:03:09.698;FESX SI 20250321 CS;SIMPLE_INSTRUMENT;EFP_IDX;EUR;13;5415.00000000;450;EXCHANGE_LAST;;1;1;XEUR;7793482;675;
12.02.2025;17:03:29.174;FESX SI 20250321 CS;SIMPLE_INSTRUMENT;EFP_IDX;EUR;14;5415.00000000;225;EXCHANGE_LAST;;1;1;XEUR;7793482;675;
12.02.2025;17:03:38.398;FESX SI 20250321 CS;SIMPLE_INSTRUMENT;EFP_IDX;EUR;15;5414.00000000;25;EXCHANGE_LAST;;1;1;XEUR;7793482;675;
12.02.2025;16:52:06.694;FESX SI 20250321 CS;SIMPLE_INSTRUMENT;EFP_IDX;EUR;16;5415.00000000;105;EXCHANGE_LAST;;1;1;XEUR;7793482;675;
12.02.2025;16:54:00.239;FESX SI 20250321 CS;SIMPLE_INSTRUMENT;EFP_IDX;EUR;17;5414.00000000;95;EXCHANGE_LAST;;1;1;XEUR;7793482;675;
12.02.2025;17:01:24.962;FESX SI 20250321 CS;SIMPLE_INSTRUMENT;EFP_IDX;EUR;18;5414.00000000;200;EXCHANGE_LAST;;1;1;XEUR;7793482;675;
12.02.2025;17:01:26.052;FESX SI 20250321 CS;SIMPLE_INSTRUMENT;EFP_IDX;EUR;19;5415.00000000;1800;EXCHANGE_LAST;;1;1;XEUR;7793482;675;
12.02.2025;17:20:41.443;FESX SI 20250321 CS;SIMPLE_INSTRUMENT;EFP_IDX;EUR;20;5414.00000000;900;EXCHANGE_LAST;;1;1;XEUR;7793482;675;
12.02.2025;17:20:52.574;FESX SI 20250321 CS;SIMPLE_INSTRUMENT;EFP_IDX;EUR;21;5415.00000000;600;EXCHANGE_LAST;;1;1;XEUR;7793482;675;
12.02.2025;08:33:04.406;FESX SI 20250321 CS;SIMPLE_INSTRUMENT;VOLA;EUR;637534217;5410.00000000;390;EXCHANGE_LAST;;1;1;XEUR;7793482;675;
12.02.2025;08:35:27.186;FESX SI 20250321 CS;SIMPLE_INSTRUMENT;VOLA;EUR;637534220;5410.00000000;1650;EXCHANGE_LAST;;1;1;XEUR;7793482;675;
12.02.2025;08:51:44.059;FESX SI 20250321 CS;SIMPLE_INSTRUMENT;VOLA;EUR;637534226;5425.00000000;25;EXCHANGE_LAST;;1;1;XEUR;7793482;675;
12.02.2025;09:19:44.996;FESX SI 20250321 CS;SIMPLE_INSTRUMENT;VOLA;EUR;637534239;5415.00000000;50;EXCHANGE_LAST;;1;1;XEUR;7793482;675;
12.02.2025;09:20:15.826;FESX SI 20250321 CS;SIMPLE_INSTRUMENT;VOLA;EUR;637534241;5416.00000000;57;EXCHANGE_LAST;;1;1;XEUR;7793482;675;
12.02.2025;09:30:30.251;FESX SI 20250321 CS;SIMPLE_INSTRUMENT;VOLA;EUR;637534247;5416.00000000;3000;EXCHANGE_LAST;;1;1;XEUR;7793482;675;
12.02.2025;09:59:28.334;FESX SI 20250321 CS;SIMPLE_INSTRUMENT;VOLA;EUR;637534259;5410.00000000;20;EXCHANGE_LAST;;1;1;XEUR;7793482;675;
12.02.2025;11:44:08.395;FESX SI 20250321 CS;SIMPLE_INSTRUMENT;VOLA;EUR;637534318;5400.00000000;340;EXCHANGE_LAST;;1;1;XEUR;7793482;675;
12.02.2025;11:51:31.408;FESX SI 20250321 CS;SIMPLE_INSTRUMENT;VOLA;EUR;637534323;5402.00000000;864;EXCHANGE_LAST;;1;1;XEUR;7793482;675;
12.02.2025;12:13:55.140;FESX SI 20250321 CS;SIMPLE_INSTRUMENT;VOLA;EUR;637534327;5406.00000000;95;EXCHANGE_LAST;;1;1;XEUR;7793482;675;
12.02.2025;12:14:36.817;FESX SI 20250321 CS;SIMPLE_INSTRUMENT;VOLA;EUR;637534328;5405.00000000;209;EXCHANGE_LAST;;1;1;XEUR;7793482;675;
12.02.2025;13:28:54.806;FESX SI 20250321 CS;SIMPLE_INSTRUMENT;VOLA;EUR;637534361;5405.00000000;1003;EXCHANGE_LAST;;1;1;XEUR;7793482;675;
12.02.2025;15:01:45.080;FESX SI 20250321 CS;SIMPLE_INSTRUMENT;VOLA;EUR;637534378;5400.00000000;450;EXCHANGE_LAST;;1;1;XEUR;7793482;675;
12.02.2025;15:15:09.575;FESX SI 20250321 CS;SIMPLE_INSTRUMENT;VOLA;EUR;637534384;5400.00000000;48;EXCHANGE_LAST;;1;1;XEUR;7793482;675;
12.02.2025;09:09:23.244;FEU3 SI 20260615 CS;SIMPLE_INSTRUMENT;EFS;EUR;1;97.98500000;4000;EXCHANGE_LAST;;1;1;XEUR;5330262;702;
12.02.2025;08:54:56.323;FEXD SI 20271217 CS;SIMPLE_INSTRUMENT;BLOCK;EUR;3;153.60000000;325;EXCHANGE_LAST;;1;1;XEUR;2848338;693;
12.02.2025;10:04:40.258;FEXD SI 20251219 CS;SIMPLE_INSTRUMENT;BLOCK;EUR;9;165.10000000;200;EXCHANGE_LAST;;1;1;XEUR;1548120;693;
12.02.2025;10:04:51.007;FEXD SI 20261218 CS;SIMPLE_INSTRUMENT;BLOCK;EUR;10;158.90000000;200;EXCHANGE_LAST;;1;1;XEUR;2163053;693;
12.02.2025;10:05:03.505;FEXD SI 20271217 CS;SIMPLE_INSTRUMENT;BLOCK;EUR;11;153.30000000;200;EXCHANGE_LAST;;1;1;XEUR;2848338;693;
12.02.2025;10:05:12.358;FEXD SI 20281215 CS;SIMPLE_INSTRUMENT;BLOCK;EUR;12;148.60000000;200;EXCHANGE_LAST;;1;1;XEUR;3680985;693;
12.02.2025;10:05:27.122;FEXD SI 20291221 CS;SIMPLE_INSTRUMENT;BLOCK;EUR;13;145.00000000;200;EXCHANGE_LAST;;1;1;XEUR;4631968;693;
12.02.2025;10:19:34.699;FEXD SI 20261218 CS;SIMPLE_INSTRUMENT;BLOCK;EUR;18;158.80000000;1000;EXCHANGE_LAST;;1;1;XEUR;2163053;693;
12.02.2025;10:19:43.986;FEXD SI 20271217 CS;SIMPLE_INSTRUMENT;BLOCK;EUR;19;153.10000000;1000;EXCHANGE_LAST;;1;1;XEUR;2848338;693;
12.02.2025;10:39:04.170;FEXD SI 20271217 CS;SIMPLE_INSTRUMENT;BLOCK;EUR;28;153.60000000;500;EXCHANGE_LAST;;1;1;XEUR;2848338;693;
12.02.2025;11:40:06.804;FEXD SI 20251219 CS;SIMPLE_INSTRUMENT;BLOCK;EUR;37;165.20000000;441;EXCHANGE_LAST;;1;1;XEUR;1548120;693;
12.02.2025;12:05:26.356;FEXD SI 20271217 CS;SIMPLE_INSTRUMENT;BLOCK;EUR;43;153.10000000;325;EXCHANGE_LAST;;1;1;XEUR;2848338;693;
12.02.2025;12:25:18.972;FEXD SI 20261218 CS;SIMPLE_INSTRUMENT;BLOCK;EUR;44;158.80000000;295;EXCHANGE_LAST;;1;2;XEUR;2163053;693;
12.02.2025;12:41:34.975;FEXD SI 20251219 CS;SIMPLE_INSTRUMENT;BLOCK;EUR;50;165.20000000;1500;EXCHANGE_LAST;;2;1;XEUR;1548120;693;
12.02.2025;16:37:42.408;FFOX SI 20250321 CS;SIMPLE_INSTRUMENT;BLOCK;EUR;7;4565.10000000;400;EXCHANGE_LAST;;1;1;XEUR;11338030;695;
12.02.2025;08:02:23.419;FGBL SI 20250306 PS;SIMPLE_INSTRUMENT;EFS;EUR;1;132.58000000;416;EXCHANGE_LAST;;1;1;XEUR;11286679;688;
12.02.2025;08:28:53.695;FGBL SI 20250306 PS;SIMPLE_INSTRUMENT;EFS;EUR;2;132.55000000;522;EXCHANGE_LAST;;1;1;XEUR;11286679;688;
12.02.2025;08:30:32.801;FGBL SI 20250306 PS;SIMPLE_INSTRUMENT;EFS;EUR;3;132.55000000;1773;EXCHANGE_LAST;;1;1;XEUR;11286679;688;
12.02.2025;08:33:47.927;FGBL SI 20250306 PS;SIMPLE_INSTRUMENT;EFS;EUR;4;132.55000000;416;EXCHANGE_LAST;;1;1;XEUR;11286679;688;
12.02.2025;08:36:08.022;FGBL SI 20250306 PS;SIMPLE_INSTRUMENT;EFS;EUR;5;132.54000000;416;EXCHANGE_LAST;;1;1;XEUR;11286679;688;
12.02.2025;08:37:24.076;FGBL SI 20250306 PS;SIMPLE_INSTRUMENT;EFS;EUR;6;132.54000000;416;EXCHANGE_LAST;;1;1;XEUR;11286679;688;
12.02.2025;08:37:49.955;FGBL SI 20250306 PS;SIMPLE_INSTRUMENT;EFS;EUR;7;132.55000000;300;EXCHANGE_LAST;;1;1;XEUR;11286679;688;
12.02.2025;08:49:52.244;FGBL SI 20250306 PS;SIMPLE_INSTRUMENT;EFS;EUR;8;132.57000000;416;EXCHANGE_LAST;;1;1;XEUR;11286679;688;
12.02.2025;08:51:32.376;FGBL SI 20250306 PS;SIMPLE_INSTRUMENT;EFS;EUR;9;132.57000000;416;EXCHANGE_LAST;;1;1;XEUR;11286679;688;
12.02.2025;09:04:21.949;FGBL SI 20250306 PS;SIMPLE_INSTRUMENT;EFS;EUR;10;132.64000000;83;EXCHANGE_LAST;;1;1;XEUR;11286679;688;
12.02.2025;09:07:20.705;FGBL SI 20250306 PS;SIMPLE_INSTRUMENT;EFP_FIN;EUR;11;132.62000000;140;EXCHANGE_LAST;;1;1;XEUR;11286679;688;
12.02.2025;09:09:31.338;FGBL SI 20250306 PS;SIMPLE_INSTRUMENT;EFS;EUR;12;132.62000000;333;EXCHANGE_LAST;;1;1;XEUR;11286679;688;
12.02.2025;09:10:47.911;FGBL SI 20250306 PS;SIMPLE_INSTRUMENT;EFS;EUR;13;132.62000000;333;EXCHANGE_LAST;;1;1;XEUR;11286679;688;
12.02.2025;09:20:05.361;FGBL SI 20250306 PS;SIMPLE_INSTRUMENT;EFP_FIN;EUR;14;132.64000000;233;EXCHANGE_LAST;;1;1;XEUR;11286679;688;
12.02.2025;09:26:28.139;FGBL SI 20250306 PS;SIMPLE_INSTRUMENT;EFS;EUR;15;132.66000000;416;EXCHANGE_LAST;;1;1;XEUR;11286679;688;
12.02.2025;09:28:01.058;FGBL SI 20250306 PS;SIMPLE_INSTRUMENT;EFS;EUR;16;132.66000000;289;EXCHANGE_LAST;;1;1;XEUR;11286679;688;
12.02.2025;09:29:02.368;FGBL SI 20250306 PS;SIMPLE_INSTRUMENT;EFS;EUR;17;132.66000000;150;EXCHANGE_LAST;;1;1;XEUR;11286679;688;
12.02.2025;09:30:11.732;FGBL SI 20250306 PS;SIMPLE_INSTRUMENT;EFP_FIN;EUR;18;132.65000000;1403;EXCHANGE_LAST;;1;1;XEUR;11286679;688;
12.02.2025;09:30:25.841;FGBL SI 20250306 PS;SIMPLE_INSTRUMENT;EFS;EUR;19;132.66000000;125;EXCHANGE_LAST;;1;1;XEUR;11286679;688;
12.02.2025;09:45:07.360;FGBL SI 20250306 PS;SIMPLE_INSTRUMENT;EFS;EUR;20;132.57000000;227;EXCHANGE_LAST;;1;1;XEUR;11286679;688;
12.02.2025;09:46:37.867;FGBL SI 20250306 PS;SIMPLE_INSTRUMENT;EFS;EUR;21;132.60000000;416;EXCHANGE_LAST;;1;1;XEUR;11286679;688;
12.02.2025;09:47:30.539;FGBL SI 20250306 PS;SIMPLE_INSTRUMENT;EFS;EUR;22;132.60000000;416;EXCHANGE_LAST;;1;1;XEUR;11286679;688;
12.02.2025;09:55:59.288;FGBL SI 20250306 PS;SIMPLE_INSTRUMENT;EFP_FIN;EUR;23;132.59000000;242;EXCHANGE_LAST;;1;1;XEUR;11286679;688;
12.02.2025;09:48:48.038;FGBL SI 20250306 PS;SIMPLE_INSTRUMENT;EFS;EUR;24;132.59000000;416;EXCHANGE_LAST;;1;1;XEUR;11286679;688;
12.02.2025;09:49:54.554;FGBL SI 20250306 PS;SIMPLE_INSTRUMENT;EFS;EUR;25;132.60000000;416;EXCHANGE_LAST;;1;1;XEUR;11286679;688;
12.02.2025;09:50:15.406;FGBL SI 20250306 PS;SIMPLE_INSTRUMENT;EFS;EUR;26;132.60000000;416;EXCHANGE_LAST;;1;1;XEUR;11286679;688;
12.02.2025;09:52:58.287;FGBL SI 20250306 PS;SIMPLE_INSTRUMENT;EFS;EUR;27;132.63000000;208;EXCHANGE_LAST;;1;1;XEUR;11286679;688;
12.02.2025;09:56:12.471;FGBL SI 20250306 PS;SIMPLE_INSTRUMENT;EFS;EUR;28;132.65000000;861;EXCHANGE_LAST;;1;1;XEUR;11286679;688;
12.02.2025;10:01:39.262;FGBL SI 20250306 PS;SIMPLE_INSTRUMENT;EFS;EUR;29;132.62000000;706;EXCHANGE_LAST;;1;1;XEUR;11286679;688;
12.02.2025;10:02:53.946;FGBL SI 20250306 PS;SIMPLE_INSTRUMENT;EFP_FIN;EUR;30;132.62000000;74;EXCHANGE_LAST;;1;1;XEUR;11286679;688;
12.02.2025;10:03:58.610;FGBL SI 20250306 PS;SIMPLE_INSTRUMENT;EFP_FIN;EUR;31;132.59000000;242;EXCHANGE_LAST;;1;1;XEUR;11286679;688;
12.02.2025;10:04:57.423;FGBL SI 20250306 PS;SIMPLE_INSTRUMENT;EFS;EUR;32;132.57000000;227;EXCHANGE_LAST;;1;1;XEUR;11286679;688;
12.02.2025;10:12:01.276;FGBL SI 20250306 PS;SIMPLE_INSTRUMENT;EFS;EUR;33;132.58000000;125;EXCHANGE_LAST;;1;1;XEUR;11286679;688;
12.02.2025;10:15:19.032;FGBL SI 20250306 PS;SIMPLE_INSTRUMENT;EFS;EUR;34;132.54000000;470;EXCHANGE_LAST;;1;1;XEUR;11286679;688;
12.02.2025;10:21:03.300;FGBL SI 20250306 PS;SIMPLE_INSTRUMENT;EFS;EUR;35;132.51000000;416;EXCHANGE_LAST;;1;1;XEUR;11286679;688;
12.02.2025;10:21:30.301;FGBL SI 20250306 PS;SIMPLE_INSTRUMENT;EFP_FIN;EUR;36;132.49000000;371;EXCHANGE_LAST;;1;1;XEUR;11286679;688;
12.02.2025;10:24:33.457;FGBL SI 20250306 PS;SIMPLE_INSTRUMENT;EFS;EUR;37;132.50000000;416;EXCHANGE_LAST;;1;1;XEUR;11286679;688;
12.02.2025;10:27:29.489;FGBL SI 20250306 PS;SIMPLE_INSTRUMENT;EFP_FIN;EUR;38;132.51000000;226;EXCHANGE_LAST;;1;1;XEUR;11286679;688;
12.02.2025;10:29:12.633;FGBL SI 20250306 PS;SIMPLE_INSTRUMENT;EFP_FIN;EUR;39;132.53000000;404;EXCHANGE_LAST;;1;1;XEUR;11286679;688;
12.02.2025;10:30:27.499;FGBL SI 20250306 PS;SIMPLE_INSTRUMENT;EFS;EUR;40;132.51000000;471;EXCHANGE_LAST;;1;1;XEUR;11286679;688;
12.02.2025;10:32:05.926;FGBL SI 20250306 PS;SIMPLE_INSTRUMENT;EFS;EUR;41;132.52000000;416;EXCHANGE_LAST;;1;1;XEUR;11286679;688;
12.02.2025;10:32:38.474;FGBL SI 20250306 PS;SIMPLE_INSTRUMENT;EFS;EUR;42;132.52000000;416;EXCHANGE_LAST;;1;1;XEUR;11286679;688;
12.02.2025;10:32:38.761;FGBL SI 20250306 PS;SIMPLE_INSTRUMENT;EFS;EUR;43;132.54000000;208;EXCHANGE_LAST;;1;1;XEUR;11286679;688;
12.02.2025;10:33:03.781;FGBL SI 20250306 PS;SIMPLE_INSTRUMENT;EFS;EUR;44;132.54000000;208;EXCHANGE_LAST;;1;1;XEUR;11286679;688;
12.02.2025;10:34:02.952;FGBL SI 20250306 PS;SIMPLE_INSTRUMENT;EFS;EUR;45;132.54000000;416;EXCHANGE_LAST;;1;1;XEUR;11286679;688;
12.02.2025;10:35:13.961;FGBL SI 20250306 PS;SIMPLE_INSTRUMENT;EFS;EUR;46;132.54000000;208;EXCHANGE_LAST;;1;1;XEUR;11286679;688;
12.02.2025;10:37:50.029;FGBL SI 20250306 PS;SIMPLE_INSTRUMENT;EFS;EUR;47;132.52000000;416;EXCHANGE_LAST;;1;1;XEUR;11286679;688;
12.02.2025;10:38:20.056;FGBL SI 20250306 PS;SIMPLE_INSTRUMENT;EFS;EUR;48;132.52000000;416;EXCHANGE_LAST;;1;1;XEUR;11286679;688;
12.02.2025;10:39:55.122;FGBL SI 20250306 PS;SIMPLE_INSTRUMENT;EFS;EUR;49;132.52000000;208;EXCHANGE_LAST;;1;1;XEUR;11286679;688;
12.02.2025;10:43:41.176;FGBL SI 20250306 PS;SIMPLE_INSTRUMENT;EFP_FIN;EUR;50;132.51000000;375;EXCHANGE_LAST;;1;1;XEUR;11286679;688;
12.02.2025;10:57:46.099;FGBL SI 20250306 PS;SIMPLE_INSTRUMENT;EFP_FIN;EUR;51;132.49000000;1485;EXCHANGE_LAST;;1;1;XEUR;11286679;688;
12.02.2025;10:59:20.432;FGBL SI 20250306 PS;SIMPLE_INSTRUMENT;EFP_FIN;EUR;52;132.53000000;141;EXCHANGE_LAST;;1;1;XEUR;11286679;688;
12.02.2025;10:59:38.433;FGBL SI 20250306 PS;SIMPLE_INSTRUMENT;EFP_FIN;EUR;53;132.53000000;281;EXCHANGE_LAST;;1;1;XEUR;11286679;688;
12.02.2025;11:01:34.072;FGBL SI 20250306 PS;SIMPLE_INSTRUMENT;EFP_FIN;EUR;54;132.51000000;202;EXCHANGE_LAST;;1;1;XEUR;11286679;688;
12.02.2025;11:08:13.942;FGBL SI 20250306 PS;SIMPLE_INSTRUMENT;EFP_FIN;EUR;55;132.48000000;1114;EXCHANGE_LAST;;1;1;XEUR;11286679;688;
12.02.2025;11:08:19.395;FGBL SI 20250306 PS;SIMPLE_INSTRUMENT;EFP_FIN;EUR;56;132.49000000;192;EXCHANGE_LAST;;1;1;XEUR;11286679;688;
12.02.2025;11:12:24.119;FGBL SI 20250306 PS;SIMPLE_INSTRUMENT;EFP_FIN;EUR;57;132.50000000;94;EXCHANGE_LAST;;1;1;XEUR;11286679;688;
12.02.2025;11:12:39.121;FGBL SI 20250306 PS;SIMPLE_INSTRUMENT;EFP_FIN;EUR;58;132.50000000;68;EXCHANGE_LAST;;1;1;XEUR;11286679;688;
12.02.2025;11:17:25.490;FGBL SI 20250306 PS;SIMPLE_INSTRUMENT;EFP_FIN;EUR;59;132.51000000;542;EXCHANGE_LAST;;1;1;XEUR;11286679;688;
12.02.2025;11:18:15.965;FGBL SI 20250306 PS;SIMPLE_INSTRUMENT;EFS;EUR;60;132.51000000;416;EXCHANGE_LAST;;1;1;XEUR;11286679;688;
12.02.2025;11:19:08.135;FGBL SI 20250306 PS;SIMPLE_INSTRUMENT;EFS;EUR;61;132.51000000;416;EXCHANGE_LAST;;1;1;XEUR;11286679;688;
12.02.2025;11:20:41.812;FGBL SI 20250306 PS;SIMPLE_INSTRUMENT;EFS;EUR;62;132.51000000;588;EXCHANGE_LAST;;1;1;XEUR;11286679;688;
12.02.2025;11:21:52.872;FGBL SI 20250306 PS;SIMPLE_INSTRUMENT;EFS;EUR;63;132.51000000;588;EXCHANGE_LAST;;1;1;XEUR;11286679;688;
12.02.2025;11:22:40.324;FGBL SI 20250306 PS;SIMPLE_INSTRUMENT;EFP_FIN;EUR;64;132.50000000;938;EXCHANGE_LAST;;1;1;XEUR;11286679;688;
12.02.2025;11:22:47.775;FGBL SI 20250306 PS;SIMPLE_INSTRUMENT;EFP_FIN;EUR;65;132.50000000;136;EXCHANGE_LAST;;1;1;XEUR;11286679;688;
12.02.2025;11:23:34.896;FGBL SI 20250306 PS;SIMPLE_INSTRUMENT;EFS;EUR;66;132.52000000;416;EXCHANGE_LAST;;1;1;XEUR;11286679;688;
12.02.2025;11:26:44.627;FGBL SI 20250306 PS;SIMPLE_INSTRUMENT;EFP_FIN;EUR;67;132.56000000;516;EXCHANGE_LAST;;1;1;XEUR;11286679;688;
12.02.2025;11:31:25.746;FGBL SI 20250306 PS;SIMPLE_INSTRUMENT;EFS;EUR;68;132.53000000;329;EXCHANGE_LAST;;1;1;XEUR;11286679;688;
12.02.2025;11:40:22.521;FGBL SI 20250306 PS;SIMPLE_INSTRUMENT;EFS;EUR;69;132.48000000;471;EXCHANGE_LAST;;1;1;XEUR;11286679;688;
12.02.2025;11:43:45.603;FGBL SI 20250306 PS;SIMPLE_INSTRUMENT;EFP_FIN;EUR;70;132.50000000;198;EXCHANGE_LAST;;1;1;XEUR;11286679;688;
12.02.2025;11:57:21.409;FGBL SI 20250306 PS;SIMPLE_INSTRUMENT;EFP_FIN;EUR;71;132.51000000;192;EXCHANGE_LAST;;1;1;XEUR;11286679;688;
12.02.2025;11:57:38.124;FGBL SI 20250306 PS;SIMPLE_INSTRUMENT;EFS;EUR;72;132.52000000;416;EXCHANGE_LAST;;1;1;XEUR;11286679;688;
12.02.2025;12:05:18.938;FGBL SI 20250306 PS;SIMPLE_INSTRUMENT;EFS;EUR;73;132.53000000;471;EXCHANGE_LAST;;1;1;XEUR;11286679;688;
12.02.2025;12:06:11.128;FGBL SI 20250306 PS;SIMPLE_INSTRUMENT;EFS;EUR;74;132.51000000;706;EXCHANGE_LAST;;1;1;XEUR;11286679;688;
12.02.2025;12:13:37.333;FGBL SI 20250306 PS;SIMPLE_INSTRUMENT;EFP_FIN;EUR;75;132.51000000;247;EXCHANGE_LAST;;1;1;XEUR;11286679;688;
12.02.2025;12:31:12.660;FGBL SI 20250306 PS;SIMPLE_INSTRUMENT;EFS;EUR;76;132.52000000;416;EXCHANGE_LAST;;1;1;XEUR;11286679;688;
12.02.2025;12:36:12.598;FGBL SI 20250306 PS;SIMPLE_INSTRUMENT;EFS;EUR;77;132.51000000;208;EXCHANGE_LAST;;1;1;XEUR;11286679;688;
12.02.2025;12:38:30.691;FGBL SI 20250306 PS;SIMPLE_INSTRUMENT;EFS;EUR;78;132.52000000;416;EXCHANGE_LAST;;1;1;XEUR;11286679;688;
12.02.2025;12:40:16.365;FGBL SI 20250306 PS;SIMPLE_INSTRUMENT;EFS;EUR;79;132.52000000;1764;EXCHANGE_LAST;;1;1;XEUR;11286679;688;
12.02.2025;12:43:52.330;FGBL SI 20250306 PS;SIMPLE_INSTRUMENT;EFS;EUR;80;132.51000000;942;EXCHANGE_LAST;;1;1;XEUR;11286679;688;
12.02.2025;12:48:34.812;FGBL SI 20250306 PS;SIMPLE_INSTRUMENT;EFS;EUR;81;132.56000000;502;EXCHANGE_LAST;;1;1;XEUR;11286679;688;
12.02.2025;12:48:54.432;FGBL SI 20250306 PS;SIMPLE_INSTRUMENT;EFS;EUR;82;132.55000000;150;EXCHANGE_LAST;;1;1;XEUR;11286679;688;
12.02.2025;12:49:57.408;FGBL SI 20250306 PS;SIMPLE_INSTRUMENT;EFS;EUR;83;132.55000000;301;EXCHANGE_LAST;;1;1;XEUR;11286679;688;
12.02.2025;12:51:32.027;FGBL SI 20250306 PS;SIMPLE_INSTRUMENT;EFP_FIN;EUR;84;132.51000000;104;EXCHANGE_LAST;;1;1;XEUR;11286679;688;
12.02.2025;12:51:55.155;FGBL SI 20250306 PS;SIMPLE_INSTRUMENT;EFS;EUR;85;132.55000000;416;EXCHANGE_LAST;;1;1;XEUR;11286679;688;
12.02.2025;12:55:09.842;FGBL SI 20250306 PS;SIMPLE_INSTRUMENT;EFP_FIN;EUR;86;132.57000000;926;EXCHANGE_LAST;;1;1;XEUR;11286679;688;
12.02.2025;12:58:12.082;FGBL SI 20250306 PS;SIMPLE_INSTRUMENT;EFS;EUR;87;132.55000000;109;EXCHANGE_LAST;;1;1;XEUR;11286679;688;
12.02.2025;13:05:38.295;FGBL SI 20250306 PS;SIMPLE_INSTRUMENT;EFS;EUR;88;132.55000000;454;EXCHANGE_LAST;;1;1;XEUR;11286679;688;
12.02.2025;13:10:06.536;FGBL SI 20250306 PS;SIMPLE_INSTRUMENT;EFP_FIN;EUR;89;132.57000000;936;EXCHANGE_LAST;;1;1;XEUR;11286679;688;
12.02.2025;13:12:54.157;FGBL SI 20250306 PS;SIMPLE_INSTRUMENT;EFS;EUR;90;132.54000000;416;EXCHANGE_LAST;;1;1;XEUR;11286679;688;
12.02.2025;13:14:34.094;FGBL SI 20250306 PS;SIMPLE_INSTRUMENT;EFP_FIN;EUR;91;132.56000000;404;EXCHANGE_LAST;;1;1;XEUR;11286679;688;
12.02.2025;13:18:38.720;FGBL SI 20250306 PS;SIMPLE_INSTRUMENT;EFP_FIN;EUR;92;132.56000000;566;EXCHANGE_LAST;;1;1;XEUR;11286679;688;
12.02.2025;13:18:55.176;FGBL SI 20250306 PS;SIMPLE_INSTRUMENT;EFS;EUR;93;132.55000000;100;EXCHANGE_LAST;;1;1;XEUR;11286679;688;
12.02.2025;13:22:43.493;FGBL SI 20250306 PS;SIMPLE_INSTRUMENT;EFS;EUR;94;132.59000000;416;EXCHANGE_LAST;;1;1;XEUR;11286679;688;
12.02.2025;13:24:00.615;FGBL SI 20250306 PS;SIMPLE_INSTRUMENT;EFS;EUR;95;132.60000000;416;EXCHANGE_LAST;;1;1;XEUR;11286679;688;
12.02.2025;13:25:35.386;FGBL SI 20250306 PS;SIMPLE_INSTRUMENT;EFS;EUR;96;132.59000000;416;EXCHANGE_LAST;;1;1;XEUR;11286679;688;
12.02.2025;13:27:12.342;FGBL SI 20250306 PS;SIMPLE_INSTRUMENT;EFS;EUR;97;132.60000000;416;EXCHANGE_LAST;;1;1;XEUR;11286679;688;
12.02.2025;13:27:37.506;FGBL SI 20250306 PS;SIMPLE_INSTRUMENT;EFS;EUR;98;132.59000000;416;EXCHANGE_LAST;;1;1;XEUR;11286679;688;
12.02.2025;13:36:15.509;FGBL SI 20250306 PS;SIMPLE_INSTRUMENT;EFS;EUR;99;132.60000000;416;EXCHANGE_LAST;;1;1;XEUR;11286679;688;
12.02.2025;13:36:49.373;FGBL SI 20250306 PS;SIMPLE_INSTRUMENT;EFS;EUR;100;132.61000000;623;EXCHANGE_LAST;;1;1;XEUR;11286679;688;
12.02.2025;13:44:32.086;FGBL SI 20250306 PS;SIMPLE_INSTRUMENT;EFP_FIN;EUR;101;132.60000000;1648;EXCHANGE_LAST;;1;1;XEUR;11286679;688;
12.02.2025;13:48:05.620;FGBL SI 20250306 PS;SIMPLE_INSTRUMENT;EFS;EUR;102;132.26000000;416;EXCHANGE_LAST;;1;1;XEUR;11286679;688;
12.02.2025;13:53:29.633;FGBL SI 20250306 PS;SIMPLE_INSTRUMENT;EFS;EUR;103;132.33000000;416;EXCHANGE_LAST;;1;1;XEUR;11286679;688;
12.02.2025;13:53:38.730;FGBL SI 20250306 PS;SIMPLE_INSTRUMENT;EFS;EUR;104;132.34000000;292;EXCHANGE_LAST;;1;1;XEUR;11286679;688;
12.02.2025;13:56:08.833;FGBL SI 20250306 PS;SIMPLE_INSTRUMENT;EFS;EUR;105;132.28000000;416;EXCHANGE_LAST;;1;1;XEUR;11286679;688;
12.02.2025;13:56:57.444;FGBL SI 20250306 PS;SIMPLE_INSTRUMENT;EFS;EUR;106;132.32000000;416;EXCHANGE_LAST;;1;1;XEUR;11286679;688;
12.02.2025;13:58:48.993;FGBL SI 20250306 PS;SIMPLE_INSTRUMENT;EFS;EUR;107;132.28000000;417;EXCHANGE_LAST;;1;1;XEUR;11286679;688;
12.02.2025;13:59:18.032;FGBL SI 20250306 PS;SIMPLE_INSTRUMENT;EFS;EUR;108;132.33000000;416;EXCHANGE_LAST;;1;1;XEUR;11286679;688;
12.02.2025;14:01:44.081;FGBL SI 20250306 PS;SIMPLE_INSTRUMENT;EFS;EUR;109;132.28000000;417;EXCHANGE_LAST;;1;1;XEUR;11286679;688;
12.02.2025;14:03:24.157;FGBL SI 20250306 PS;SIMPLE_INSTRUMENT;EFS;EUR;110;132.27000000;417;EXCHANGE_LAST;;1;1;XEUR;11286679;688;
12.02.2025;14:05:39.254;FGBL SI 20250306 PS;SIMPLE_INSTRUMENT;EFS;EUR;111;132.24000000;417;EXCHANGE_LAST;;1;1;XEUR;11286679;688;
12.02.2025;14:05:43.142;FGBL SI 20250306 PS;SIMPLE_INSTRUMENT;EFS;EUR;112;132.26000000;416;EXCHANGE_LAST;;1;1;XEUR;11286679;688;
12.02.2025;14:06:19.283;FGBL SI 20250306 PS;SIMPLE_INSTRUMENT;EFS;EUR;113;132.24000000;417;EXCHANGE_LAST;;1;1;XEUR;11286679;688;
12.02.2025;14:08:24.375;FGBL SI 20250306 PS;SIMPLE_INSTRUMENT;EFS;EUR;114;132.23000000;417;EXCHANGE_LAST;;1;1;XEUR;11286679;688;
12.02.2025;14:08:24.420;FGBL SI 20250306 PS;SIMPLE_INSTRUMENT;EFS;EUR;115;132.24000000;417;EXCHANGE_LAST;;1;1;XEUR;11286679;688;
12.02.2025;14:08:34.378;FGBL SI 20250306 PS;SIMPLE_INSTRUMENT;EFS;EUR;116;132.23000000;417;EXCHANGE_LAST;;1;1;XEUR;11286679;688;
12.02.2025;14:09:29.417;FGBL SI 20250306 PS;SIMPLE_INSTRUMENT;EFS;EUR;117;132.22000000;417;EXCHANGE_LAST;;1;1;XEUR;11286679;688;
12.02.2025;14:14:34.515;FGBL SI 20250306 PS;SIMPLE_INSTRUMENT;EFS;EUR;118;132.23000000;125;EXCHANGE_LAST;;1;1;XEUR;11286679;688;
12.02.2025;14:22:13.323;FGBL SI 20250306 PS;SIMPLE_INSTRUMENT;EFS;EUR;119;132.23000000;222;EXCHANGE_LAST;;1;1;XEUR;11286679;688;
12.02.2025;14:23:36.532;FGBL SI 20250306 PS;SIMPLE_INSTRUMENT;EFS;EUR;120;132.21000000;331;EXCHANGE_LAST;;1;1;XEUR;11286679;688;
12.02.2025;14:44:10.874;FGBL SI 20250306 PS;SIMPLE_INSTRUMENT;EFS;EUR;121;132.25000000;416;EXCHANGE_LAST;;1;1;XEUR;11286679;688;
12.02.2025;14:46:20.017;FGBL SI 20250306 PS;SIMPLE_INSTRUMENT;EFP_FIN;EUR;122;132.23000000;203;EXCHANGE_LAST;;1;1;XEUR;11286679;688;
12.02.2025;14:51:04.200;FGBL SI 20250306 PS;SIMPLE_INSTRUMENT;EFS;EUR;123;132.22000000;916;EXCHANGE_LAST;;1;1;XEUR;11286679;688;
12.02.2025;14:54:14.899;FGBL SI 20250306 PS;SIMPLE_INSTRUMENT;EFP_FIN;EUR;124;132.24000000;878;EXCHANGE_LAST;;1;1;XEUR;11286679;688;
12.02.2025;14:56:36.558;FGBL SI 20250306 PS;SIMPLE_INSTRUMENT;EFP_FIN;EUR;125;132.24000000;198;EXCHANGE_LAST;;1;1;XEUR;11286679;688;
12.02.2025;14:57:29.354;FGBL SI 20250306 PS;SIMPLE_INSTRUMENT;EFS;EUR;126;132.24000000;417;EXCHANGE_LAST;;1;1;XEUR;11286679;688;
12.02.2025;15:00:49.112;FGBL SI 20250306 PS;SIMPLE_INSTRUMENT;EFS;EUR;127;132.20000000;417;EXCHANGE_LAST;;1;1;XEUR;11286679;688;
12.02.2025;15:02:26.265;FGBL SI 20250306 PS;SIMPLE_INSTRUMENT;EFS;EUR;129;132.20000000;166;EXCHANGE_LAST;;1;1;XEUR;11286679;688;
12.02.2025;15:02:29.553;FGBL SI 20250306 PS;SIMPLE_INSTRUMENT;EFS;EUR;130;132.24000000;417;EXCHANGE_LAST;;1;1;XEUR;11286679;688;
12.02.2025;15:02:49.905;FGBL SI 20250306 PS;SIMPLE_INSTRUMENT;EFS;EUR;131;132.21000000;416;EXCHANGE_LAST;;1;1;XEUR;11286679;688;
12.02.2025;15:19:09.478;FGBL SI 20250306 PS;SIMPLE_INSTRUMENT;EFS;EUR;132;132.20000000;417;EXCHANGE_LAST;;1;1;XEUR;11286679;688;
12.02.2025;15:20:51.333;FGBL SI 20250306 PS;SIMPLE_INSTRUMENT;EFS;EUR;133;132.24000000;417;EXCHANGE_LAST;;1;1;XEUR;11286679;688;
12.02.2025;15:25:10.906;FGBL SI 20250306 PS;SIMPLE_INSTRUMENT;EFS;EUR;134;132.20000000;417;EXCHANGE_LAST;;1;1;XEUR;11286679;688;
12.02.2025;15:27:10.408;FGBL SI 20250306 PS;SIMPLE_INSTRUMENT;EFS;EUR;135;132.19000000;208;EXCHANGE_LAST;;1;1;XEUR;11286679;688;
12.02.2025;15:27:43.707;FGBL SI 20250306 PS;SIMPLE_INSTRUMENT;EFS;EUR;136;132.20000000;834;EXCHANGE_LAST;;1;1;XEUR;11286679;688;
12.02.2025;15:37:06.901;FGBL SI 20250306 PS;SIMPLE_INSTRUMENT;EFP_FIN;EUR;137;132.16000000;470;EXCHANGE_LAST;;1;1;XEUR;11286679;688;
12.02.2025;15:44:04.252;FGBL SI 20250306 PS;SIMPLE_INSTRUMENT;EFS;EUR;138;132.15000000;334;EXCHANGE_LAST;;1;1;XEUR;11286679;688;
12.02.2025;15:44:14.262;FGBL SI 20250306 PS;SIMPLE_INSTRUMENT;EFS;EUR;139;132.13000000;417;EXCHANGE_LAST;;1;1;XEUR;11286679;688;
12.02.2025;15:48:43.343;FGBL SI 20250306 PS;SIMPLE_INSTRUMENT;EFS;EUR;140;132.14000000;442;EXCHANGE_LAST;;1;1;XEUR;11286679;688;
12.02.2025;15:49:22.351;FGBL SI 20250306 PS;SIMPLE_INSTRUMENT;EFS;EUR;141;132.14000000;417;EXCHANGE_LAST;;1;1;XEUR;11286679;688;
12.02.2025;15:52:16.440;FGBL SI 20250306 PS;SIMPLE_INSTRUMENT;EFS;EUR;142;132.14000000;859;EXCHANGE_LAST;;1;1;XEUR;11286679;688;
12.02.2025;15:58:04.822;FGBL SI 20250306 PS;SIMPLE_INSTRUMENT;EFS;EUR;143;132.13000000;208;EXCHANGE_LAST;;1;1;XEUR;11286679;688;
12.02.2025;15:58:30.844;FGBL SI 20250306 PS;SIMPLE_INSTRUMENT;EFS;EUR;144;132.13000000;417;EXCHANGE_LAST;;1;1;XEUR;11286679;688;
12.02.2025;16:01:25.972;FGBL SI 20250306 PS;SIMPLE_INSTRUMENT;EFS;EUR;145;132.13000000;208;EXCHANGE_LAST;;1;1;XEUR;11286679;688;
12.02.2025;16:06:35.971;FGBL SI 20250306 PS;SIMPLE_INSTRUMENT;EFS;EUR;146;132.11000000;221;EXCHANGE_LAST;;1;1;XEUR;11286679;688;
12.02.2025;16:07:41.220;FGBL SI 20250306 PS;SIMPLE_INSTRUMENT;EFS;EUR;147;132.12000000;417;EXCHANGE_LAST;;1;1;XEUR;11286679;688;
12.02.2025;16:07:51.248;FGBL SI 20250306 PS;SIMPLE_INSTRUMENT;EFS;EUR;148;132.11000000;625;EXCHANGE_LAST;;1;1;XEUR;11286679;688;
12.02.2025;16:08:24.288;FGBL SI 20250306 PS;SIMPLE_INSTRUMENT;EFS;EUR;149;132.11000000;417;EXCHANGE_LAST;;1;1;XEUR;11286679;688;
12.02.2025;16:09:41.330;FGBL SI 20250306 PS;SIMPLE_INSTRUMENT;EFS;EUR;150;132.11000000;417;EXCHANGE_LAST;;1;1;XEUR;11286679;688;
12.02.2025;16:12:17.550;FGBL SI 20250306 PS;SIMPLE_INSTRUMENT;EFS;EUR;151;132.14000000;417;EXCHANGE_LAST;;1;1;XEUR;11286679;688;
12.02.2025;16:12:36.444;FGBL SI 20250306 PS;SIMPLE_INSTRUMENT;EFS;EUR;152;132.11000000;208;EXCHANGE_LAST;;1;1;XEUR;11286679;688;
12.02.2025;16:14:51.536;FGBL SI 20250306 PS;SIMPLE_INSTRUMENT;EFS;EUR;153;132.14000000;417;EXCHANGE_LAST;;1;1;XEUR;11286679;688;
12.02.2025;16:15:30.853;FGBL SI 20250306 PS;SIMPLE_INSTRUMENT;EFS;EUR;154;132.14000000;417;EXCHANGE_LAST;;1;1;XEUR;11286679;688;
12.02.2025;16:21:32.856;FGBL SI 20250306 PS;SIMPLE_INSTRUMENT;EFS;EUR;155;132.17000000;456;EXCHANGE_LAST;;1;1;XEUR;11286679;688;
12.02.2025;16:22:09.412;FGBL SI 20250306 PS;SIMPLE_INSTRUMENT;EFS;EUR;156;132.13000000;167;EXCHANGE_LAST;;1;1;XEUR;11286679;688;
12.02.2025;16:26:17.740;FGBL SI 20250306 PS;SIMPLE_INSTRUMENT;EFS;EUR;157;132.20000000;416;EXCHANGE_LAST;;1;1;XEUR;11286679;688;
12.02.2025;16:32:55.547;FGBL SI 20250306 PS;SIMPLE_INSTRUMENT;EFP_FIN;EUR;158;132.20000000;153;EXCHANGE_LAST;;1;1;XEUR;11286679;688;
12.02.2025;16:36:32.369;FGBL SI 20250306 PS;SIMPLE_INSTRUMENT;EFP_FIN;EUR;159;132.15000000;662;EXCHANGE_LAST;;1;1;XEUR;11286679;688;
12.02.2025;16:39:18.068;FGBL SI 20250306 PS;SIMPLE_INSTRUMENT;EFS;EUR;160;132.22000000;189;EXCHANGE_LAST;;1;1;XEUR;11286679;688;
12.02.2025;16:50:27.793;FGBL SI 20250306 PS;SIMPLE_INSTRUMENT;EFP_FIN;EUR;161;132.20000000;206;EXCHANGE_LAST;;1;1;XEUR;11286679;688;
12.02.2025;16:59:11.200;FGBL SI 20250306 PS;SIMPLE_INSTRUMENT;EFS;EUR;162;132.21000000;417;EXCHANGE_LAST;;1;1;XEUR;11286679;688;
12.02.2025;17:09:32.591;FGBL SI 20250306 PS;SIMPLE_INSTRUMENT;EFS;EUR;163;132.24000000;454;EXCHANGE_LAST;;1;1;XEUR;11286679;688;
12.02.2025;17:18:17.756;FGBL SI 20250306 PS;SIMPLE_INSTRUMENT;EFS;EUR;164;132.26000000;416;EXCHANGE_LAST;;1;1;XEUR;11286679;688;
12.02.2025;17:24:28.791;FGBL SI 20250306 PS;SIMPLE_INSTRUMENT;EFS;EUR;165;132.55000000;522;EXCHANGE_LAST;;1;1;XEUR;11286679;688;
12.02.2025;07:26:09.359;FGBL SI 20250306 PS;SIMPLE_INSTRUMENT;VOLA;EUR;268435462;132.63000000;7;EXCHANGE_LAST;;1;1;XEUR;11286679;688;
12.02.2025;08:16:21.817;FGBL SI 20250306 PS;SIMPLE_INSTRUMENT;VOLA;EUR;268435470;132.56000000;65;EXCHANGE_LAST;;1;1;XEUR;11286679;688;
12.02.2025;08:49:37.750;FGBL SI 20250306 PS;SIMPLE_INSTRUMENT;VOLA;EUR;268435475;132.53000000;150;EXCHANGE_LAST;;1;1;XEUR;11286679;688;
12.02.2025;08:50:08.661;FGBL SI 20250306 PS;SIMPLE_INSTRUMENT;VOLA;EUR;268435476;132.53000000;150;EXCHANGE_LAST;;1;1;XEUR;11286679;688;
12.02.2025;09:34:44.719;FGBL SI 20250306 PS;SIMPLE_INSTRUMENT;VOLA;EUR;268435481;132.66000000;53;EXCHANGE_LAST;;1;1;XEUR;11286679;688;
12.02.2025;09:35:24.726;FGBL SI 20250306 PS;SIMPLE_INSTRUMENT;VOLA;EUR;268435483;132.66000000;50;EXCHANGE_LAST;;1;1;XEUR;11286679;688;
12.02.2025;09:42:02.220;FGBL SI 20250306 PS;SIMPLE_INSTRUMENT;VOLA;EUR;268435485;132.65000000;110;EXCHANGE_LAST;;1;1;XEUR;11286679;688;
12.02.2025;10:00:54.203;FGBL SI 20250306 PS;SIMPLE_INSTRUMENT;VOLA;EUR;268435487;132.58000000;18;EXCHANGE_LAST;;1;1;XEUR;11286679;688;
12.02.2025;10:12:50.340;FGBL SI 20250306 PS;SIMPLE_INSTRUMENT;VOLA;EUR;268435489;132.45000000;5;EXCHANGE_LAST;;1;1;XEUR;11286679;688;
12.02.2025;13:00:10.714;FGBL SI 20250306 PS;SIMPLE_INSTRUMENT;VOLA;EUR;268435515;132.48000000;180;EXCHANGE_LAST;;1;1;XEUR;11286679;688;
12.02.2025;14:34:17.644;FGBL SI 20250306 PS;SIMPLE_INSTRUMENT;VOLA;EUR;268435541;132.22000000;45;EXCHANGE_LAST;;1;1;XEUR;11286679;688;
12.02.2025;14:34:18.399;FGBL SI 20250306 PS;SIMPLE_INSTRUMENT;VOLA;EUR;268435542;132.22000000;45;EXCHANGE_LAST;;1;1;XEUR;11286679;688;
12.02.2025;14:52:06.248;FGBL SI 20250306 PS;SIMPLE_INSTRUMENT;VOLA;EUR;268435559;132.24000000;18;EXCHANGE_LAST;;1;1;XEUR;11286679;688;
12.02.2025;15:05:07.849;FGBL SI 20250606 PS;SIMPLE_INSTRUMENT;VOLA;EUR;268435569;131.36000000;65;EXCHANGE_LAST;;1;1;XEUR;11820389;688;
12.02.2025;16:28:27.179;FGBL SI 20250306 PS;SIMPLE_INSTRUMENT;VOLA;EUR;268435591;132.13000000;180;EXCHANGE_LAST;;1;1;XEUR;11286679;688;
12.02.2025;16:30:03.180;FGBL SI 20250306 PS;SIMPLE_INSTRUMENT;VOLA;EUR;268435592;132.13000000;330;EXCHANGE_LAST;;1;1;XEUR;11286679;688;
12.02.2025;16:33:19.703;FGBL SI 20250306 PS;SIMPLE_INSTRUMENT;VOLA;EUR;268435593;132.13000000;330;EXCHANGE_LAST;;1;1;XEUR;11286679;688;
12.02.2025;08:28:04.143;FGBM SI 20250306 PS;SIMPLE_INSTRUMENT;EFP_FIN;EUR;1;117.45000000;726;EXCHANGE_LAST;;1;1;XEUR;11286680;689;
12.02.2025;08:34:35.149;FGBM SI 20250306 PS;SIMPLE_INSTRUMENT;EFS;EUR;2;117.45000000;7500;EXCHANGE_LAST;;1;1;XEUR;11286680;689;
12.02.2025;08:34:04.478;FGBM SI 20250306 PS;SIMPLE_INSTRUMENT;EFS;EUR;3;117.45000000;917;EXCHANGE_LAST;;1;1;XEUR;11286680;689;
12.02.2025;08:38:32.183;FGBM SI 20250306 PS;SIMPLE_INSTRUMENT;EFS;EUR;4;117.45000000;917;EXCHANGE_LAST;;1;1;XEUR;11286680;689;
12.02.2025;08:50:13.343;FGBM SI 20250306 PS;SIMPLE_INSTRUMENT;EFP_FIN;EUR;5;117.44000000;227;EXCHANGE_LAST;;1;1;XEUR;11286680;689;
12.02.2025;09:04:03.183;FGBM SI 20250306 PS;SIMPLE_INSTRUMENT;EFP_FIN;EUR;6;117.44000000;272;EXCHANGE_LAST;;1;1;XEUR;11286680;689;
12.02.2025;09:03:32.066;FGBM SI 20250306 PS;SIMPLE_INSTRUMENT;EFP_FIN;EUR;7;117.44000000;636;EXCHANGE_LAST;;1;1;XEUR;11286680;689;
12.02.2025;09:05:59.637;FGBM SI 20250306 PS;SIMPLE_INSTRUMENT;EFS;EUR;8;117.44000000;917;EXCHANGE_LAST;;1;1;XEUR;11286680;689;
12.02.2025;09:06:22.168;FGBM SI 20250306 PS;SIMPLE_INSTRUMENT;EFP_FIN;EUR;9;117.44000000;735;EXCHANGE_LAST;;1;1;XEUR;11286680;689;
12.02.2025;09:23:14.736;FGBM SI 20250306 PS;SIMPLE_INSTRUMENT;EFS;EUR;10;117.49000000;917;EXCHANGE_LAST;;1;1;XEUR;11286680;689;
12.02.2025;09:23:48.915;FGBM SI 20250306 PS;SIMPLE_INSTRUMENT;EFP_FIN;EUR;11;117.48000000;681;EXCHANGE_LAST;;1;1;XEUR;11286680;689;
12.02.2025;09:27:31.103;FGBM SI 20250306 PS;SIMPLE_INSTRUMENT;EFS;EUR;12;117.49000000;604;EXCHANGE_LAST;;1;1;XEUR;11286680;689;
12.02.2025;09:26:28.094;FGBM SI 20250306 PS;SIMPLE_INSTRUMENT;EFS;EUR;13;117.49000000;868;EXCHANGE_LAST;;1;1;XEUR;11286680;689;
12.02.2025;09:36:43.810;FGBM SI 20250306 PS;SIMPLE_INSTRUMENT;EFS;EUR;14;117.44000000;917;EXCHANGE_LAST;;1;1;XEUR;11286680;689;
12.02.2025;09:43:00.354;FGBM SI 20250306 PS;SIMPLE_INSTRUMENT;EFS;EUR;15;117.44000000;477;EXCHANGE_LAST;;1;1;XEUR;11286680;689;
12.02.2025;09:54:51.732;FGBM SI 20250306 PS;SIMPLE_INSTRUMENT;EFS;EUR;16;117.48000000;1710;EXCHANGE_LAST;;1;1;XEUR;11286680;689;
12.02.2025;09:56:42.150;FGBM SI 20250306 PS;SIMPLE_INSTRUMENT;EFS;EUR;17;117.44000000;1977;EXCHANGE_LAST;;1;1;XEUR;11286680;689;
12.02.2025;10:04:24.352;FGBM SI 20250306 PS;SIMPLE_INSTRUMENT;EFS;EUR;18;117.44000000;1977;EXCHANGE_LAST;;1;1;XEUR;11286680;689;
12.02.2025;10:05:57.427;FGBM SI 20250306 PS;SIMPLE_INSTRUMENT;EFS;EUR;19;117.44000000;477;EXCHANGE_LAST;;1;1;XEUR;11286680;689;
12.02.2025;10:06:35.122;FGBM SI 20250306 PS;SIMPLE_INSTRUMENT;EFP_FIN;EUR;20;117.46000000;116;EXCHANGE_LAST;;1;1;XEUR;11286680;689;
12.02.2025;10:06:49.692;FGBM SI 20250306 PS;SIMPLE_INSTRUMENT;EFP_FIN;EUR;21;117.46000000;78;EXCHANGE_LAST;;1;1;XEUR;11286680;689;
12.02.2025;10:33:33.357;FGBM SI 20250306 PS;SIMPLE_INSTRUMENT;EFS;EUR;22;117.41000000;722;EXCHANGE_LAST;;1;1;XEUR;11286680;689;
12.02.2025;10:37:49.984;FGBM SI 20250306 PS;SIMPLE_INSTRUMENT;EFS;EUR;23;117.41000000;868;EXCHANGE_LAST;;1;1;XEUR;11286680;689;
12.02.2025;10:38:20.010;FGBM SI 20250306 PS;SIMPLE_INSTRUMENT;EFS;EUR;24;117.41000000;868;EXCHANGE_LAST;;1;1;XEUR;11286680;689;
12.02.2025;10:39:21.976;FGBM SI 20250306 PS;SIMPLE_INSTRUMENT;EFP_FIN;EUR;25;117.41000000;556;EXCHANGE_LAST;;1;1;XEUR;11286680;689;
12.02.2025;10:39:55.077;FGBM SI 20250306 PS;SIMPLE_INSTRUMENT;EFS;EUR;26;117.42000000;434;EXCHANGE_LAST;;1;1;XEUR;11286680;689;
12.02.2025;10:49:59.207;FGBM SI 20250306 PS;SIMPLE_INSTRUMENT;EFS;EUR;27;117.41000000;2484;EXCHANGE_LAST;;1;1;XEUR;11286680;689;
12.02.2025;10:58:42.959;FGBM SI 20250306 PS;SIMPLE_INSTRUMENT;EFP_FIN;EUR;28;117.38000000;431;EXCHANGE_LAST;;1;1;XEUR;11286680;689;
12.02.2025;11:15:41.759;FGBM SI 20250306 PS;SIMPLE_INSTRUMENT;EFS;EUR;29;117.39000000;867;EXCHANGE_LAST;;1;1;XEUR;11286680;689;
12.02.2025;11:17:39.060;FGBM SI 20250306 PS;SIMPLE_INSTRUMENT;EFS;EUR;30;117.39000000;867;EXCHANGE_LAST;;1;1;XEUR;11286680;689;
12.02.2025;11:22:18.737;FGBM SI 20250306 PS;SIMPLE_INSTRUMENT;EFP_FIN;EUR;31;117.37000000;431;EXCHANGE_LAST;;1;1;XEUR;11286680;689;
12.02.2025;11:25:36.543;FGBM SI 20250306 PS;SIMPLE_INSTRUMENT;EFP_FIN;EUR;32;117.38000000;863;EXCHANGE_LAST;;1;1;XEUR;11286680;689;
12.02.2025;11:35:00.329;FGBM SI 20250306 PS;SIMPLE_INSTRUMENT;EFP_FIN;EUR;33;117.38000000;185;EXCHANGE_LAST;;1;1;XEUR;11286680;689;
12.02.2025;11:56:06.469;FGBM SI 20250306 PS;SIMPLE_INSTRUMENT;EFS;EUR;34;117.37000000;868;EXCHANGE_LAST;;1;1;XEUR;11286680;689;
12.02.2025;12:01:25.226;FGBM SI 20250306 PS;SIMPLE_INSTRUMENT;EFP_FIN;EUR;35;117.39000000;431;EXCHANGE_LAST;;1;1;XEUR;11286680;689;
12.02.2025;12:02:30.431;FGBM SI 20250306 PS;SIMPLE_INSTRUMENT;EFS;EUR;37;117.37000000;459;EXCHANGE_LAST;;1;1;XEUR;11286680;689;
12.02.2025;12:04:53.123;FGBM SI 20250306 PS;SIMPLE_INSTRUMENT;EFS;EUR;39;117.36000000;1889;EXCHANGE_LAST;;1;1;XEUR;11286680;689;
12.02.2025;12:07:19.444;FGBM SI 20250306 PS;SIMPLE_INSTRUMENT;EFP_FIN;EUR;40;117.39000000;1092;EXCHANGE_LAST;;1;1;XEUR;11286680;689;
12.02.2025;12:08:30.216;FGBM SI 20250306 PS;SIMPLE_INSTRUMENT;EFP_FIN;EUR;41;117.38000000;260;EXCHANGE_LAST;;1;1;XEUR;11286680;689;
12.02.2025;12:09:42.719;FGBM SI 20250306 PS;SIMPLE_INSTRUMENT;EFP_FIN;EUR;42;117.40000000;665;EXCHANGE_LAST;;1;1;XEUR;11286680;689;
12.02.2025;12:24:22.015;FGBM SI 20250306 PS;SIMPLE_INSTRUMENT;EFP_FIN;EUR;43;117.38000000;1299;EXCHANGE_LAST;;1;1;XEUR;11286680;689;
12.02.2025;12:35:20.670;FGBM SI 20250306 PS;SIMPLE_INSTRUMENT;EFS;EUR;44;117.38000000;918;EXCHANGE_LAST;;1;1;XEUR;11286680;689;
12.02.2025;12:36:51.516;FGBM SI 20250306 PS;SIMPLE_INSTRUMENT;EFP_FIN;EUR;45;117.40000000;106;EXCHANGE_LAST;;1;1;XEUR;11286680;689;
12.02.2025;12:36:57.598;FGBM SI 20250306 PS;SIMPLE_INSTRUMENT;EFP_FIN;EUR;46;117.40000000;106;EXCHANGE_LAST;;1;1;XEUR;11286680;689;
12.02.2025;12:51:37.687;FGBM SI 20250306 PS;SIMPLE_INSTRUMENT;EFS;EUR;47;117.39000000;456;EXCHANGE_LAST;;1;1;XEUR;11286680;689;
12.02.2025;12:51:27.266;FGBM SI 20250306 PS;SIMPLE_INSTRUMENT;EFS;EUR;48;117.39000000;918;EXCHANGE_LAST;;1;1;XEUR;11286680;689;
12.02.2025;12:53:37.359;FGBM SI 20250306 PS;SIMPLE_INSTRUMENT;EFS;EUR;49;117.39000000;459;EXCHANGE_LAST;;1;1;XEUR;11286680;689;
12.02.2025;12:53:43.383;FGBM SI 20250306 PS;SIMPLE_INSTRUMENT;EFS;EUR;50;117.39000000;459;EXCHANGE_LAST;;1;1;XEUR;11286680;689;
12.02.2025;12:56:55.673;FGBM SI 20250306 PS;SIMPLE_INSTRUMENT;EFS;EUR;51;117.40000000;917;EXCHANGE_LAST;;1;1;XEUR;11286680;689;
12.02.2025;13:02:30.898;FGBM SI 20250306 PS;SIMPLE_INSTRUMENT;EFS;EUR;52;117.39000000;1377;EXCHANGE_LAST;;1;1;XEUR;11286680;689;
12.02.2025;13:04:01.856;FGBM SI 20250306 PS;SIMPLE_INSTRUMENT;EFS;EUR;53;117.41000000;229;EXCHANGE_LAST;;1;1;XEUR;11286680;689;
12.02.2025;13:06:48.750;FGBM SI 20250306 PS;SIMPLE_INSTRUMENT;EFS;EUR;54;117.41000000;688;EXCHANGE_LAST;;1;1;XEUR;11286680;689;
12.02.2025;13:10:34.061;FGBM SI 20250306 PS;SIMPLE_INSTRUMENT;EFS;EUR;55;117.40000000;918;EXCHANGE_LAST;;1;1;XEUR;11286680;689;
12.02.2025;13:21:06.323;FGBM SI 20250306 PS;SIMPLE_INSTRUMENT;EFP_FIN;EUR;56;117.41000000;1134;EXCHANGE_LAST;;1;1;XEUR;11286680;689;
12.02.2025;13:23:05.565;FGBM SI 20250306 PS;SIMPLE_INSTRUMENT;EFS;EUR;57;117.42000000;918;EXCHANGE_LAST;;1;1;XEUR;11286680;689;
12.02.2025;13:23:34.625;FGBM SI 20250306 PS;SIMPLE_INSTRUMENT;EFS;EUR;58;117.42000000;867;EXCHANGE_LAST;;1;1;XEUR;11286680;689;
12.02.2025;13:23:42.368;FGBM SI 20250306 PS;SIMPLE_INSTRUMENT;EFS;EUR;59;117.43000000;917;EXCHANGE_LAST;;1;1;XEUR;11286680;689;
12.02.2025;13:26:38.021;FGBM SI 20250306 PS;SIMPLE_INSTRUMENT;EFS;EUR;60;117.42000000;867;EXCHANGE_LAST;;1;1;XEUR;11286680;689;
12.02.2025;13:27:19.919;FGBM SI 20250306 PS;SIMPLE_INSTRUMENT;EFS;EUR;61;117.42000000;867;EXCHANGE_LAST;;1;1;XEUR;11286680;689;
12.02.2025;13:28:44.684;FGBM SI 20250306 PS;SIMPLE_INSTRUMENT;EFS;EUR;62;117.42000000;867;EXCHANGE_LAST;;1;1;XEUR;11286680;689;
12.02.2025;13:34:05.948;FGBM SI 20250306 PS;SIMPLE_INSTRUMENT;EFS;EUR;63;117.42000000;1301;EXCHANGE_LAST;;1;1;XEUR;11286680;689;
12.02.2025;13:38:34.237;FGBM SI 20250306 PS;SIMPLE_INSTRUMENT;EFS;EUR;64;117.42000000;917;EXCHANGE_LAST;;1;1;XEUR;11286680;689;
12.02.2025;13:53:43.736;FGBM SI 20250306 PS;SIMPLE_INSTRUMENT;EFS;EUR;65;117.30000000;597;EXCHANGE_LAST;;1;1;XEUR;11286680;689;
12.02.2025;13:54:17.784;FGBM SI 20250306 PS;SIMPLE_INSTRUMENT;EFS;EUR;66;117.29000000;1980;EXCHANGE_LAST;;1;1;XEUR;11286680;689;
12.02.2025;13:55:55.528;FGBM SI 20250306 PS;SIMPLE_INSTRUMENT;EFS;EUR;67;117.29000000;918;EXCHANGE_LAST;;1;1;XEUR;11286680;689;
12.02.2025;13:58:48.948;FGBM SI 20250306 PS;SIMPLE_INSTRUMENT;EFS;EUR;68;117.28000000;868;EXCHANGE_LAST;;1;1;XEUR;11286680;689;
12.02.2025;14:00:44.034;FGBM SI 20250306 PS;SIMPLE_INSTRUMENT;EFS;EUR;69;117.27000000;919;EXCHANGE_LAST;;1;1;XEUR;11286680;689;
12.02.2025;14:03:19.153;FGBM SI 20250306 PS;SIMPLE_INSTRUMENT;EFS;EUR;70;117.27000000;919;EXCHANGE_LAST;;1;1;XEUR;11286680;689;
12.02.2025;14:03:27.035;FGBM SI 20250306 PS;SIMPLE_INSTRUMENT;EFS;EUR;71;117.27000000;1377;EXCHANGE_LAST;;1;1;XEUR;11286680;689;
12.02.2025;14:04:56.809;FGBM SI 20250306 PS;SIMPLE_INSTRUMENT;EFP_FIN;EUR;72;117.29000000;473;EXCHANGE_LAST;;1;1;XEUR;11286680;689;
12.02.2025;14:17:56.228;FGBM SI 20250306 PS;SIMPLE_INSTRUMENT;EFP_FIN;EUR;73;117.28000000;272;EXCHANGE_LAST;;1;1;XEUR;11286680;689;
12.02.2025;14:36:18.342;FGBM SI 20250306 PS;SIMPLE_INSTRUMENT;EFS;EUR;74;117.29000000;918;EXCHANGE_LAST;;1;1;XEUR;11286680;689;
12.02.2025;14:37:04.916;FGBM SI 20250306 PS;SIMPLE_INSTRUMENT;EFS;EUR;75;117.29000000;459;EXCHANGE_LAST;;1;1;XEUR;11286680;689;
12.02.2025;14:41:31.113;FGBM SI 20250306 PS;SIMPLE_INSTRUMENT;EFS;EUR;76;117.27000000;867;EXCHANGE_LAST;;1;1;XEUR;11286680;689;
12.02.2025;14:51:14.038;FGBM SI 20250306 PS;SIMPLE_INSTRUMENT;EFS;EUR;77;117.27000000;919;EXCHANGE_LAST;;1;1;XEUR;11286680;689;
12.02.2025;14:54:47.974;FGBM SI 20250306 PS;SIMPLE_INSTRUMENT;EFP_FIN;EUR;78;117.38000000;1294;EXCHANGE_LAST;;1;1;XEUR;11286680;689;
12.02.2025;14:56:58.532;FGBM SI 20250306 PS;SIMPLE_INSTRUMENT;EFP_FIN;EUR;79;117.40000000;472;EXCHANGE_LAST;;1;1;XEUR;11286680;689;
12.02.2025;14:57:29.309;FGBM SI 20250306 PS;SIMPLE_INSTRUMENT;EFS;EUR;80;117.27000000;868;EXCHANGE_LAST;;1;1;XEUR;11286680;689;
12.02.2025;15:01:54.482;FGBM SI 20250306 PS;SIMPLE_INSTRUMENT;EFS;EUR;81;117.27000000;868;EXCHANGE_LAST;;1;1;XEUR;11286680;689;
12.02.2025;15:06:48.058;FGBM SI 20250306 PS;SIMPLE_INSTRUMENT;EFS;EUR;83;117.26000000;1914;EXCHANGE_LAST;;1;1;XEUR;11286680;689;
12.02.2025;15:15:45.074;FGBM SI 20250306 PS;SIMPLE_INSTRUMENT;EFS;EUR;84;117.25000000;1377;EXCHANGE_LAST;;1;1;XEUR;11286680;689;
12.02.2025;15:16:01.089;FGBM SI 20250306 PS;SIMPLE_INSTRUMENT;EFS;EUR;86;117.24000000;1837;EXCHANGE_LAST;;1;1;XEUR;11286680;689;
12.02.2025;15:18:01.164;FGBM SI 20250306 PS;SIMPLE_INSTRUMENT;EFS;EUR;87;117.24000000;459;EXCHANGE_LAST;;1;1;XEUR;11286680;689;
12.02.2025;15:18:33.078;FGBM SI 20250306 PS;SIMPLE_INSTRUMENT;EFS;EUR;88;117.25000000;1377;EXCHANGE_LAST;;1;1;XEUR;11286680;689;
12.02.2025;15:19:29.827;FGBM SI 20250306 PS;SIMPLE_INSTRUMENT;EFP_FIN;EUR;89;117.26000000;232;EXCHANGE_LAST;;1;1;XEUR;11286680;689;
12.02.2025;15:20:51.288;FGBM SI 20250306 PS;SIMPLE_INSTRUMENT;EFS;EUR;90;117.27000000;868;EXCHANGE_LAST;;1;1;XEUR;11286680;689;
12.02.2025;15:27:30.381;FGBM SI 20250306 PS;SIMPLE_INSTRUMENT;EFS;EUR;91;117.24000000;434;EXCHANGE_LAST;;1;1;XEUR;11286680;689;
12.02.2025;15:46:00.848;FGBM SI 20250306 PS;SIMPLE_INSTRUMENT;EFS;EUR;92;117.22000000;918;EXCHANGE_LAST;;1;1;XEUR;11286680;689;
12.02.2025;15:46:46.006;FGBM SI 20250306 PS;SIMPLE_INSTRUMENT;EFP_FIN;EUR;93;117.23000000;2157;EXCHANGE_LAST;;1;1;XEUR;11286680;689;
12.02.2025;16:00:27.037;FGBM SI 20250306 PS;SIMPLE_INSTRUMENT;EFP_FIN;EUR;94;117.22000000;201;EXCHANGE_LAST;;1;1;XEUR;11286680;689;
12.02.2025;16:01:00.634;FGBM SI 20250306 PS;SIMPLE_INSTRUMENT;EFP_FIN;EUR;95;117.22000000;949;EXCHANGE_LAST;;1;1;XEUR;11286680;689;
12.02.2025;16:01:30.978;FGBM SI 20250306 PS;SIMPLE_INSTRUMENT;EFS;EUR;96;117.21000000;459;EXCHANGE_LAST;;1;1;XEUR;11286680;689;
12.02.2025;16:04:14.239;FGBM SI 20250306 PS;SIMPLE_INSTRUMENT;EFS;EUR;97;117.20000000;459;EXCHANGE_LAST;;1;1;XEUR;11286680;689;
12.02.2025;16:20:32.808;FGBM SI 20250306 PS;SIMPLE_INSTRUMENT;EFS;EUR;98;117.23000000;918;EXCHANGE_LAST;;1;1;XEUR;11286680;689;
12.02.2025;16:32:49.121;FGBM SI 20250306 PS;SIMPLE_INSTRUMENT;EFP_FIN;EUR;100;117.22000000;548;EXCHANGE_LAST;;1;1;XEUR;11286680;689;
12.02.2025;16:33:39.699;FGBM SI 20250306 PS;SIMPLE_INSTRUMENT;EFS;EUR;101;117.23000000;918;EXCHANGE_LAST;;1;1;XEUR;11286680;689;
12.02.2025;16:36:32.390;FGBM SI 20250306 PS;SIMPLE_INSTRUMENT;EFP_FIN;EUR;102;117.23000000;475;EXCHANGE_LAST;;1;1;XEUR;11286680;689;
12.02.2025;16:42:42.584;FGBM SI 20250306 PS;SIMPLE_INSTRUMENT;EFS;EUR;103;117.26000000;918;EXCHANGE_LAST;;1;1;XEUR;11286680;689;
12.02.2025;16:45:27.469;FGBM SI 20250306 PS;SIMPLE_INSTRUMENT;EFS;EUR;104;117.26000000;918;EXCHANGE_LAST;;1;1;XEUR;11286680;689;
12.02.2025;16:52:27.287;FGBM SI 20250306 PS;SIMPLE_INSTRUMENT;EFS;EUR;105;117.25000000;850;EXCHANGE_LAST;;1;1;XEUR;11286680;689;
12.02.2025;17:50:58.433;FGBM SI 20250306 PS;SIMPLE_INSTRUMENT;EFP_FIN;EUR;107;117.38000000;1294;EXCHANGE_LAST;;1;1;XEUR;11286680;689;
12.02.2025;15:59:59.225;FGBM SI 20250306 PS;SIMPLE_INSTRUMENT;VOLA;EUR;268435580;117.23000000;1680;EXCHANGE_LAST;;1;1;XEUR;11286680;689;
12.02.2025;09:42:06.470;FGBS SI 20250306 PS;SIMPLE_INSTRUMENT;EFP_FIN;EUR;2;106.82000000;1477;EXCHANGE_LAST;;1;1;XEUR;11286681;690;
12.02.2025;09:42:22.603;FGBS SI 20250306 PS;SIMPLE_INSTRUMENT;EFP_FIN;EUR;3;106.82000000;222;EXCHANGE_LAST;;1;1;XEUR;11286681;690;
12.02.2025;09:42:40.140;FGBS SI 20250306 PS;SIMPLE_INSTRUMENT;EFP_FIN;EUR;4;106.82000000;517;EXCHANGE_LAST;;1;1;XEUR;11286681;690;
12.02.2025;10:02:53.266;FGBS SI 20250306 PS;SIMPLE_INSTRUMENT;EFS;EUR;5;106.81000000;4109;EXCHANGE_LAST;;1;1;XEUR;11286681;690;
12.02.2025;10:32:36.353;FGBS SI 20250306 PS;SIMPLE_INSTRUMENT;EFS;EUR;6;106.79000000;2000;EXCHANGE_LAST;;1;1;XEUR;11286681;690;
12.02.2025;11:18:13.791;FGBS SI 20250306 PS;SIMPLE_INSTRUMENT;EFP_FIN;EUR;7;106.78500000;226;EXCHANGE_LAST;;1;1;XEUR;11286681;690;
12.02.2025;11:18:28.792;FGBS SI 20250306 PS;SIMPLE_INSTRUMENT;EFP_FIN;EUR;8;106.78500000;269;EXCHANGE_LAST;;1;1;XEUR;11286681;690;
12.02.2025;11:21:01.800;FGBS SI 20250306 PS;SIMPLE_INSTRUMENT;EFP_FIN;EUR;9;106.77000000;1062;EXCHANGE_LAST;;1;1;XEUR;11286681;690;
12.02.2025;11:41:10.235;FGBS SI 20250306 PS;SIMPLE_INSTRUMENT;EFP_FIN;EUR;10;106.77000000;206;EXCHANGE_LAST;;1;1;XEUR;11286681;690;
12.02.2025;12:07:03.131;FGBS SI 20250306 PS;SIMPLE_INSTRUMENT;EFS;EUR;11;106.77500000;4109;EXCHANGE_LAST;;1;1;XEUR;11286681;690;
12.02.2025;12:11:25.783;FGBS SI 20250306 PS;SIMPLE_INSTRUMENT;EFP_FIN;EUR;12;106.78000000;380;EXCHANGE_LAST;;1;1;XEUR;11286681;690;
12.02.2025;12:23:57.502;FGBS SI 20250306 PS;SIMPLE_INSTRUMENT;EFS;EUR;13;106.77500000;2741;EXCHANGE_LAST;;1;1;XEUR;11286681;690;
12.02.2025;12:53:54.491;FGBS SI 20250306 PS;SIMPLE_INSTRUMENT;EFP_FIN;EUR;14;106.78000000;1653;EXCHANGE_LAST;;1;1;XEUR;11286681;690;
12.02.2025;13:12:19.486;FGBS SI 20250306 PS;SIMPLE_INSTRUMENT;EFP_FIN;EUR;15;106.79000000;1241;EXCHANGE_LAST;;1;1;XEUR;11286681;690;
12.02.2025;13:18:32.240;FGBS SI 20250306 PS;SIMPLE_INSTRUMENT;EFP_FIN;EUR;16;106.79000000;207;EXCHANGE_LAST;;1;1;XEUR;11286681;690;
12.02.2025;13:30:22.700;FGBS SI 20250306 PS;SIMPLE_INSTRUMENT;EFP_FIN;EUR;17;106.79500000;518;EXCHANGE_LAST;;1;1;XEUR;11286681;690;
12.02.2025;13:33:12.011;FGBS SI 20250306 PS;SIMPLE_INSTRUMENT;EFP_FIN;EUR;18;106.79500000;961;EXCHANGE_LAST;;1;1;XEUR;11286681;690;
12.02.2025;14:01:39.095;FGBS SI 20250306 PS;SIMPLE_INSTRUMENT;EFS;EUR;19;106.75000000;5483;EXCHANGE_LAST;;1;1;XEUR;11286681;690;
12.02.2025;14:20:50.372;FGBS SI 20250306 PS;SIMPLE_INSTRUMENT;EFP_FIN;EUR;20;106.74500000;1579;EXCHANGE_LAST;;1;1;XEUR;11286681;690;
12.02.2025;14:28:22.547;FGBS SI 20250306 PS;SIMPLE_INSTRUMENT;EFS;EUR;21;106.76000000;2742;EXCHANGE_LAST;;1;1;XEUR;11286681;690;
12.02.2025;14:29:19.497;FGBS SI 20250306 PS;SIMPLE_INSTRUMENT;EFP_FIN;EUR;22;106.75000000;249;EXCHANGE_LAST;;1;1;XEUR;11286681;690;
12.02.2025;15:06:19.282;FGBS SI 20250306 PS;SIMPLE_INSTRUMENT;EFS;EUR;23;106.75500000;1322;EXCHANGE_LAST;;1;1;XEUR;11286681;690;
12.02.2025;15:22:00.564;FGBS SI 20250306 PS;SIMPLE_INSTRUMENT;EFS;EUR;24;106.75500000;3716;EXCHANGE_LAST;;1;1;XEUR;11286681;690;
12.02.2025;15:30:51.592;FGBS SI 20250306 PS;SIMPLE_INSTRUMENT;EFP_FIN;EUR;25;106.75000000;369;EXCHANGE_LAST;;1;1;XEUR;11286681;690;
12.02.2025;15:33:45.553;FGBS SI 20250306 PS;SIMPLE_INSTRUMENT;EFS;EUR;26;106.74500000;888;EXCHANGE_LAST;;1;1;XEUR;11286681;690;
12.02.2025;16:10:10.870;FGBS SI 20250306 PS;SIMPLE_INSTRUMENT;EFP_FIN;EUR;27;106.75000000;401;EXCHANGE_LAST;;1;1;XEUR;11286681;690;
12.02.2025;16:30:30.809;FGBS SI 20250306 PS;SIMPLE_INSTRUMENT;EFP_FIN;EUR;28;106.74000000;335;EXCHANGE_LAST;;1;1;XEUR;11286681;690;
12.02.2025;16:30:23.913;FGBS SI 20250306 PS;SIMPLE_INSTRUMENT;EFP_FIN;EUR;29;106.74000000;380;EXCHANGE_LAST;;1;1;XEUR;11286681;690;
12.02.2025;16:36:32.390;FGBS SI 20250306 PS;SIMPLE_INSTRUMENT;EFP_FIN;EUR;30;106.74000000;1135;EXCHANGE_LAST;;1;1;XEUR;11286681;690;
12.02.2025;16:39:55.213;FGBS SI 20250306 PS;SIMPLE_INSTRUMENT;EFP_FIN;EUR;31;106.74000000;344;EXCHANGE_LAST;;1;1;XEUR;11286681;690;
12.02.2025;16:45:29.856;FGBS SI 20250306 PS;SIMPLE_INSTRUMENT;EFP_FIN;EUR;32;106.74000000;284;EXCHANGE_LAST;;1;1;XEUR;11286681;690;
12.02.2025;08:47:19.718;FGBX SI 20250306 PS;SIMPLE_INSTRUMENT;BLOCK;EUR;1;128.90000000;177;EXCHANGE_LAST;;1;1;XEUR;11286682;691;
12.02.2025;10:41:09.975;FGBX SI 20250306 PS;SIMPLE_INSTRUMENT;EFS;EUR;4;128.92000000;15;EXCHANGE_LAST;;1;1;XEUR;11286682;691;
12.02.2025;11:09:35.074;FGBX SI 20250306 PS;SIMPLE_INSTRUMENT;EFP_FIN;EUR;5;128.90000000;55;EXCHANGE_LAST;;1;1;XEUR;11286682;691;
12.02.2025;11:21:21.431;FGBX SI 20250306 PS;SIMPLE_INSTRUMENT;EFS;EUR;6;129.16000000;246;EXCHANGE_LAST;;1;1;XEUR;11286682;691;
12.02.2025;11:32:49.640;FGBX SI 20250306 PS;SIMPLE_INSTRUMENT;EFS;EUR;7;129.10000000;133;EXCHANGE_LAST;;1;1;XEUR;11286682;691;
12.02.2025;11:54:17.802;FGBX SI 20250306 PS;SIMPLE_INSTRUMENT;EFS;EUR;8;129.06000000;25;EXCHANGE_LAST;;1;1;XEUR;11286682;691;
12.02.2025;11:56:38.695;FGBX SI 20250306 PS;SIMPLE_INSTRUMENT;EFP_FIN;EUR;9;129.08000000;80;EXCHANGE_LAST;;1;1;XEUR;11286682;691;
12.02.2025;12:00:31.746;FGBX SI 20250306 PS;SIMPLE_INSTRUMENT;EFP_FIN;EUR;10;129.08000000;186;EXCHANGE_LAST;;1;1;XEUR;11286682;691;
12.02.2025;12:03:53.120;FGBX SI 20250306 PS;SIMPLE_INSTRUMENT;EFS;EUR;11;129.04000000;354;EXCHANGE_LAST;;1;1;XEUR;11286682;691;
12.02.2025;12:45:26.378;FGBX SI 20250306 PS;SIMPLE_INSTRUMENT;EFS;EUR;12;129.08000000;379;EXCHANGE_LAST;;1;1;XEUR;11286682;691;
12.02.2025;12:51:33.741;FGBX SI 20250306 PS;SIMPLE_INSTRUMENT;EFS;EUR;13;129.26000000;378;EXCHANGE_LAST;;1;1;XEUR;11286682;691;
12.02.2025;13:12:59.671;FGBX SI 20250306 PS;SIMPLE_INSTRUMENT;EFP_FIN;EUR;14;129.28000000;59;EXCHANGE_LAST;;1;1;XEUR;11286682;691;
12.02.2025;13:16:32.373;FGBX SI 20250306 PS;SIMPLE_INSTRUMENT;BLOCK;EUR;15;129.24000000;189;EXCHANGE_LAST;;1;1;XEUR;11286682;691;
12.02.2025;13:28:59.715;FGBX SI 20250306 PS;SIMPLE_INSTRUMENT;EFS;EUR;16;129.30000000;379;EXCHANGE_LAST;;1;1;XEUR;11286682;691;
12.02.2025;13:58:33.799;FGBX SI 20250306 PS;SIMPLE_INSTRUMENT;EFS;EUR;17;128.72000000;73;EXCHANGE_LAST;;1;1;XEUR;11286682;691;
12.02.2025;14:02:57.817;FGBX SI 20250306 PS;SIMPLE_INSTRUMENT;EFS;EUR;18;128.66000000;190;EXCHANGE_LAST;;1;1;XEUR;11286682;691;
12.02.2025;14:22:49.378;FGBX SI 20250306 PS;SIMPLE_INSTRUMENT;EFP_FIN;EUR;19;128.46000000;114;EXCHANGE_LAST;;1;1;XEUR;11286682;691;
12.02.2025;14:23:05.119;FGBX SI 20250306 PS;SIMPLE_INSTRUMENT;EFS;EUR;20;128.50000000;92;EXCHANGE_LAST;;1;1;XEUR;11286682;691;
12.02.2025;14:25:16.538;FGBX SI 20250306 PS;SIMPLE_INSTRUMENT;EFS;EUR;21;128.44000000;134;EXCHANGE_LAST;;1;1;XEUR;11286682;691;
12.02.2025;14:32:21.360;FGBX SI 20250306 PS;SIMPLE_INSTRUMENT;BLOCK;EUR;22;129.16000000;123;EXCHANGE_LAST;;1;1;XEUR;11286682;691;
12.02.2025;14:37:24.875;FGBX SI 20250306 PS;SIMPLE_INSTRUMENT;EFS;EUR;23;128.58000000;133;EXCHANGE_LAST;;1;1;XEUR;11286682;691;
12.02.2025;14:52:01.014;FGBX SI 20250306 PS;SIMPLE_INSTRUMENT;EFS;EUR;24;128.38000000;370;EXCHANGE_LAST;;1;1;XEUR;11286682;691;
12.02.2025;15:02:29.624;FGBX SI 20250306 PS;SIMPLE_INSTRUMENT;BLOCK;EUR;26;128.94000000;122;EXCHANGE_LAST;;1;1;XEUR;11286682;691;
12.02.2025;15:06:48.058;FGBX SI 20250306 PS;SIMPLE_INSTRUMENT;EFS;EUR;28;128.32000000;368;EXCHANGE_LAST;;1;1;XEUR;11286682;691;
12.02.2025;15:17:35.922;FGBX SI 20250306 PS;SIMPLE_INSTRUMENT;EFS;EUR;30;128.38000000;229;EXCHANGE_LAST;;1;1;XEUR;11286682;691;
12.02.2025;16:53:41.408;FGBX SI 20250306 PS;SIMPLE_INSTRUMENT;EFS;EUR;37;128.44000000;159;EXCHANGE_LAST;;1;1;XEUR;11286682;691;
12.02.2025;06:54:56.846;FMBZ SI 20250321 CS;SIMPLE_INSTRUMENT;BLOCK;USD;4;510.05000000;1539;EXCHANGE_LAST;;1;1;XEUR;7592070;402910;
12.02.2025;07:52:53.727;FMCH SI 20250321 CS;SIMPLE_INSTRUMENT;BLOCK;USD;14;555.10000000;231;EXCHANGE_LAST;;1;1;XEUR;7592069;402909;
12.02.2025;10:14:43.792;FMCH SI 20250321 CS;SIMPLE_INSTRUMENT;BLOCK;USD;21;558.10000000;480;EXCHANGE_LAST;;1;1;XEUR;7592069;402909;
12.02.2025;12:22:50.710;FMCH SI 20250321 CS;SIMPLE_INSTRUMENT;BLOCK;USD;24;556.30000000;125;EXCHANGE_LAST;;1;1;XEUR;7592069;402909;
12.02.2025;16:45:10.871;FMCP SI 20250321 CS;SIMPLE_INSTRUMENT;BLOCK;EUR;72;568.00000000;421;EXCHANGE_LAST;;1;1;XEUR;11359149;662;
12.02.2025;16:45:06.751;FMCP SI 20250321 CS;SIMPLE_INSTRUMENT;BLOCK;EUR;73;564.00000000;388;EXCHANGE_LAST;;1;1;XEUR;11359149;662;
12.02.2025;09:30:49.280;FMEA SI 20250321 CS;SIMPLE_INSTRUMENT;BLOCK;USD;17;703.00000000;4267;EXCHANGE_LAST;;1;1;XEUR;7589834;12395;
12.02.2025;09:32:10.285;FMEA SI 20250620 CS;SIMPLE_INSTRUMENT;BLOCK;USD;18;711.22500000;4218;EXCHANGE_LAST;;1;1;XEUR;7938804;12395;
12.02.2025;07:15:12.206;FMEN SI 20250321 CS;SIMPLE_INSTRUMENT;EFP_IDX;EUR;8;537.30000000;18;EXCHANGE_LAST;;1;1;XEUR;7590212;30652;
12.02.2025;07:15:51.855;FMEN SI 20250321 CS;SIMPLE_INSTRUMENT;BLOCK;EUR;9;537.20000000;95;EXCHANGE_LAST;;1;1;XEUR;7590212;30652;
12.02.2025;06:41:30.405;FMES SI 20250321 CS;SIMPLE_INSTRUMENT;BLOCK;EUR;3;585.59100000;303;EXCHANGE_LAST;;1;1;XEUR;7591454;221291;
12.02.2025;09:19:06.823;FMGM SI 20250321 CS;SIMPLE_INSTRUMENT;EFP_IDX;USD;16;5045.32000000;3;EXCHANGE_LAST;;1;1;XEUR;8609374;583626;
12.02.2025;14:49:43.458;FMGO SI 20250321 CS;SIMPLE_INSTRUMENT;BLOCK;USD;25;5334.00000000;55;EXCHANGE_LAST;;1;1;XEUR;8609359;583623;
12.02.2025;07:47:29.532;FMGS SI 20250321 CS;SIMPLE_INSTRUMENT;BLOCK;USD;12;27926.12100000;1075;EXCHANGE_LAST;;1;1;XEUR;7590768;48912;
12.02.2025;17:46:48.322;FMGS SI 20250321 CS;SIMPLE_INSTRUMENT;BLOCK;USD;34;27719.00000000;4600;EXCHANGE_LAST;;1;1;XEUR;7590768;48912;
12.02.2025;18:30:47.259;FMGS SI 20250321 CS;SIMPLE_INSTRUMENT;BLOCK;USD;35;27753.60000000;721;EXCHANGE_LAST;;1;1;XEUR;7590768;48912;
12.02.2025;18:31:10.542;FMGS SI 20250620 CS;SIMPLE_INSTRUMENT;BLOCK;USD;36;28107.45800000;712;EXCHANGE_LAST;;1;1;XEUR;7939679;48912;
12.02.2025;01:42:00.428;FMHK SI 20250321 CS;SIMPLE_INSTRUMENT;BLOCK;USD;1;54850.00000000;27;EXCHANGE_LAST;;1;1;XEUR;7590500;45282;
12.02.2025;01:45:21.580;FMID SI 20250321 CS;SIMPLE_INSTRUMENT;EFP_IDX;USD;1;1454.11900000;60;EXCHANGE_LAST;;1;1;XEUR;7590528;45289;
12.02.2025;02:13:52.249;FMID SI 20250321 CS;SIMPLE_INSTRUMENT;BLOCK;USD;2;1452.67000000;48;EXCHANGE_LAST;;1;1;XEUR;7590528;45289;
12.02.2025;02:04:33.634;FMIN SI 20250321 CS;SIMPLE_INSTRUMENT;BLOCK;USD;2;1177.11500000;95;EXCHANGE_LAST;;1;1;XEUR;7589865;12404;
12.02.2025;08:09:50.478;FMIN SI 20250321 CS;SIMPLE_INSTRUMENT;BLOCK;USD;15;1177.11500000;86;EXCHANGE_LAST;;1;1;XEUR;7589865;12404;
12.02.2025;07:37:10.424;FMMU SI 20250321 CS;SIMPLE_INSTRUMENT;BLOCK;EUR;11;323.95000000;800;EXCHANGE_LAST;;1;1;XEUR;7590724;48138;
12.02.2025;09:45:42.911;FMMY SI 20250321 CS;SIMPLE_INSTRUMENT;BLOCK;USD;20;388.00000000;1;EXCHANGE_LAST;;1;1;XEUR;7589866;12405;
12.02.2025;07:48:34.396;FMWN SI 20250321 CS;SIMPLE_INSTRUMENT;EFP_IDX;EUR;13;606.39000000;54;EXCHANGE_LAST;;1;1;XEUR;7590222;30654;
12.02.2025;07:04:46.142;FMWO SI 20250321 CS;SIMPLE_INSTRUMENT;EFP_IDX;USD;5;12265.98000000;70;EXCHANGE_LAST;;1;1;XEUR;7589707;7059;
12.02.2025;07:05:23.247;FMWO SI 20250321 CS;SIMPLE_INSTRUMENT;EFP_IDX;USD;6;12266.78000000;33;EXCHANGE_LAST;;1;1;XEUR;7589707;7059;
12.02.2025;07:06:02.614;FMWO SI 20250321 CS;SIMPLE_INSTRUMENT;EFP_IDX;USD;7;12264.88000000;456;EXCHANGE_LAST;;1;1;XEUR;7589707;7059;
12.02.2025;07:16:20.499;FMWO SI 20250321 CS;SIMPLE_INSTRUMENT;EFP_IDX;USD;10;12260.88000000;687;EXCHANGE_LAST;;1;1;XEUR;7589707;7059;
12.02.2025;09:00:11.085;FOAT SI 20250306 PS;SIMPLE_INSTRUMENT;EFS;EUR;1;123.74000000;542;EXCHANGE_LAST;;1;1;XEUR;11286683;749;
12.02.2025;09:12:40.993;FOAT SI 20250306 PS;SIMPLE_INSTRUMENT;EFP_FIN;EUR;2;123.75000000;260;EXCHANGE_LAST;;1;1;XEUR;11286683;749;
12.02.2025;09:16:51.871;FOAT SI 20250306 PS;SIMPLE_INSTRUMENT;EFP_FIN;EUR;3;123.66000000;465;EXCHANGE_LAST;;1;1;XEUR;11286683;749;
12.02.2025;09:16:51.871;FOAT SI 20250306 PS;SIMPLE_INSTRUMENT;EFP_FIN;EUR;4;123.66000000;930;EXCHANGE_LAST;;1;1;XEUR;11286683;749;
12.02.2025;09:17:41.478;FOAT SI 20250306 PS;SIMPLE_INSTRUMENT;EFP_FIN;EUR;5;123.76000000;417;EXCHANGE_LAST;;1;1;XEUR;11286683;749;
12.02.2025;09:19:53.721;FOAT SI 20250306 PS;SIMPLE_INSTRUMENT;EFP_FIN;EUR;6;123.75000000;417;EXCHANGE_LAST;;1;1;XEUR;11286683;749;
12.02.2025;09:26:11.302;FOAT SI 20250306 PS;SIMPLE_INSTRUMENT;EFP_FIN;EUR;7;123.77000000;208;EXCHANGE_LAST;;1;1;XEUR;11286683;749;
12.02.2025;09:30:51.318;FOAT SI 20250306 PS;SIMPLE_INSTRUMENT;EFP_FIN;EUR;8;123.77000000;208;EXCHANGE_LAST;;1;1;XEUR;11286683;749;
12.02.2025;09:39:16.279;FOAT SI 20250306 PS;SIMPLE_INSTRUMENT;EFP_FIN;EUR;9;123.72000000;292;EXCHANGE_LAST;;1;1;XEUR;11286683;749;
12.02.2025;10:02:29.891;FOAT SI 20250306 PS;SIMPLE_INSTRUMENT;EFP_FIN;EUR;10;123.70000000;1039;EXCHANGE_LAST;;1;1;XEUR;11286683;749;
12.02.2025;10:11:22.381;FOAT SI 20250306 PS;SIMPLE_INSTRUMENT;EFP_FIN;EUR;11;123.68000000;525;EXCHANGE_LAST;;1;1;XEUR;11286683;749;
12.02.2025;10:16:13.580;FOAT SI 20250306 PS;SIMPLE_INSTRUMENT;EFP_FIN;EUR;12;123.67000000;260;EXCHANGE_LAST;;1;1;XEUR;11286683;749;
12.02.2025;10:25:56.534;FOAT SI 20250306 PS;SIMPLE_INSTRUMENT;EFP_FIN;EUR;13;123.61000000;539;EXCHANGE_LAST;;1;1;XEUR;11286683;749;
12.02.2025;10:28:10.997;FOAT SI 20250306 PS;SIMPLE_INSTRUMENT;EFP_FIN;EUR;14;123.62000000;1039;EXCHANGE_LAST;;1;1;XEUR;11286683;749;
12.02.2025;11:15:11.192;FOAT SI 20250306 PS;SIMPLE_INSTRUMENT;BLOCK;EUR;15;123.72000000;1077;EXCHANGE_LAST;;1;1;XEUR;11286683;749;
12.02.2025;11:12:24.548;FOAT SI 20250306 PS;SIMPLE_INSTRUMENT;EFP_FIN;EUR;16;123.68000000;1251;EXCHANGE_LAST;;1;1;XEUR;11286683;749;
12.02.2025;11:19:38.022;FOAT SI 20250306 PS;SIMPLE_INSTRUMENT;EFP_FIN;EUR;17;123.62000000;260;EXCHANGE_LAST;;1;1;XEUR;11286683;749;
12.02.2025;11:29:33.652;FOAT SI 20250306 PS;SIMPLE_INSTRUMENT;EFP_FIN;EUR;18;123.68000000;355;EXCHANGE_LAST;;1;1;XEUR;11286683;749;
12.02.2025;11:32:41.103;FOAT SI 20250306 PS;SIMPLE_INSTRUMENT;EFP_FIN;EUR;19;123.68000000;772;EXCHANGE_LAST;;1;1;XEUR;11286683;749;
12.02.2025;11:46:53.354;FOAT SI 20250306 PS;SIMPLE_INSTRUMENT;EFP_FIN;EUR;20;123.65000000;1002;EXCHANGE_LAST;;1;1;XEUR;11286683;749;
12.02.2025;11:58:25.749;FOAT SI 20250306 PS;SIMPLE_INSTRUMENT;EFP_FIN;EUR;21;123.71000000;2085;EXCHANGE_LAST;;1;1;XEUR;11286683;749;
12.02.2025;12:09:10.065;FOAT SI 20250306 PS;SIMPLE_INSTRUMENT;EFP_FIN;EUR;22;123.71000000;124;EXCHANGE_LAST;;1;1;XEUR;11286683;749;
12.02.2025;12:20:58.775;FOAT SI 20250306 PS;SIMPLE_INSTRUMENT;EFP_FIN;EUR;23;123.71000000;156;EXCHANGE_LAST;;1;1;XEUR;11286683;749;
12.02.2025;13:02:47.429;FOAT SI 20250306 PS;SIMPLE_INSTRUMENT;EFP_FIN;EUR;24;123.68000000;354;EXCHANGE_LAST;;1;1;XEUR;11286683;749;
12.02.2025;13:10:05.797;FOAT SI 20250306 PS;SIMPLE_INSTRUMENT;EFP_FIN;EUR;25;123.75000000;175;EXCHANGE_LAST;;1;1;XEUR;11286683;749;
12.02.2025;13:17:46.657;FOAT SI 20250306 PS;SIMPLE_INSTRUMENT;EFP_FIN;EUR;26;123.75000000;1396;EXCHANGE_LAST;;1;1;XEUR;11286683;749;
12.02.2025;13:21:51.602;FOAT SI 20250306 PS;SIMPLE_INSTRUMENT;EFP_FIN;EUR;27;123.76000000;417;EXCHANGE_LAST;;1;1;XEUR;11286683;749;
12.02.2025;13:25:33.485;FOAT SI 20250306 PS;SIMPLE_INSTRUMENT;EFP_FIN;EUR;28;123.74000000;164;EXCHANGE_LAST;;1;1;XEUR;11286683;749;
12.02.2025;13:31:28.371;FOAT SI 20250306 PS;SIMPLE_INSTRUMENT;EFP_FIN;EUR;29;123.77000000;248;EXCHANGE_LAST;;1;1;XEUR;11286683;749;
12.02.2025;13:32:15.236;FOAT SI 20250306 PS;SIMPLE_INSTRUMENT;EFP_FIN;EUR;30;123.76000000;312;EXCHANGE_LAST;;1;1;XEUR;11286683;749;
12.02.2025;14:00:18.225;FOAT SI 20250306 PS;SIMPLE_INSTRUMENT;EFP_FIN;EUR;31;123.76000000;625;EXCHANGE_LAST;;1;1;XEUR;11286683;749;
12.02.2025;14:34:28.710;FOAT SI 20250306 PS;SIMPLE_INSTRUMENT;EFP_FIN;EUR;32;123.36000000;1668;EXCHANGE_LAST;;1;1;XEUR;11286683;749;
12.02.2025;14:41:17.203;FOAT SI 20250306 PS;SIMPLE_INSTRUMENT;EFP_FIN;EUR;33;123.36000000;245;EXCHANGE_LAST;;1;1;XEUR;11286683;749;
12.02.2025;15:30:32.116;FOAT SI 20250306 PS;SIMPLE_INSTRUMENT;EFP_FIN;EUR;34;123.50000000;834;EXCHANGE_LAST;;1;1;XEUR;11286683;749;
12.02.2025;15:34:27.080;FOAT SI 20250306 PS;SIMPLE_INSTRUMENT;EFS;EUR;35;123.36000000;1050;EXCHANGE_LAST;;1;1;XEUR;11286683;749;
12.02.2025;15:36:33.949;FOAT SI 20250306 PS;SIMPLE_INSTRUMENT;EFP_FIN;EUR;36;123.38000000;1334;EXCHANGE_LAST;;1;1;XEUR;11286683;749;
12.02.2025;15:42:13.045;FOAT SI 20250306 PS;SIMPLE_INSTRUMENT;EFP_FIN;EUR;37;123.38000000;417;EXCHANGE_LAST;;1;1;XEUR;11286683;749;
12.02.2025;15:55:27.175;FOAT SI 20250306 PS;SIMPLE_INSTRUMENT;EFP_FIN;EUR;38;123.65000000;3586;EXCHANGE_LAST;;1;1;XEUR;11286683;749;
12.02.2025;15:54:34.688;FOAT SI 20250306 PS;SIMPLE_INSTRUMENT;EFP_FIN;EUR;39;123.35000000;834;EXCHANGE_LAST;;1;1;XEUR;11286683;749;
12.02.2025;15:54:37.225;FOAT SI 20250306 PS;SIMPLE_INSTRUMENT;EFP_FIN;EUR;40;123.65000000;1002;EXCHANGE_LAST;;1;1;XEUR;11286683;749;
12.02.2025;15:58:21.795;FOAT SI 20250306 PS;SIMPLE_INSTRUMENT;EFP_FIN;EUR;41;123.33000000;3753;EXCHANGE_LAST;;1;1;XEUR;11286683;749;
12.02.2025;16:05:00.941;FOAT SI 20250306 PS;SIMPLE_INSTRUMENT;EFP_FIN;EUR;42;123.34000000;251;EXCHANGE_LAST;;1;1;XEUR;11286683;749;
12.02.2025;16:12:49.073;FOAT SI 20250306 PS;SIMPLE_INSTRUMENT;EFP_FIN;EUR;43;123.34000000;196;EXCHANGE_LAST;;1;1;XEUR;11286683;749;
12.02.2025;16:20:37.384;FOAT SI 20250306 PS;SIMPLE_INSTRUMENT;EFP_FIN;EUR;44;123.35000000;2502;EXCHANGE_LAST;;1;1;XEUR;11286683;749;
12.02.2025;16:22:12.442;FOAT SI 20250306 PS;SIMPLE_INSTRUMENT;EFP_FIN;EUR;45;123.35000000;61;EXCHANGE_LAST;;1;1;XEUR;11286683;749;
12.02.2025;16:36:32.390;FOAT SI 20250306 PS;SIMPLE_INSTRUMENT;EFP_FIN;EUR;46;123.36000000;57;EXCHANGE_LAST;;1;1;XEUR;11286683;749;
12.02.2025;16:47:43.082;FOAT SI 20250306 PS;SIMPLE_INSTRUMENT;EFP_FIN;EUR;48;123.34000000;374;EXCHANGE_LAST;;1;1;XEUR;11286683;749;
12.02.2025;16:52:10.352;FOAT SI 20250306 PS;SIMPLE_INSTRUMENT;EFP_FIN;EUR;49;123.42000000;1251;EXCHANGE_LAST;;1;1;XEUR;11286683;749;
12.02.2025;16:54:16.683;FOAT SI 20250306 PS;SIMPLE_INSTRUMENT;EFP_FIN;EUR;50;123.38000000;417;EXCHANGE_LAST;;1;1;XEUR;11286683;749;
12.02.2025;16:55:15.308;FOAT SI 20250306 PS;SIMPLE_INSTRUMENT;EFP_FIN;EUR;51;123.42000000;1668;EXCHANGE_LAST;;1;1;XEUR;11286683;749;
12.02.2025;17:01:06.010;FOAT SI 20250306 PS;SIMPLE_INSTRUMENT;EFP_FIN;EUR;52;123.42000000;1251;EXCHANGE_LAST;;1;1;XEUR;11286683;749;
12.02.2025;17:04:07.982;FOAT SI 20250306 PS;SIMPLE_INSTRUMENT;EFP_FIN;EUR;53;123.34000000;356;EXCHANGE_LAST;;1;1;XEUR;11286683;749;
12.02.2025;17:04:42.871;FOAT SI 20250306 PS;SIMPLE_INSTRUMENT;EFP_FIN;EUR;54;123.42000000;1251;EXCHANGE_LAST;;1;1;XEUR;11286683;749;
12.02.2025;17:05:50.584;FOAT SI 20250306 PS;SIMPLE_INSTRUMENT;EFP_FIN;EUR;55;123.41000000;143;EXCHANGE_LAST;;1;1;XEUR;11286683;749;
12.02.2025;17:25:04.373;FOAT SI 20250306 PS;SIMPLE_INSTRUMENT;EFP_FIN;EUR;56;123.44000000;1010;EXCHANGE_LAST;;1;1;XEUR;11286683;749;
12.02.2025;17:36:36.011;FOAT SI 20250306 PS;SIMPLE_INSTRUMENT;EFP_FIN;EUR;57;123.33000000;5004;EXCHANGE_LAST;;1;1;XEUR;11286683;749;
12.02.2025;16:47:12.969;FSCP SI 20250321 CS;SIMPLE_INSTRUMENT;EFP_IDX;EUR;77;350.30000000;41;EXCHANGE_LAST;;1;1;XEUR;11360241;764;
12.02.2025;16:47:38.002;FSCP SI 20250321 CS;SIMPLE_INSTRUMENT;EFP_IDX;EUR;79;350.60000000;88;EXCHANGE_LAST;;1;1;XEUR;11360241;764;
12.02.2025;16:48:58.498;FSEG SI 20250321 CS;SIMPLE_INSTRUMENT;EFP_IDX;EUR;81;202.90000000;100;EXCHANGE_LAST;;1;1;XEUR;11393888;109977;
12.02.2025;16:51:31.608;FSEG SI 20250321 CS;SIMPLE_INSTRUMENT;EFP_IDX;EUR;86;203.00000000;10;EXCHANGE_LAST;;1;1;XEUR;11393888;109977;
12.02.2025;16:52:12.602;FSEG SI 20250321 CS;SIMPLE_INSTRUMENT;EFP_IDX;EUR;87;202.90000000;90;EXCHANGE_LAST;;1;1;XEUR;11393888;109977;
12.02.2025;16:54:44.908;FSEG SI 20250321 CS;SIMPLE_INSTRUMENT;EFP_IDX;EUR;90;202.80000000;99;EXCHANGE_LAST;;1;1;XEUR;11393888;109977;
12.02.2025;16:56:03.001;FSEG SI 20250321 CS;SIMPLE_INSTRUMENT;EFP_IDX;EUR;91;203.00000000;134;EXCHANGE_LAST;;1;1;XEUR;11393888;109977;
12.02.2025;16:43:21.367;FSMI SI 20250321 CS;SIMPLE_INSTRUMENT;EFP_IDX;CHF;1;12678.00000000;170;EXCHANGE_LAST;;1;1;XEUR;7793721;757;
12.02.2025;16:43:28.262;FSMI SI 20250321 CS;SIMPLE_INSTRUMENT;EFP_IDX;CHF;2;12679.00000000;30;EXCHANGE_LAST;;1;1;XEUR;7793721;757;
12.02.2025;17:15:07.672;FSMI SI 20250321 CS;SIMPLE_INSTRUMENT;EFP_IDX;CHF;3;12680.00000000;400;EXCHANGE_LAST;;1;1;XEUR;7793721;757;
12.02.2025;16:10:18.338;FSMI SI 20250321 CS;SIMPLE_INSTRUMENT;VOLA;CHF;603979845;12660.00000000;66;EXCHANGE_LAST;;1;1;XEUR;7793721;757;
12.02.2025;15:09:49.463;FSMX SI 20250321 CS;SIMPLE_INSTRUMENT;BLOCK;EUR;58;27373.00000000;444;EXCHANGE_LAST;;1;1;XEUR;11405203;396422;
12.02.2025;15:09:49.484;FSMX SI 20250321 CS;SIMPLE_INSTRUMENT;BLOCK;EUR;59;27370.00000000;297;EXCHANGE_LAST;;1;1;XEUR;11405203;396422;
12.02.2025;16:49:37.779;FSMX SI 20250321 CS;SIMPLE_INSTRUMENT;EFP_IDX;EUR;82;27279.00000000;438;EXCHANGE_LAST;;1;1;XEUR;11405203;396422;
12.02.2025;16:49:50.084;FSMX SI 20250321 CS;SIMPLE_INSTRUMENT;EFP_IDX;EUR;83;27280.00000000;187;EXCHANGE_LAST;;1;1;XEUR;11405203;396422;
12.02.2025;17:02:02.745;FSMX SI 20250321 CS;SIMPLE_INSTRUMENT;EFP_IDX;EUR;84;27279.00000000;437;EXCHANGE_LAST;;1;1;XEUR;11405203;396422;
12.02.2025;17:02:17.943;FSMX SI 20250321 CS;SIMPLE_INSTRUMENT;EFP_IDX;EUR;85;27280.00000000;188;EXCHANGE_LAST;;1;1;XEUR;11405203;396422;
12.02.2025;16:57:15.782;FSTB SI 20250321 CS;SIMPLE_INSTRUMENT;EFP_IDX;EUR;88;244.80000000;440;EXCHANGE_LAST;;1;1;XEUR;11359807;714;
12.02.2025;16:57:06.906;FSTB SI 20250321 CS;SIMPLE_INSTRUMENT;EFP_IDX;EUR;89;244.90000000;293;EXCHANGE_LAST;;1;1;XEUR;11359807;714;
12.02.2025;13:08:40.885;FSTE SI 20250321 CS;SIMPLE_INSTRUMENT;BLOCK;EUR;1;362.90000000;270;EXCHANGE_LAST;;1;1;XEUR;11359812;719;
12.02.2025;16:53:41.278;FSTE SI 20250321 CS;SIMPLE_INSTRUMENT;EFP_IDX;EUR;8;366.30000000;79;EXCHANGE_LAST;;1;1;XEUR;11359812;719;
12.02.2025;16:53:59.028;FSTE SI 20250321 CS;SIMPLE_INSTRUMENT;EFP_IDX;EUR;9;366.40000000;119;EXCHANGE_LAST;;1;1;XEUR;11359812;719;
12.02.2025;17:04:31.876;FSTE SI 20250321 CS;SIMPLE_INSTRUMENT;EFP_IDX;EUR;10;366.40000000;59;EXCHANGE_LAST;;1;1;XEUR;11359812;719;
12.02.2025;17:05:20.148;FSTE SI 20250321 CS;SIMPLE_INSTRUMENT;EFP_IDX;EUR;11;366.30000000;58;EXCHANGE_LAST;;1;1;XEUR;11359812;719;
12.02.2025;16:11:40.832;FSTF SI 20250321 CS;SIMPLE_INSTRUMENT;EFP_IDX;EUR;5;899.70000000;191;EXCHANGE_LAST;;1;1;XEUR;11359810;718;
12.02.2025;16:11:56.061;FSTF SI 20250321 CS;SIMPLE_INSTRUMENT;EFP_IDX;EUR;6;899.90000000;234;EXCHANGE_LAST;;1;1;XEUR;11359810;718;
12.02.2025;16:43:29.726;FSTL SI 20250321 CS;SIMPLE_INSTRUMENT;BLOCK;EUR;70;129.60000000;264;EXCHANGE_LAST;;1;1;XEUR;11359767;706;
12.02.2025;16:43:48.853;FSTL SI 20250321 CS;SIMPLE_INSTRUMENT;BLOCK;EUR;71;129.40000000;396;EXCHANGE_LAST;;1;1;XEUR;11359767;706;
12.02.2025;16:48:22.423;FSTL SI 20250321 CS;SIMPLE_INSTRUMENT;EFP_IDX;EUR;80;129.50000000;144;EXCHANGE_LAST;;1;1;XEUR;11359767;706;
12.02.2025;16:47:12.129;FSTN SI 20250321 CS;SIMPLE_INSTRUMENT;EFP_IDX;EUR;76;748.60000000;7;EXCHANGE_LAST;;1;1;XEUR;11359761;704;
12.02.2025;16:47:24.671;FSTN SI 20250321 CS;SIMPLE_INSTRUMENT;EFP_IDX;EUR;78;748.70000000;65;EXCHANGE_LAST;;1;1;XEUR;11359761;704;
12.02.2025;17:31:10.124;FSTS SI 20250321 CS;SIMPLE_INSTRUMENT;BLOCK;EUR;13;550.00000000;400;EXCHANGE_LAST;;1;1;XEUR;11359775;709;
12.02.2025;14:58:30.482;FSTT SI 20250321 CS;SIMPLE_INSTRUMENT;BLOCK;EUR;3;250.10000000;675;EXCHANGE_LAST;;1;1;XEUR;11359772;708;
12.02.2025;14:58:53.966;FSTT SI 20250321 CS;SIMPLE_INSTRUMENT;BLOCK;EUR;4;250.30000000;480;EXCHANGE_LAST;;1;1;XEUR;11359772;708;
12.02.2025;13:06:43.236;FSTU SI 20250321 CS;SIMPLE_INSTRUMENT;BLOCK;EUR;51;383.80000000;260;EXCHANGE_LAST;;1;1;XEUR;11359815;730;
12.02.2025;16:45:44.106;FSTU SI 20250321 CS;SIMPLE_INSTRUMENT;BLOCK;EUR;74;382.00000000;7364;EXCHANGE_LAST;;1;1;XEUR;11359815;730;
12.02.2025;16:45:48.980;FSTU SI 20250321 CS;SIMPLE_INSTRUMENT;BLOCK;EUR;75;382.10000000;819;EXCHANGE_LAST;;1;1;XEUR;11359815;730;
12.02.2025;15:16:02.390;FUEM SI 20250321 CS;SIMPLE_INSTRUMENT;BLOCK;USD;60;115.10000000;500;EXCHANGE_LAST;;1;1;XEUR;11429254;772680;
12.02.2025;11:38:24.710;FXXP SI 20250321 CS;SIMPLE_INSTRUMENT;BLOCK;EUR;23;547.40000000;533;EXCHANGE_LAST;;1;1;XEUR;7793972;816;
12.02.2025;16:45:24.061;FXXP SI 20250321 CS;SIMPLE_INSTRUMENT;EFP_IDX;EUR;27;547.70000000;168;EXCHANGE_LAST;;1;1;XEUR;7793972;816;
12.02.2025;16:45:33.062;FXXP SI 20250321 CS;SIMPLE_INSTRUMENT;EFP_IDX;EUR;28;547.80000000;1514;EXCHANGE_LAST;;1;1;XEUR;7793972;816;
12.02.2025;16:50:19.076;FXXP SI 20250321 CS;SIMPLE_INSTRUMENT;BLOCK;EUR;29;547.70000000;488;EXCHANGE_LAST;;1;1;XEUR;7793972;816;
12.02.2025;16:50:05.075;FXXP SI 20250321 CS;SIMPLE_INSTRUMENT;BLOCK;EUR;30;547.80000000;487;EXCHANGE_LAST;;1;1;XEUR;7793972;816;
12.02.2025;17:02:13.160;FXXP SI 20250321 CS;SIMPLE_INSTRUMENT;EFP_IDX;EUR;31;547.60000000;100;EXCHANGE_LAST;;1;1;XEUR;7793972;816;
12.02.2025;17:02:35.849;FXXP SI 20250321 CS;SIMPLE_INSTRUMENT;EFP_IDX;EUR;32;547.70000000;400;EXCHANGE_LAST;;1;1;XEUR;7793972;816;
12.02.2025;11:44:00.548;G3ZF SI 20251219 CS;SIMPLE_INSTRUMENT;BLOCK;EUR;9;1.55000000;500;EXCHANGE_LAST;;1;1;XEUR;5914677;144760;
12.02.2025;11:57:31.536;GEBN.O.250212.BRT.000001;STANDARD_OPTION_STRATEGY;BLOCK;CHF;24;12.80000000;750;EXCHANGE_LAST;;2;1;XEUR;72061382199100327;882;
12.02.2025;11:57:31.536;GEBN SI 20251219 PS AM P 480.00 0;SIMPLE_INSTRUMENT;BLOCK;CHF;24;27.08000000;750;PRC_DECOMP_EXCHANGE;;;;XEUR;10407754;882;EXCHANGE
12.02.2025;11:57:31.536;GEBN SI 20250620 PS AM P 480.00 0;SIMPLE_INSTRUMENT;BLOCK;CHF;24;14.28000000;750;PRC_DECOMP_EXCHANGE;;;;XEUR;9550564;882;EXCHANGE
12.02.2025;09:31:01.691;GOB SI 20251219 PS AM C 88.00 0;SIMPLE_INSTRUMENT;BLOCK;EUR;13;13.05000000;800;EXCHANGE_LAST;;1;1;XEUR;6673139;874;
12.02.2025;09:33:32.738;GOB SI 20260619 PS AM C 100.00 0;SIMPLE_INSTRUMENT;BLOCK;EUR;15;9.45000000;396;EXCHANGE_LAST;;1;1;XEUR;9681994;874;
12.02.2025;09:33:52.915;GOB SI 20260619 PS AM C 100.00 0;SIMPLE_INSTRUMENT;BLOCK;EUR;16;9.40000000;704;EXCHANGE_LAST;;1;1;XEUR;9681994;874;
12.02.2025;15:50:07.308;GOCF SI 20250321 CS;SIMPLE_INSTRUMENT;BLOCK;USD;98;186.05390000;215;EXCHANGE_LAST;;1;1;XEUR;10719592;38619;
12.02.2025;10:50:31.073;GZF.O.250212.BR23.000002;STANDARD_OPTION_STRATEGY;BLOCK;EUR;23;-2.38000000;12500;EXCHANGE_LAST;;1;4;XEUR;72061266234982001;855;
12.02.2025;10:50:31.073;GZF SI 20281215 PS AM P 9.60 0;SIMPLE_INSTRUMENT;BLOCK;EUR;23;0.82000000;37500;PRC_DECOMP_MEMBER;;;;XEUR;10407744;855;MEMBER
12.02.2025;10:50:31.073;GZF SI 20281215 PS AM P 14.00 0;SIMPLE_INSTRUMENT;BLOCK;EUR;23;2.42000000;25000;PRC_DECOMP_MEMBER;;;;XEUR;10407767;855;MEMBER
12.02.2025;15:01:31.214;GZF SI 20250620 PS AM C 16.00 0;SIMPLE_INSTRUMENT;BLOCK;EUR;38;0.50000000;5000;EXCHANGE_LAST;;2;1;XEUR;7905360;855;
12.02.2025;14:00:52.264;HEI.O.250212.BUL.000002;STANDARD_OPTION_STRATEGY;BLOCK;EUR;5;4.60000000;2000;EXCHANGE_LAST;;1;2;XEUR;72061197515514284;839;
12.02.2025;14:00:52.264;HEI SI 20250620 PS AM C 140.00 0;SIMPLE_INSTRUMENT;BLOCK;EUR;5;10.36000000;2000;PRC_DECOMP_EXCHANGE;;;;XEUR;9549905;839;EXCHANGE
12.02.2025;14:00:52.264;HEI SI 20250620 PS AM C 150.00 0;SIMPLE_INSTRUMENT;BLOCK;EUR;5;5.76000000;2000;PRC_DECOMP_EXCHANGE;;;;XEUR;11361323;839;EXCHANGE
12.02.2025;11:52:59.216;HELN SI 20250620 PS AM P 135.00 0;SIMPLE_INSTRUMENT;BLOCK;CHF;25;1.03000000;1325;EXCHANGE_LAST;;1;1;XEUR;10641105;838;
12.02.2025;13:01:30.748;HELN SI 20250919 PS AM P 140.00 0;SIMPLE_INSTRUMENT;BLOCK;CHF;33;2.75000000;1465;EXCHANGE_LAST;;1;1;XEUR;11882608;838;
12.02.2025;10:23:52.067;HMI SI 20250620 PS AM C 2880.00 0;SIMPLE_INSTRUMENT;BLOCK;EUR;19;120.85000000;50;EXCHANGE_LAST;;1;1;XEUR;12680735;950;
12.02.2025;14:16:18.583;I3ES SI 20250620 CS;SIMPLE_INSTRUMENT;BLOCK;EUR;82;0.17100000;17500;EXCHANGE_LAST;;1;1;XEUR;10842363;913;
12.02.2025;11:08:33.966;IBE SI 20250620 PS AM P 13.00 0;SIMPLE_INSTRUMENT;BLOCK;EUR;8;0.30000000;12500;EXCHANGE_LAST;;1;1;XEUR;10408653;908;
12.02.2025;11:07:59.769;IBE SI 20250620 PS AM P 13.00 0;SIMPLE_INSTRUMENT;BLOCK;EUR;9;0.29000000;37500;EXCHANGE_LAST;;1;1;XEUR;10408653;908;
12.02.2025;14:15:13.827;IESI.S.MAR25.JUN25.SPD;FUTURES_SPREAD;BLOCK;EUR;81;0.12230000;20000;EXCHANGE_LAST;;1;1;XEUR;72061463803462917;901;
12.02.2025;14:15:13.827;IESI SI 20250320 CS;SIMPLE_INSTRUMENT;BLOCK;EUR;81;4.43400000;20000;PRC_DECOMP_EXCHANGE;;;;XEUR;10688352;901;EXCHANGE
12.02.2025;14:15:13.827;IESI SI 20250619 CS;SIMPLE_INSTRUMENT;BLOCK;EUR;81;4.31170000;20000;PRC_DECOMP_EXCHANGE;;;;XEUR;11162717;901;EXCHANGE
12.02.2025;10:18:28.202;IFX.O.250212.BER.000002;STANDARD_OPTION_STRATEGY;BLOCK;EUR;1;0.29000000;3500;EXCHANGE_LAST;;1;1;XEUR;72061468098469600;902;
