#Date;TrdTime;Contract;ContractType;TrdTyp;Currency;TesId;Prc;Qty;TrdInd;Aggressor;Buy;Sell;Exch;InstrumentId;RelatedProdId;PrcDecomp
15.05.2025;10:52:30.982;2FE SI 20250717 PS AM C 460.00 0;SIMPLE_INSTRUMENT;BLOCK;EUR;5;11.30000000;350;EXCHANGE_LAST;;1;2;XEUR;13264603;57129;
15.05.2025;13:42:22.001;2FE.O.250515.STD.000002;STANDARD_OPTION_STRATEGY;BLOCK;EUR;18;116.50000000;100;EXCHANGE_LAST;;1;1;XEUR;72302961224584391;57129;
15.05.2025;13:42:22.001;2FE SI 20261217 PS AM P 440.00 0;SIMPLE_INSTRUMENT;BLOCK;EUR;18;52.22300000;100;PRC_DECOMP_EXCHANGE;;;;XEUR;12751319;57129;EXCHANGE
15.05.2025;13:42:22.001;2FE SI 20261217 PS AM C 440.00 0;SIMPLE_INSTRUMENT;BLOCK;EUR;18;64.27700000;100;PRC_DECOMP_EXCHANGE;;;;XEUR;12751331;57129;EXCHANGE
15.05.2025;15:21:51.814;A2DS SI 20250620 CS;SIMPLE_INSTRUMENT;BLOCK;EUR;146;2.00000000;32;EXCHANGE_LAST;;1;1;XEUR;10862452;9701;
15.05.2025;12:35:59.140;A2SG SI 20250620 CS;SIMPLE_INSTRUMENT;BLOCK;EUR;93;1.43000000;98;EXCHANGE_LAST;;1;1;XEUR;10827627;14;
15.05.2025;12:49:18.336;A2SG SI 20250620 CS;SIMPLE_INSTRUMENT;BLOCK;EUR;99;1.43000000;890;EXCHANGE_LAST;;1;1;XEUR;10827627;14;
15.05.2025;13:00:39.281;A2XA SI 20250620 CS;SIMPLE_INSTRUMENT;BLOCK;EUR;105;2.15000000;2640;EXCHANGE_LAST;;1;1;XEUR;10827630;17;
15.05.2025;15:13:13.675;ABBE.O.250515.PDIA.000001;STANDARD_OPTION_STRATEGY;BLOCK;CHF;71;0.01000000;3500;EXCHANGE_LAST;;1;2;XEUR;74525121468962394;574516;
15.05.2025;15:13:13.675;ABBE SI 20250516 PS EU P 48.00 0;SIMPLE_INSTRUMENT;BLOCK;CHF;71;0.65000000;3500;PRC_DECOMP_EXCHANGE;;;;XEUR;12854092;574516;EXCHANGE
15.05.2025;15:13:13.675;ABBE SI 20250620 PS EU P 46.00 0;SIMPLE_INSTRUMENT;BLOCK;CHF;71;0.66000000;3500;PRC_DECOMP_EXCHANGE;;;;XEUR;11409829;574516;EXCHANGE
15.05.2025;08:07:06.552;ABBN FI 20250611 CS EU C 48.5000 0;FLEXIBLE_INSTRUMENT;BLOCK;CHF;2;0.56000000;1600;EXCHANGE_LAST;;1;1;XEUR;1155389036332854045;574517;
15.05.2025;10:30:29.234;ABBN SI 20260619 PS AM P 44.00 0;SIMPLE_INSTRUMENT;BLOCK;CHF;39;3.67000000;1000;EXCHANGE_LAST;;1;1;XEUR;9600931;574517;
15.05.2025;13:54:15.989;ABBN SI 20250620 PS AM C 48.00 0;SIMPLE_INSTRUMENT;BLOCK;CHF;69;1.11000000;3750;EXCHANGE_LAST;;2;2;XEUR;8902738;574517;
15.05.2025;08:43:21.740;ACR.O.250515.STD.000001;STANDARD_OPTION_STRATEGY;BLOCK;EUR;4;3.25000000;1500;EXCHANGE_LAST;;1;1;XEUR;72057778721526395;43;
15.05.2025;08:43:21.740;ACR SI 20250620 PS AM C 47.50 0;SIMPLE_INSTRUMENT;BLOCK;EUR;4;1.26000000;1500;PRC_DECOMP_EXCHANGE;;;;XEUR;12994214;43;EXCHANGE
15.05.2025;08:43:21.740;ACR SI 20250620 PS AM P 47.50 0;SIMPLE_INSTRUMENT;BLOCK;EUR;4;1.99000000;1500;PRC_DECOMP_EXCHANGE;;;;XEUR;12994240;43;EXCHANGE
15.05.2025;11:43:29.221;ADEN SI 20250620 PS AM C 26.00 0;SIMPLE_INSTRUMENT;BLOCK;CHF;49;0.30000000;6000;EXCHANGE_LAST;;1;1;XEUR;11347903;44;
15.05.2025;13:06:51.779;ADS.O.250515.STD.000008;STANDARD_OPTION_STRATEGY;BLOCK;EUR;6;41.00000000;250;EXCHANGE_LAST;;1;1;XEUR;72057808786332894;50;
15.05.2025;13:06:51.779;ADS SI 20251219 PS AM C 220.00 0;SIMPLE_INSTRUMENT;BLOCK;EUR;6;21.21000000;250;PRC_DECOMP_EXCHANGE;;;;XEUR;12430850;50;EXCHANGE
15.05.2025;13:06:51.779;ADS SI 20251219 PS AM P 220.00 0;SIMPLE_INSTRUMENT;BLOCK;EUR;6;19.79000000;250;PRC_DECOMP_EXCHANGE;;;;XEUR;12430785;50;EXCHANGE
15.05.2025;15:21:43.379;ADSG SI 20250620 CS;SIMPLE_INSTRUMENT;BLOCK;EUR;144;218.40000000;400;EXCHANGE_LAST;;1;1;XEUR;11167407;48;
15.05.2025;15:30:25.930;ADSG SI 20250620 CS;SIMPLE_INSTRUMENT;BLOCK;EUR;149;217.87000000;200;EXCHANGE_LAST;;1;1;XEUR;11167407;48;
15.05.2025;13:13:52.604;ADY.O.250515.STD.000001;STANDARD_OPTION_STRATEGY;BLOCK;EUR;11;382.00000000;300;EXCHANGE_LAST;;1;1;XEUR;72385364467126496;76315;
15.05.2025;13:13:52.604;ADY SI 20251219 PS AM C 1680.00 0;SIMPLE_INSTRUMENT;BLOCK;EUR;11;178.80000000;300;PRC_DECOMP_EXCHANGE;;;;XEUR;10666924;76315;EXCHANGE
15.05.2025;13:13:52.604;ADY SI 20251219 PS AM P 1680.00 0;SIMPLE_INSTRUMENT;BLOCK;EUR;11;203.20000000;300;PRC_DECOMP_EXCHANGE;;;;XEUR;10666925;76315;EXCHANGE
15.05.2025;15:36:42.864;AHO.O.250515.STG.000004;STANDARD_OPTION_STRATEGY;BLOCK;EUR;26;1.94000000;7500;EXCHANGE_LAST;;1;1;XEUR;72057886095713312;68;
15.05.2025;15:36:42.864;AHO SI 20251219 PS AM P 30.00 0;SIMPLE_INSTRUMENT;BLOCK;EUR;26;0.42000000;7500;PRC_DECOMP_EXCHANGE;;;;XEUR;12431445;68;EXCHANGE
15.05.2025;15:36:42.864;AHO SI 20251219 PS AM C 38.00 0;SIMPLE_INSTRUMENT;BLOCK;EUR;26;1.52000000;7500;PRC_DECOMP_EXCHANGE;;;;XEUR;12431362;68;EXCHANGE
15.05.2025;09:40:00.150;AIR SI 20251219 PS AM P 180.00 0;SIMPLE_INSTRUMENT;BLOCK;EUR;10;8.60000000;300;EXCHANGE_LAST;;1;1;XEUR;11290320;64;
15.05.2025;09:40:42.360;AIR SI 20251219 PS AM C 190.00 0;SIMPLE_INSTRUMENT;BLOCK;EUR;11;7.25000000;300;EXCHANGE_LAST;;1;1;XEUR;12431440;64;
15.05.2025;08:13:16.044;ALC FI 20250611 CS EU C 75.9000 0;FLEXIBLE_INSTRUMENT;BLOCK;CHF;5;0.55000000;900;EXCHANGE_LAST;;1;1;XEUR;1153480425880956664;130134;
15.05.2025;10:31:50.545;ALC SI 20260320 PS AM P 64.00 0;SIMPLE_INSTRUMENT;BLOCK;CHF;40;2.53000000;500;EXCHANGE_LAST;;1;1;XEUR;13038254;130134;
15.05.2025;09:18:50.715;ALCF SI 20250516 CS;SIMPLE_INSTRUMENT;BLOCK;CHF;17;73.10000000;1500;EXCHANGE_LAST;;1;1;XEUR;11060798;130133;
15.05.2025;14:02:11.242;ALV SI 20260619 PS AM P 310.00 0;SIMPLE_INSTRUMENT;BLOCK;EUR;9;15.25000000;1750;EXCHANGE_LAST;;2;3;XEUR;12715885;74;
15.05.2025;13:59:03.781;ALVG SI 20250620 CS;SIMPLE_INSTRUMENT;BLOCK;EUR;119;347.74000000;500;EXCHANGE_LAST;;1;1;XEUR;11168195;85;
15.05.2025;09:37:18.661;ANN.O.250515.STG.000008;STANDARD_OPTION_STRATEGY;BLOCK;EUR;9;1.39000000;1500;EXCHANGE_LAST;;1;1;XEUR;72251735149670501;45202;
15.05.2025;09:37:18.661;ANN SI 20250620 PS AM P 26.00 0;SIMPLE_INSTRUMENT;BLOCK;EUR;9;0.65000000;1500;PRC_DECOMP_MEMBER;;;;XEUR;11386652;45202;MEMBER
15.05.2025;09:37:18.661;ANN SI 20250620 PS AM C 28.00 0;SIMPLE_INSTRUMENT;BLOCK;EUR;9;0.74000000;1500;PRC_DECOMP_MEMBER;;;;XEUR;7921071;45202;MEMBER
15.05.2025;09:37:25.134;ANN.O.250515.STG.000008;STANDARD_OPTION_STRATEGY;BLOCK;EUR;10;1.38000000;1500;EXCHANGE_LAST;;1;1;XEUR;72251735149670501;45202;
15.05.2025;09:37:25.134;ANN SI 20250620 PS AM C 28.00 0;SIMPLE_INSTRUMENT;BLOCK;EUR;10;0.73000000;1500;PRC_DECOMP_MEMBER;;;;XEUR;7921071;45202;MEMBER
15.05.2025;09:37:25.134;ANN SI 20250620 PS AM P 26.00 0;SIMPLE_INSTRUMENT;BLOCK;EUR;10;0.65000000;1500;PRC_DECOMP_MEMBER;;;;XEUR;11386652;45202;MEMBER
15.05.2025;12:45:32.526;ASGF SI 20250619 CS;SIMPLE_INSTRUMENT;BLOCK;EUR;92;33.57500000;1100;EXCHANGE_LAST;;1;1;XEUR;12186943;949862;
15.05.2025;12:49:12.722;ASGF SI 20250619 CS;SIMPLE_INSTRUMENT;BLOCK;EUR;98;33.56000000;10000;EXCHANGE_LAST;;1;1;XEUR;12186943;949862;
15.05.2025;09:01:46.330;ASIF SI 20250516 CS;SIMPLE_INSTRUMENT;BLOCK;EUR;14;489.50000000;250;EXCHANGE_LAST;;1;1;XEUR;11055665;46864;
15.05.2025;11:34:48.995;ASM.O.250515.PDIA.000003;STANDARD_OPTION_STRATEGY;BLOCK;EUR;9;65.98000000;150;EXCHANGE_LAST;;1;1;XEUR;72058053599446892;107;
15.05.2025;11:34:48.995;ASM SI 20250620 PS AM P 680.00 0;SIMPLE_INSTRUMENT;BLOCK;EUR;9;26.08000000;150;PRC_DECOMP_MEMBER;;;;XEUR;11349933;107;MEMBER
15.05.2025;11:34:48.995;ASM SI 20251219 PS AM P 720.00 0;SIMPLE_INSTRUMENT;BLOCK;EUR;9;92.06000000;150;PRC_DECOMP_MEMBER;;;;XEUR;6011682;107;MEMBER
15.05.2025;15:03:47.800;ASM SI 20251219 PS AM P 640.00 0;SIMPLE_INSTRUMENT;BLOCK;EUR;22;52.47000000;200;EXCHANGE_LAST;;1;1;XEUR;5921402;107;
15.05.2025;15:03:48.058;ASM SI 20250620 PS AM P 640.00 0;SIMPLE_INSTRUMENT;BLOCK;EUR;23;11.88000000;200;EXCHANGE_LAST;;1;1;XEUR;7898589;107;
15.05.2025;13:00:17.587;AXAG SI 20250620 CS;SIMPLE_INSTRUMENT;BLOCK;EUR;104;40.48750000;30000;EXCHANGE_LAST;;1;1;XEUR;11168731;125;
15.05.2025;15:09:53.931;AXAG SI 20250620 CS;SIMPLE_INSTRUMENT;BLOCK;EUR;133;40.57770000;5500;EXCHANGE_LAST;;1;1;XEUR;11168731;125;
15.05.2025;13:00:48.728;B2NP SI 20250620 CS;SIMPLE_INSTRUMENT;BLOCK;EUR;106;4.79000000;1316;EXCHANGE_LAST;;1;1;XEUR;10830225;131;
15.05.2025;14:56:38.184;B2NP SI 20251219 CS;SIMPLE_INSTRUMENT;BLOCK;EUR;130;7.31000000;75;EXCHANGE_LAST;;1;1;XEUR;5914355;131;
15.05.2025;09:57:04.281;BAEN FI 20250611 CS EU C 61.7500 0;FLEXIBLE_INSTRUMENT;BLOCK;CHF;33;1.12000000;530;EXCHANGE_LAST;;1;1;XEUR;1152922187506660069;159;
15.05.2025;10:26:11.193;BAEN SI 20250620 PS AM P 60.00 0;SIMPLE_INSTRUMENT;BLOCK;CHF;38;2.80000000;500;EXCHANGE_LAST;;1;1;XEUR;7899045;159;
15.05.2025;08:21:21.840;BALN FI 20250611 CS EU C 194.4000 0;FLEXIBLE_INSTRUMENT;BLOCK;CHF;8;1.40000000;200;EXCHANGE_LAST;;1;1;XEUR;1152922135967048493;147;
15.05.2025;08:45:41.506;BAS SI 20250620 PS AM C 48.00 0;SIMPLE_INSTRUMENT;BLOCK;EUR;3;0.42000000;1000;EXCHANGE_LAST;;1;1;XEUR;7898967;150;
15.05.2025;10:56:26.195;BAS SI 20261218 PS AM P 40.00 0;SIMPLE_INSTRUMENT;BLOCK;EUR;6;3.87000000;1500;EXCHANGE_LAST;;1;2;XEUR;7467515;150;
15.05.2025;15:07:41.986;BAS SI 20250516 PS AM P 44.00 0;SIMPLE_INSTRUMENT;BLOCK;EUR;7;0.20000000;1250;EXCHANGE_LAST;;1;1;XEUR;12813708;150;
15.05.2025;08:54:25.903;BAY.O.250515.CDIA.000021;STANDARD_OPTION_STRATEGY;BLOCK;EUR;4;0.64000000;7000;EXCHANGE_LAST;;1;3;XEUR;72058315592510481;168;
15.05.2025;08:54:25.903;BAY SI 20250620 PS AM C 27.00 0;SIMPLE_INSTRUMENT;BLOCK;EUR;4;0.14000000;7000;PRC_DECOMP_EXCHANGE;;;;XEUR;11992379;168;EXCHANGE
15.05.2025;08:54:25.903;BAY SI 20250718 PS AM C 25.00 0;SIMPLE_INSTRUMENT;BLOCK;EUR;4;0.78000000;7000;PRC_DECOMP_EXCHANGE;;;;XEUR;13236403;168;EXCHANGE
15.05.2025;10:54:59.356;BAY.O.250515.BLT.000033;STANDARD_OPTION_STRATEGY;BLOCK;EUR;5;2.16000000;4000;EXCHANGE_LAST;;1;1;XEUR;72058315592510493;168;
15.05.2025;10:54:59.356;BAY SI 20260619 PS AM C 27.00 0;SIMPLE_INSTRUMENT;BLOCK;EUR;5;2.30000000;4000;PRC_DECOMP_EXCHANGE;;;;XEUR;12295461;168;EXCHANGE
15.05.2025;10:54:59.356;BAY SI 20250620 PS AM C 27.00 0;SIMPLE_INSTRUMENT;BLOCK;EUR;5;0.14000000;4000;PRC_DECOMP_EXCHANGE;;;;XEUR;11992379;168;EXCHANGE
15.05.2025;15:29:17.517;BAY SI 20250919 PS AM P 28.00 0;SIMPLE_INSTRUMENT;BLOCK;EUR;8;6.00000000;3800;EXCHANGE_LAST;;1;1;XEUR;11873059;168;
15.05.2025;15:29:24.171;BAY SI 20261218 PS AM C 24.00 0;SIMPLE_INSTRUMENT;BLOCK;EUR;9;4.00000000;3000;EXCHANGE_LAST;;1;1;XEUR;8112438;168;
15.05.2025;15:29:31.473;BAY SI 20251219 PS AM C 28.00 0;SIMPLE_INSTRUMENT;BLOCK;EUR;10;1.48000000;500;EXCHANGE_LAST;;1;1;XEUR;6068398;168;
15.05.2025;15:29:39.467;BAY SI 20251219 PS AM C 28.00 0;SIMPLE_INSTRUMENT;BLOCK;EUR;11;1.49000000;8000;EXCHANGE_LAST;;1;1;XEUR;6068398;168;
15.05.2025;08:31:37.808;BBVG SI 20250516 CS;SIMPLE_INSTRUMENT;BLOCK;EUR;8;13.31090000;3000;EXCHANGE_LAST;;1;1;XEUR;11031062;163;
15.05.2025;07:47:25.936;BMW SI 20250620 PS AM C 86.00 0;SIMPLE_INSTRUMENT;BLOCK;EUR;1;0.76000000;750;EXCHANGE_LAST;;1;1;XEUR;12998455;210;
15.05.2025;12:29:41.489;BMW SI 20250718 PS AM P 76.00 0;SIMPLE_INSTRUMENT;BLOCK;EUR;11;3.38000000;1000;EXCHANGE_LAST;;1;1;XEUR;13236912;210;
15.05.2025;14:00:55.043;BMW.O.250515.PDIA.000007;STANDARD_OPTION_STRATEGY;BLOCK;EUR;15;5.06000000;400;EXCHANGE_LAST;;1;1;XEUR;72058495981110392;210;
15.05.2025;14:00:55.043;BMW SI 20250620 PS AM P 72.00 0;SIMPLE_INSTRUMENT;BLOCK;EUR;15;1.12000000;400;PRC_DECOMP_MEMBER;;;;XEUR;11332528;210;MEMBER
15.05.2025;14:00:55.043;BMW SI 20251219 PS AM P 76.00 0;SIMPLE_INSTRUMENT;BLOCK;EUR;15;6.18000000;400;PRC_DECOMP_MEMBER;;;;XEUR;5923232;210;MEMBER
15.05.2025;14:27:04.403;BNP.O.250515.CNV.000013;STANDARD_OPTION_STRATEGY;BLOCK;EUR;29;15.60000000;1000;EXCHANGE_LAST;;1;1;XEUR;72058611945200447;237;
15.05.2025;14:27:04.403;BNP SI 20250620 PS AM C 64.00 0;SIMPLE_INSTRUMENT;BLOCK;EUR;29;15.83000000;1000;PRC_DECOMP_EXCHANGE;;;;XEUR;8114358;237;EXCHANGE
15.05.2025;14:27:04.403;BNP SI 20250620 PS AM P 64.00 0;SIMPLE_INSTRUMENT;BLOCK;EUR;29;0.23000000;1000;PRC_DECOMP_EXCHANGE;;;;XEUR;8114380;237;EXCHANGE
15.05.2025;13:00:07.085;BNPH SI 20250620 CS;SIMPLE_INSTRUMENT;BLOCK;EUR;103;75.68110000;15000;EXCHANGE_LAST;;1;1;XEUR;11170600;236;
15.05.2025;14:16:20.128;BNPH SI 20250620 CS;SIMPLE_INSTRUMENT;BLOCK;EUR;121;75.82000000;1000;EXCHANGE_LAST;;1;1;XEUR;11170600;236;
15.05.2025;14:50:56.850;BNPH SI 20250620 CS;SIMPLE_INSTRUMENT;BLOCK;EUR;127;75.78000000;1250;EXCHANGE_LAST;;1;1;XEUR;11170600;236;
15.05.2025;10:36:54.708;BNRG SI 20250919 CS;SIMPLE_INSTRUMENT;BLOCK;EUR;43;59.20500000;100;EXCHANGE_LAST;;1;1;XEUR;11724143;44360;
15.05.2025;14:59:15.543;BOSF SI 20250620 CS;SIMPLE_INSTRUMENT;BLOCK;EUR;131;40.67000000;5000;EXCHANGE_LAST;;1;1;XEUR;11170511;231;
15.05.2025;13:44:07.553;BOSS SI 20250620 PS AM P 44.00 0;SIMPLE_INSTRUMENT;BLOCK;EUR;7;3.85000000;1250;EXCHANGE_LAST;;1;2;XEUR;7899975;230;
15.05.2025;15:05:42.719;BOSS SI 20250620 PS AM P 44.00 0;SIMPLE_INSTRUMENT;BLOCK;EUR;8;3.85000000;250;EXCHANGE_LAST;;1;1;XEUR;7899975;230;
15.05.2025;08:18:46.978;BPEF SI 20250515 CS;SIMPLE_INSTRUMENT;BLOCK;EUR;4;7.90000000;3000;EXCHANGE_LAST;;1;1;XEUR;11023995;226;
15.05.2025;14:53:14.573;BPSF SI 20250619 CS;SIMPLE_INSTRUMENT;BLOCK;EUR;129;11.35090000;600;EXCHANGE_LAST;;1;1;XEUR;11161929;253;
15.05.2025;13:28:09.211;BPV SI 20251218 PS AM P 8.00 0;SIMPLE_INSTRUMENT;BLOCK;EUR;13;0.56000000;2000;EXCHANGE_LAST;;1;1;XEUR;10380568;251;
15.05.2025;12:24:30.528;BRNT.O.250515.STG.000001;STANDARD_OPTION_STRATEGY;BLOCK;USD;1;4.90000000;15188;EXCHANGE_LAST;;1;1;XEUR;73634895007580161;367244;
15.05.2025;12:24:30.528;BRNT SI 20250620 PS EU P 50.00 0;SIMPLE_INSTRUMENT;BLOCK;USD;1;4.80000000;15188;PRC_DECOMP_MEMBER;;;;XEUR;7288595;367244;MEMBER
15.05.2025;12:24:30.528;BRNT SI 20250620 PS EU C 56.00 0;SIMPLE_INSTRUMENT;BLOCK;USD;1;0.10000000;15188;PRC_DECOMP_MEMBER;;;;XEUR;7474227;367244;MEMBER
15.05.2025;12:35:09.395;C2BK SI 20250620 CS;SIMPLE_INSTRUMENT;BLOCK;EUR;86;0.65000000;425;EXCHANGE_LAST;;1;1;XEUR;12178564;949832;
15.05.2025;15:18:25.315;C2BK SI 20250620 CS;SIMPLE_INSTRUMENT;BLOCK;EUR;145;0.65000000;187;EXCHANGE_LAST;;1;1;XEUR;12178564;949832;
15.05.2025;15:58:21.293;C2BK SI 20250620 CS;SIMPLE_INSTRUMENT;BLOCK;EUR;158;0.65000000;340;EXCHANGE_LAST;;1;1;XEUR;12178564;949832;
15.05.2025;11:38:14.858;CBK SI 20260619 PS AM P 22.00 0;SIMPLE_INSTRUMENT;BLOCK;EUR;4;2.71000000;3000;EXCHANGE_LAST;;1;1;XEUR;13309929;268;
15.05.2025;12:34:57.685;CBKH SI 20250620 CS;SIMPLE_INSTRUMENT;BLOCK;EUR;85;25.35000000;5000;EXCHANGE_LAST;;1;1;XEUR;11192082;10390;
15.05.2025;15:17:41.691;CBKH SI 20250620 CS;SIMPLE_INSTRUMENT;BLOCK;EUR;143;25.26000000;2200;EXCHANGE_LAST;;1;1;XEUR;11192082;10390;
15.05.2025;15:57:03.419;CBKH SI 20250620 CS;SIMPLE_INSTRUMENT;BLOCK;EUR;157;25.35000000;4000;EXCHANGE_LAST;;1;1;XEUR;11192082;10390;
15.05.2025;11:24:42.281;CFR SI 20250620 PS AM P 150.00 0;SIMPLE_INSTRUMENT;BLOCK;CHF;45;5.80000000;1200;EXCHANGE_LAST;;2;1;XEUR;11354569;313;
15.05.2025;11:30:07.813;CFR SI 20251219 PS AM P 140.00 0;SIMPLE_INSTRUMENT;BLOCK;CHF;47;9.55000000;500;EXCHANGE_LAST;;1;1;XEUR;9996465;313;
15.05.2025;12:22:49.042;CFR SI 20250620 PS AM P 140.00 0;SIMPLE_INSTRUMENT;BLOCK;CHF;51;2.60000000;300;EXCHANGE_LAST;;1;1;XEUR;9996499;313;
15.05.2025;13:24:36.131;CFR SI 20250620 PS AM C 150.00 0;SIMPLE_INSTRUMENT;BLOCK;CHF;61;8.95000000;1000;EXCHANGE_LAST;;2;1;XEUR;11354572;313;
15.05.2025;14:15:12.444;CFR.O.250515.COMBO.000012;STANDARD_OPTION_STRATEGY;BLOCK;CHF;70;0.25000000;300;EXCHANGE_LAST;;1;1;XEUR;72058938362728990;313;
15.05.2025;14:15:12.444;CFR SI 20250516 PS AM C 164.00 0;SIMPLE_INSTRUMENT;BLOCK;CHF;70;1.81000000;300;PRC_DECOMP_EXCHANGE;;;;XEUR;12816421;313;EXCHANGE
15.05.2025;14:15:12.444;CFR SI 20250516 PS AM P 146.00 0;SIMPLE_INSTRUMENT;BLOCK;CHF;70;2.06000000;300;PRC_DECOMP_EXCHANGE;;;;XEUR;12870261;313;EXCHANGE
15.05.2025;15:27:57.954;CFR SI 20250919 PS AM C 164.00 0;SIMPLE_INSTRUMENT;BLOCK;CHF;73;7.35000000;1000;EXCHANGE_LAST;;1;1;XEUR;13228551;313;
15.05.2025;15:28:12.955;CFR SI 20250919 PS AM C 190.00 0;SIMPLE_INSTRUMENT;BLOCK;CHF;74;1.43000000;1500;EXCHANGE_LAST;;1;1;XEUR;11876571;313;
15.05.2025;15:28:44.999;CFR.O.250515.BUL.000013;STANDARD_OPTION_STRATEGY;BLOCK;CHF;75;9.40000000;400;EXCHANGE_LAST;;1;1;XEUR;72058938362728991;313;
15.05.2025;15:28:44.999;CFR SI 20250620 PS AM C 190.00 0;SIMPLE_INSTRUMENT;BLOCK;CHF;75;0.42000000;400;PRC_DECOMP_EXCHANGE;;;;XEUR;11354560;313;EXCHANGE
15.05.2025;15:28:44.999;CFR SI 20250620 PS AM C 150.00 0;SIMPLE_INSTRUMENT;BLOCK;CHF;75;9.82000000;400;PRC_DECOMP_EXCHANGE;;;;XEUR;11354572;313;EXCHANGE
15.05.2025;08:13:59.600;CLN FI 20250611 CS EU C 9.5000 0;FLEXIBLE_INSTRUMENT;BLOCK;CHF;6;0.13000000;1300;EXCHANGE_LAST;;1;1;XEUR;1152922775917177615;296;
15.05.2025;10:16:42.200;CON.O.250515.BER-C.000003;STANDARD_OPTION_STRATEGY;BLOCK;EUR;6;-2.05000000;400;EXCHANGE_LAST;;1;1;XEUR;73838373378205270;414620;
15.05.2025;10:16:42.200;CON SI 20251219 PS AM P 76.00 0;SIMPLE_INSTRUMENT;BLOCK;EUR;6;7.32000000;400;PRC_DECOMP_EXCHANGE;;;;XEUR;6866420;414620;EXCHANGE
15.05.2025;10:16:42.200;CON SI 20251219 PS AM P 84.00 0;SIMPLE_INSTRUMENT;BLOCK;EUR;6;12.25000000;400;PRC_DECOMP_EXCHANGE;;;;XEUR;6866413;414620;EXCHANGE
15.05.2025;10:16:42.200;CON SI 20251219 PS AM C 76.00 0;SIMPLE_INSTRUMENT;BLOCK;EUR;6;6.98000000;400;PRC_DECOMP_EXCHANGE;;;;XEUR;6866423;414620;EXCHANGE
15.05.2025;12:54:16.020;CR5J SI 20250515 CS;SIMPLE_INSTRUMENT;BLOCK;EUR;100;55.45000000;3000;EXCHANGE_LAST;;2;1;XEUR;11025870;50861;
15.05.2025;11:22:19.786;CRI5 SI 20250619 PS AM P 52.00 0;SIMPLE_INSTRUMENT;BLOCK;EUR;6;0.91000000;3000;EXCHANGE_LAST;;1;1;XEUR;10556003;320;
15.05.2025;11:23:04.700;CRI5 SI 20250619 PS AM C 60.00 0;SIMPLE_INSTRUMENT;BLOCK;EUR;7;0.66000000;2500;EXCHANGE_LAST;;1;1;XEUR;10751934;320;
15.05.2025;11:23:49.563;CRI5 SI 20250515 PS AM C 55.00 0;SIMPLE_INSTRUMENT;BLOCK;EUR;8;0.58000000;2500;EXCHANGE_LAST;;1;1;XEUR;12878421;320;
15.05.2025;13:57:19.720;D2TE SI 20251219 CS;SIMPLE_INSTRUMENT;BLOCK;EUR;118;0.90500000;1000;EXCHANGE_LAST;;1;1;XEUR;5914522;359;
15.05.2025;14:18:20.144;D2TE SI 20261218 CS;SIMPLE_INSTRUMENT;BLOCK;EUR;123;1.00000000;540;EXCHANGE_LAST;;1;3;XEUR;6800755;359;
15.05.2025;09:59:54.209;D3AI SI 20281215 CS;SIMPLE_INSTRUMENT;BLOCK;EUR;23;2.80000000;50;EXCHANGE_LAST;;1;1;XEUR;7144065;443197;
15.05.2025;10:15:41.467;D3AI.S.DEC26.DEC28.SPD;FUTURES_SPREAD;BLOCK;EUR;28;-0.16000000;350;EXCHANGE_LAST;;1;3;XEUR;73961110658613279;443197;
15.05.2025;10:15:41.467;D3AI SI 20261218 CS;SIMPLE_INSTRUMENT;BLOCK;EUR;28;2.60000000;350;PRC_DECOMP_MEMBER;;;;XEUR;7144051;443197;MEMBER
15.05.2025;10:15:41.467;D3AI SI 20281215 CS;SIMPLE_INSTRUMENT;BLOCK;EUR;28;2.76000000;350;PRC_DECOMP_MEMBER;;;;XEUR;7144065;443197;MEMBER
15.05.2025;14:49:26.733;DAI SI 20250620 PS AM P 52.00 0;SIMPLE_INSTRUMENT;BLOCK;EUR;19;1.31000000;2000;EXCHANGE_LAST;;2;1;XEUR;7934288;443196;
15.05.2025;14:54:00.652;DAI SI 20250620 PS AM P 52.00 0;SIMPLE_INSTRUMENT;BLOCK;EUR;21;1.31000000;750;EXCHANGE_LAST;;1;1;XEUR;7934288;443196;
15.05.2025;11:24:20.629;DAIG SI 20250620 CS;SIMPLE_INSTRUMENT;BLOCK;EUR;64;53.57750000;2000;EXCHANGE_LAST;;1;1;XEUR;11207841;443203;
15.05.2025;15:50:09.382;DAIG SI 20250620 CS;SIMPLE_INSTRUMENT;BLOCK;EUR;153;53.32750000;4500;EXCHANGE_LAST;;1;1;XEUR;11207841;443203;
15.05.2025;08:58:15.636;DBK SI 20251219 PS AM C 28.00 0;SIMPLE_INSTRUMENT;BLOCK;EUR;3;1.36000000;2500;EXCHANGE_LAST;;1;1;XEUR;10401620;362;
15.05.2025;11:38:04.023;DHE SI 20250620 PS AM C 28.00 0;SIMPLE_INSTRUMENT;BLOCK;EUR;15;1.25000000;1000;EXCHANGE_LAST;;1;1;XEUR;7924123;57135;
15.05.2025;08:23:09.340;DPW SI 20250516 PS AM C 39.00 0;SIMPLE_INSTRUMENT;BLOCK;EUR;3;0.33000000;1000;EXCHANGE_LAST;;1;1;XEUR;12817732;445;
15.05.2025;08:40:21.841;DSYH SI 20250516 CS;SIMPLE_INSTRUMENT;BLOCK;EUR;9;33.94000000;200;EXCHANGE_LAST;;1;1;XEUR;11068662;414630;
15.05.2025;07:44:11.173;DTE.O.250515.STD.000005;STANDARD_OPTION_STRATEGY;BLOCK;EUR;1;1.78000000;1500;EXCHANGE_LAST;;1;1;XEUR;72059415104108574;424;
15.05.2025;07:44:11.173;DTE SI 20250620 PS AM P 32.00 0;SIMPLE_INSTRUMENT;BLOCK;EUR;1;1.17000000;1500;PRC_DECOMP_EXCHANGE;;;;XEUR;7976637;424;EXCHANGE
15.05.2025;07:44:11.173;DTE SI 20250620 PS AM C 32.00 0;SIMPLE_INSTRUMENT;BLOCK;EUR;1;0.61000000;1500;PRC_DECOMP_EXCHANGE;;;;XEUR;7976636;424;EXCHANGE
15.05.2025;12:24:16.449;DTE SI 20250620 PS AM C 32.50 0;SIMPLE_INSTRUMENT;BLOCK;EUR;17;0.58000000;2140;EXCHANGE_LAST;;1;1;XEUR;12352718;424;
15.05.2025;15:33:57.368;DTE SI 20251219 PS AM P 24.00 0;SIMPLE_INSTRUMENT;BLOCK;EUR;26;0.18000000;5000;EXCHANGE_LAST;;1;1;XEUR;5927134;424;
15.05.2025;10:57:05.921;DUFN SI 20251219 PS AM C 46.00 0;SIMPLE_INSTRUMENT;BLOCK;CHF;42;2.18000000;500;EXCHANGE_LAST;;1;1;XEUR;12438883;418;
15.05.2025;10:17:36.832;E2NT SI 20271217 CS;SIMPLE_INSTRUMENT;BLOCK;EUR;33;0.87000000;750;EXCHANGE_LAST;;1;1;XEUR;5914575;470;
15.05.2025;10:31:03.982;E2NT SI 20281215 CS;SIMPLE_INSTRUMENT;BLOCK;EUR;35;0.79500000;1000;EXCHANGE_LAST;;1;2;XEUR;6802271;470;
15.05.2025;11:29:14.325;E2NT SI 20271217 CS;SIMPLE_INSTRUMENT;BLOCK;EUR;65;0.87000000;1000;EXCHANGE_LAST;;1;1;XEUR;5914575;470;
15.05.2025;11:29:05.324;E2NT SI 20281215 CS;SIMPLE_INSTRUMENT;BLOCK;EUR;66;0.78500000;1000;EXCHANGE_LAST;;1;1;XEUR;6802271;470;
15.05.2025;11:34:47.924;E2NT SI 20271217 CS;SIMPLE_INSTRUMENT;BLOCK;EUR;69;0.87000000;1000;EXCHANGE_LAST;;1;1;XEUR;5914575;470;
15.05.2025;14:27:48.260;EBS SI 20260619 PS AM P 48.00 0;SIMPLE_INSTRUMENT;BLOCK;EUR;6;1.96000000;1950;EXCHANGE_LAST;;1;1;XEUR;11357536;456;
15.05.2025;15:03:29.684;EBS SI 20260619 PS AM P 48.00 0;SIMPLE_INSTRUMENT;BLOCK;EUR;8;1.97000000;550;EXCHANGE_LAST;;1;1;XEUR;11357536;456;
15.05.2025;09:28:25.774;ENR.O.250515.STG.000006;STANDARD_OPTION_STRATEGY;BLOCK;EUR;8;21.30000000;1000;EXCHANGE_LAST;;1;1;XEUR;73339770624819009;298530;
15.05.2025;09:28:25.774;ENR SI 20251219 PS AM P 64.00 0;SIMPLE_INSTRUMENT;BLOCK;EUR;8;6.22000000;1000;PRC_DECOMP_EXCHANGE;;;;XEUR;12484005;298530;EXCHANGE
15.05.2025;09:28:25.774;ENR SI 20251219 PS AM C 68.00 0;SIMPLE_INSTRUMENT;BLOCK;EUR;8;15.08000000;1000;PRC_DECOMP_EXCHANGE;;;;XEUR;12021160;298530;EXCHANGE
15.05.2025;14:07:22.970;ENR SI 20271217 PS AM P 60.00 0;SIMPLE_INSTRUMENT;BLOCK;EUR;24;13.00000000;750;EXCHANGE_LAST;;1;1;XEUR;12144237;298530;
15.05.2025;14:59:40.875;ENT5 SI 20250918 PS AM C 15.00 0;SIMPLE_INSTRUMENT;BLOCK;EUR;20;0.09000000;1007;EXCHANGE_LAST;;1;1;XEUR;11863482;497;
15.05.2025;14:59:57.876;ENT5 SI 20250918 PS AM C 15.00 0;SIMPLE_INSTRUMENT;BLOCK;EUR;21;0.10000000;1335;EXCHANGE_LAST;;1;1;XEUR;11863482;497;
15.05.2025;15:39:38.190;ENT5.O.250515.STD.000001;STANDARD_OPTION_STRATEGY;BLOCK;EUR;28;2.41000000;1000;EXCHANGE_LAST;;1;1;XEUR;72059728636684266;497;
15.05.2025;15:39:38.190;ENT5 SI 20260618 PS AM C 14.00 0;SIMPLE_INSTRUMENT;BLOCK;EUR;28;0.49550000;1000;PRC_DECOMP_EXCHANGE;;;;XEUR;9531347;497;EXCHANGE
15.05.2025;15:39:38.190;ENT5 SI 20260618 PS AM P 14.00 0;SIMPLE_INSTRUMENT;BLOCK;EUR;28;1.91450000;1000;PRC_DECOMP_EXCHANGE;;;;XEUR;9531317;497;EXCHANGE
15.05.2025;15:50:23.849;EOAI SI 20250620 CS;SIMPLE_INSTRUMENT;BLOCK;EUR;155;14.86000000;2000;EXCHANGE_LAST;;1;1;XEUR;11195042;49066;
15.05.2025;10:43:01.641;EVT SI 20251219 PS AM C 9.00 0;SIMPLE_INSTRUMENT;BLOCK;EUR;1;0.70000000;2800;EXCHANGE_LAST;;1;1;XEUR;12441425;547;
15.05.2025;10:43:44.288;EVT SI 20251219 PS AM P 10.00 0;SIMPLE_INSTRUMENT;BLOCK;EUR;2;3.50000000;2800;EXCHANGE_LAST;;1;1;XEUR;8121748;547;
15.05.2025;10:44:25.351;EVT SI 20251219 PS AM P 9.00 0;SIMPLE_INSTRUMENT;BLOCK;EUR;3;2.65000000;2800;EXCHANGE_LAST;;1;1;XEUR;12441430;547;
15.05.2025;10:46:47.347;F3TE SI 20261218 CS;SIMPLE_INSTRUMENT;BLOCK;EUR;55;0.74000000;750;EXCHANGE_LAST;;2;1;XEUR;6633899;390379;
15.05.2025;10:52:09.602;F3TE SI 20261218 CS;SIMPLE_INSTRUMENT;BLOCK;EUR;57;0.74000000;250;EXCHANGE_LAST;;1;1;XEUR;6633899;390379;
15.05.2025;11:39:24.950;F3TE SI 20261218 CS;SIMPLE_INSTRUMENT;BLOCK;EUR;71;0.74000000;750;EXCHANGE_LAST;;2;1;XEUR;6633899;390379;
15.05.2025;12:52:41.262;F3TE SI 20261218 CS;SIMPLE_INSTRUMENT;BLOCK;EUR;96;0.74000000;100;EXCHANGE_LAST;;1;1;XEUR;6633899;390379;
15.05.2025;07:32:43.636;FBTP SI 20250606 PS;SIMPLE_INSTRUMENT;EFP_FIN;EUR;1;119.17000000;681;EXCHANGE_LAST;;1;1;XEUR;11820365;636;
15.05.2025;07:29:38.182;FBTP SI 20250606 PS;SIMPLE_INSTRUMENT;EFP_FIN;EUR;2;119.17000000;442;EXCHANGE_LAST;;1;1;XEUR;11820365;636;
15.05.2025;07:55:13.700;FBTP SI 20250606 PS;SIMPLE_INSTRUMENT;EFP_FIN;EUR;3;119.20000000;188;EXCHANGE_LAST;;1;1;XEUR;11820365;636;
15.05.2025;07:59:46.009;FBTP SI 20250606 PS;SIMPLE_INSTRUMENT;EFS;EUR;4;119.16000000;2335;EXCHANGE_LAST;;1;1;XEUR;11820365;636;
15.05.2025;08:45:40.564;FBTP SI 20250606 PS;SIMPLE_INSTRUMENT;EFP_FIN;EUR;5;119.24000000;7488;EXCHANGE_LAST;;1;1;XEUR;11820365;636;
15.05.2025;09:15:45.359;FBTP SI 20250606 PS;SIMPLE_INSTRUMENT;EFP_FIN;EUR;6;119.19000000;173;EXCHANGE_LAST;;1;1;XEUR;11820365;636;
15.05.2025;09:29:01.762;FBTP SI 20250606 PS;SIMPLE_INSTRUMENT;EFP_FIN;EUR;7;119.22000000;959;EXCHANGE_LAST;;1;1;XEUR;11820365;636;
15.05.2025;09:49:07.137;FBTP SI 20250606 PS;SIMPLE_INSTRUMENT;EFP_FIN;EUR;8;119.25000000;221;EXCHANGE_LAST;;1;1;XEUR;11820365;636;
15.05.2025;09:59:26.572;FBTP SI 20250606 PS;SIMPLE_INSTRUMENT;EFP_FIN;EUR;9;119.17000000;896;EXCHANGE_LAST;;1;1;XEUR;11820365;636;
15.05.2025;09:59:46.696;FBTP SI 20250606 PS;SIMPLE_INSTRUMENT;EFP_FIN;EUR;10;119.26000000;464;EXCHANGE_LAST;;1;1;XEUR;11820365;636;
15.05.2025;10:00:45.823;FBTP SI 20250606 PS;SIMPLE_INSTRUMENT;EFP_FIN;EUR;11;119.26000000;291;EXCHANGE_LAST;;1;1;XEUR;11820365;636;
15.05.2025;10:21:00.318;FBTP SI 20250606 PS;SIMPLE_INSTRUMENT;EFP_FIN;EUR;12;119.25000000;215;EXCHANGE_LAST;;1;1;XEUR;11820365;636;
15.05.2025;10:25:42.533;FBTP SI 20250606 PS;SIMPLE_INSTRUMENT;EFP_FIN;EUR;13;119.23000000;464;EXCHANGE_LAST;;1;1;XEUR;11820365;636;
15.05.2025;10:27:05.211;FBTP SI 20250606 PS;SIMPLE_INSTRUMENT;EFP_FIN;EUR;14;119.21000000;93;EXCHANGE_LAST;;1;1;XEUR;11820365;636;
15.05.2025;10:31:56.152;FBTP SI 20250606 PS;SIMPLE_INSTRUMENT;EFP_FIN;EUR;15;119.20000000;58;EXCHANGE_LAST;;1;1;XEUR;11820365;636;
15.05.2025;11:00:56.293;FBTP SI 20250606 PS;SIMPLE_INSTRUMENT;EFP_FIN;EUR;16;119.13000000;142;EXCHANGE_LAST;;1;1;XEUR;11820365;636;
15.05.2025;11:07:51.543;FBTP SI 20250606 PS;SIMPLE_INSTRUMENT;EFP_FIN;EUR;17;119.26000000;230;EXCHANGE_LAST;;1;1;XEUR;11820365;636;
15.05.2025;11:20:42.063;FBTP SI 20250908 PS;SIMPLE_INSTRUMENT;BLOCK;EUR;18;118.65000000;1291;EXCHANGE_LAST;;1;1;XEUR;12372474;636;
15.05.2025;11:43:29.594;FBTP SI 20250606 PS;SIMPLE_INSTRUMENT;EFP_FIN;EUR;19;119.34000000;291;EXCHANGE_LAST;;1;1;XEUR;11820365;636;
15.05.2025;11:46:18.060;FBTP SI 20250606 PS;SIMPLE_INSTRUMENT;EFP_FIN;EUR;20;119.34000000;192;EXCHANGE_LAST;;1;1;XEUR;11820365;636;
15.05.2025;12:03:08.488;FBTP SI 20250606 PS;SIMPLE_INSTRUMENT;EFP_FIN;EUR;21;119.31000000;79;EXCHANGE_LAST;;1;1;XEUR;11820365;636;
15.05.2025;12:10:29.399;FBTP SI 20250606 PS;SIMPLE_INSTRUMENT;EFP_FIN;EUR;22;119.31000000;339;EXCHANGE_LAST;;1;1;XEUR;11820365;636;
15.05.2025;12:18:20.187;FBTP SI 20250908 PS;SIMPLE_INSTRUMENT;BLOCK;EUR;23;118.68000000;2148;EXCHANGE_LAST;;1;1;XEUR;12372474;636;
15.05.2025;12:19:24.650;FBTP SI 20250908 PS;SIMPLE_INSTRUMENT;BLOCK;EUR;24;118.68000000;1288;EXCHANGE_LAST;;1;1;XEUR;12372474;636;
15.05.2025;12:21:38.098;FBTP SI 20250908 PS;SIMPLE_INSTRUMENT;BLOCK;EUR;25;118.68000000;859;EXCHANGE_LAST;;1;1;XEUR;12372474;636;
15.05.2025;12:26:05.261;FBTP SI 20250606 PS;SIMPLE_INSTRUMENT;EFP_FIN;EUR;26;119.35000000;99;EXCHANGE_LAST;;1;1;XEUR;11820365;636;
15.05.2025;12:28:30.543;FBTP SI 20250908 PS;SIMPLE_INSTRUMENT;EFP_FIN;EUR;27;118.68000000;4298;EXCHANGE_LAST;;1;1;XEUR;12372474;636;
15.05.2025;12:32:22.778;FBTP SI 20250606 PS;SIMPLE_INSTRUMENT;EFP_FIN;EUR;28;119.34000000;177;EXCHANGE_LAST;;1;1;XEUR;11820365;636;
15.05.2025;12:38:08.530;FBTP SI 20250606 PS;SIMPLE_INSTRUMENT;EFP_FIN;EUR;29;119.35000000;88;EXCHANGE_LAST;;1;1;XEUR;11820365;636;
15.05.2025;12:38:36.549;FBTP SI 20250606 PS;SIMPLE_INSTRUMENT;EFP_FIN;EUR;30;119.35000000;486;EXCHANGE_LAST;;1;1;XEUR;11820365;636;
15.05.2025;12:38:18.901;FBTP SI 20250606 PS;SIMPLE_INSTRUMENT;EFP_FIN;EUR;31;119.35000000;408;EXCHANGE_LAST;;1;1;XEUR;11820365;636;
15.05.2025;12:43:39.322;FBTP SI 20250606 PS;SIMPLE_INSTRUMENT;EFP_FIN;EUR;32;119.46000000;858;EXCHANGE_LAST;;1;1;XEUR;11820365;636;
15.05.2025;12:47:55.396;FBTP SI 20250606 PS;SIMPLE_INSTRUMENT;EFP_FIN;EUR;33;119.53000000;289;EXCHANGE_LAST;;1;1;XEUR;11820365;636;
15.05.2025;13:28:40.520;FBTP SI 20250606 PS;SIMPLE_INSTRUMENT;BLOCK;EUR;34;119.54000000;289;EXCHANGE_LAST;;1;1;XEUR;11820365;636;
15.05.2025;13:34:54.796;FBTP SI 20250606 PS;SIMPLE_INSTRUMENT;EFP_FIN;EUR;35;119.59000000;293;EXCHANGE_LAST;;1;1;XEUR;11820365;636;
15.05.2025;15:04:35.285;FBTP SI 20250606 PS;SIMPLE_INSTRUMENT;EFP_FIN;EUR;36;119.69000000;219;EXCHANGE_LAST;;1;1;XEUR;11820365;636;
15.05.2025;15:09:21.698;FBTP SI 20250606 PS;SIMPLE_INSTRUMENT;EFP_FIN;EUR;37;119.70000000;74;EXCHANGE_LAST;;1;1;XEUR;11820365;636;
15.05.2025;07:40:28.787;FBTS SI 20250606 PS;SIMPLE_INSTRUMENT;EFP_FIN;EUR;1;107.76000000;262;EXCHANGE_LAST;;1;1;XEUR;11820367;639;
15.05.2025;08:11:15.924;FBTS SI 20250606 PS;SIMPLE_INSTRUMENT;EFP_FIN;EUR;2;107.76000000;1152;EXCHANGE_LAST;;1;1;XEUR;11820367;639;
15.05.2025;09:11:00.798;FBTS SI 20250606 PS;SIMPLE_INSTRUMENT;BLOCK;EUR;4;107.76000000;1190;EXCHANGE_LAST;;1;1;XEUR;11820367;639;
15.05.2025;09:19:20.563;FBTS SI 20250606 PS;SIMPLE_INSTRUMENT;EFP_FIN;EUR;5;107.77000000;1904;EXCHANGE_LAST;;1;1;XEUR;11820367;639;
15.05.2025;09:30:19.007;FBTS SI 20250606 PS;SIMPLE_INSTRUMENT;BLOCK;EUR;6;107.76000000;2275;EXCHANGE_LAST;;1;1;XEUR;11820367;639;
15.05.2025;09:40:43.364;FBTS SI 20250606 PS;SIMPLE_INSTRUMENT;EFP_FIN;EUR;8;107.78000000;238;EXCHANGE_LAST;;1;1;XEUR;11820367;639;
15.05.2025;09:58:01.515;FBTS SI 20250606 PS;SIMPLE_INSTRUMENT;BLOCK;EUR;10;107.79000000;238;EXCHANGE_LAST;;1;1;XEUR;11820367;639;
15.05.2025;10:02:14.695;FBTS SI 20250606 PS;SIMPLE_INSTRUMENT;EFP_FIN;EUR;11;107.79000000;132;EXCHANGE_LAST;;1;1;XEUR;11820367;639;
15.05.2025;10:35:18.891;FBTS SI 20250606 PS;SIMPLE_INSTRUMENT;EFP_FIN;EUR;12;107.77000000;522;EXCHANGE_LAST;;1;1;XEUR;11820367;639;
15.05.2025;10:37:50.042;FBTS SI 20250606 PS;SIMPLE_INSTRUMENT;EFP_FIN;EUR;13;107.77000000;524;EXCHANGE_LAST;;1;1;XEUR;11820367;639;
15.05.2025;11:45:02.234;FBTS SI 20250606 PS;SIMPLE_INSTRUMENT;EFP_FIN;EUR;18;107.80000000;132;EXCHANGE_LAST;;1;1;XEUR;11820367;639;
15.05.2025;11:49:07.213;FBTS SI 20250606 PS;SIMPLE_INSTRUMENT;EFP_FIN;EUR;19;107.77000000;912;EXCHANGE_LAST;;1;1;XEUR;11820367;639;
15.05.2025;11:50:48.220;FBTS SI 20250606 PS;SIMPLE_INSTRUMENT;EFP_FIN;EUR;20;107.77000000;351;EXCHANGE_LAST;;1;1;XEUR;11820367;639;
15.05.2025;12:06:37.875;FBTS SI 20250606 PS;SIMPLE_INSTRUMENT;BLOCK;EUR;21;107.78000000;262;EXCHANGE_LAST;;1;1;XEUR;11820367;639;
15.05.2025;12:54:29.904;FBTS SI 20250606 PS;SIMPLE_INSTRUMENT;EFP_FIN;EUR;25;107.82000000;661;EXCHANGE_LAST;;1;1;XEUR;11820367;639;
15.05.2025;13:07:33.577;FBTS SI 20250606 PS;SIMPLE_INSTRUMENT;EFP_FIN;EUR;26;107.84000000;161;EXCHANGE_LAST;;1;1;XEUR;11820367;639;
15.05.2025;14:23:36.710;FBTS SI 20250606 PS;SIMPLE_INSTRUMENT;BLOCK;EUR;33;107.86000000;1428;EXCHANGE_LAST;;1;1;XEUR;11820367;639;
15.05.2025;14:59:31.006;FBTS SI 20250606 PS;SIMPLE_INSTRUMENT;EFP_FIN;EUR;37;107.87000000;805;EXCHANGE_LAST;;1;1;XEUR;11820367;639;
15.05.2025;15:58:39.343;FBTS SI 20250606 PS;SIMPLE_INSTRUMENT;EFS;EUR;38;107.90000000;2277;EXCHANGE_LAST;;1;1;XEUR;11820367;639;
15.05.2025;09:11:05.154;FCEU SI 20250616 PS;SIMPLE_INSTRUMENT;BLOCK;USD;3;1.12320000;120;EXCHANGE_LAST;;1;1;XEUR;7879022;369376;
15.05.2025;15:14:58.154;FCEU SI 20250616 PS;SIMPLE_INSTRUMENT;BLOCK;USD;6;1.12084000;805;EXCHANGE_LAST;;1;1;XEUR;7879022;369376;
15.05.2025;08:51:03.771;FCNS SI 20250616 PS;SIMPLE_INSTRUMENT;BLOCK;SEK;1;0.93560000;100;EXCHANGE_LAST;;1;1;XEUR;7879240;402911;
15.05.2025;08:56:43.164;FCNS SI 20250616 PS;SIMPLE_INSTRUMENT;BLOCK;SEK;2;0.93490000;78;EXCHANGE_LAST;;1;1;XEUR;7879240;402911;
15.05.2025;14:23:51.260;FCNS SI 20250616 PS;SIMPLE_INSTRUMENT;EFP_IDX;SEK;4;0.93283000;12;EXCHANGE_LAST;;1;1;XEUR;7879240;402911;
15.05.2025;14:23:51.691;FCNS SI 20250616 PS;SIMPLE_INSTRUMENT;EFP_IDX;SEK;5;0.93284000;13;EXCHANGE_LAST;;1;1;XEUR;7879240;402911;
15.05.2025;07:24:03.817;FCPE SI 20250627 CS;SIMPLE_INSTRUMENT;BLOCK;USD;1;167.90000000;27;EXCHANGE_LAST;;1;1;XEUR;7967548;586;
15.05.2025;07:24:23.026;FCPE SI 20250627 CS;SIMPLE_INSTRUMENT;BLOCK;USD;2;167.91000000;33;EXCHANGE_LAST;;1;1;XEUR;7967548;586;
15.05.2025;12:24:14.315;FD3D SI 20261218 CS;SIMPLE_INSTRUMENT;BLOCK;EUR;35;111.50000000;800;EXCHANGE_LAST;;3;1;XEUR;7158183;588;
15.05.2025;12:34:18.898;FD3D SI 20261218 CS;SIMPLE_INSTRUMENT;BLOCK;EUR;36;111.50000000;200;EXCHANGE_LAST;;1;1;XEUR;7158183;588;
15.05.2025;13:07:35.782;FD3D SI 20251219 CS;SIMPLE_INSTRUMENT;BLOCK;EUR;39;114.20000000;1000;EXCHANGE_LAST;;1;2;XEUR;5914068;588;
15.05.2025;13:59:51.795;FD3D SI 20271217 CS;SIMPLE_INSTRUMENT;BLOCK;EUR;45;109.40000000;500;EXCHANGE_LAST;;2;2;XEUR;8782208;588;
15.05.2025;13:13:59.471;FDAX SI 20250620 CS;SIMPLE_INSTRUMENT;BLOCK;EUR;1;23634.00000000;300;EXCHANGE_LAST;;1;1;XEUR;7903800;589;
15.05.2025;13:28:46.158;FDAX SI 20250620 CS;SIMPLE_INSTRUMENT;EFP_IDX;EUR;2;23634.00000000;100;EXCHANGE_LAST;;1;1;XEUR;7903800;589;
15.05.2025;13:50:22.283;FDAX SI 20250620 CS;SIMPLE_INSTRUMENT;EFP_IDX;EUR;3;23600.00000000;100;EXCHANGE_LAST;;1;1;XEUR;7903800;589;
15.05.2025;15:13:14.460;FDAX SI 20250620 CS;SIMPLE_INSTRUMENT;EFP_IDX;EUR;4;23700.00000000;100;EXCHANGE_LAST;;1;1;XEUR;7903800;589;
15.05.2025;15:50:27.879;FDAX SI 20250620 CS;SIMPLE_INSTRUMENT;EFP_IDX;EUR;5;23768.00000000;91;EXCHANGE_LAST;;1;1;XEUR;7903800;589;
15.05.2025;15:50:35.077;FDAX SI 20250620 CS;SIMPLE_INSTRUMENT;EFP_IDX;EUR;6;23769.00000000;9;EXCHANGE_LAST;;1;1;XEUR;7903800;589;
15.05.2025;07:23:15.245;FEBD SI 20271217 CS;SIMPLE_INSTRUMENT;BLOCK;EUR;1;9.80000000;125;EXCHANGE_LAST;;1;1;XEUR;7776307;597;
15.05.2025;07:23:30.907;FEBD SI 20271217 CS;SIMPLE_INSTRUMENT;BLOCK;EUR;2;9.81000000;125;EXCHANGE_LAST;;1;1;XEUR;7776307;597;
15.05.2025;13:56:28.280;FEBD SI 20271217 CS;SIMPLE_INSTRUMENT;BLOCK;EUR;43;9.81000000;250;EXCHANGE_LAST;;1;1;XEUR;7776307;597;
15.05.2025;14:24:01.016;FEBD SI 20261218 CS;SIMPLE_INSTRUMENT;BLOCK;EUR;49;10.56000000;500;EXCHANGE_LAST;;1;1;XEUR;7158212;597;
15.05.2025;14:32:35.795;FEBD SI 20261218 CS;SIMPLE_INSTRUMENT;BLOCK;EUR;50;10.56000000;500;EXCHANGE_LAST;;1;1;XEUR;7158212;597;
15.05.2025;14:30:49.236;FEBD SI 20261218 CS;SIMPLE_INSTRUMENT;BLOCK;EUR;51;10.56000000;250;EXCHANGE_LAST;;1;1;XEUR;7158212;597;
15.05.2025;14:30:56.236;FEBD SI 20261218 CS;SIMPLE_INSTRUMENT;BLOCK;EUR;52;10.57000000;250;EXCHANGE_LAST;;1;1;XEUR;7158212;597;
15.05.2025;09:08:36.781;FECX SI 20250620 CS;SIMPLE_INSTRUMENT;BLOCK;EUR;9;166.46000000;59;EXCHANGE_LAST;;1;1;XEUR;11949125;410158;
15.05.2025;14:42:57.174;FEDV SI 20250620 CS;SIMPLE_INSTRUMENT;BLOCK;EUR;53;1963.00000000;1500;EXCHANGE_LAST;;1;1;XEUR;11880642;596;
15.05.2025;14:43:44.962;FEDV SI 20250620 CS;SIMPLE_INSTRUMENT;BLOCK;EUR;54;1963.00000000;1500;EXCHANGE_LAST;;1;1;XEUR;11880642;596;
15.05.2025;09:56:38.719;FES1 SI 20250620 PS;SIMPLE_INSTRUMENT;BLOCK;EUR;16;-8.60000000;177;EXCHANGE_LAST;;1;1;XEUR;11910814;58959;
15.05.2025;15:11:29.390;FES1 SI 20250620 PS;SIMPLE_INSTRUMENT;BLOCK;EUR;60;-8.00000000;900;EXCHANGE_LAST;;1;1;XEUR;11910814;58959;
15.05.2025;15:43:14.791;FESB SI 20250620 CS;SIMPLE_INSTRUMENT;BLOCK;EUR;38;198.70000000;2500;EXCHANGE_LAST;;1;1;XEUR;11880665;605;
15.05.2025;15:43:28.084;FESB SI 20250620 CS;SIMPLE_INSTRUMENT;BLOCK;EUR;39;198.80000000;2500;EXCHANGE_LAST;;1;1;XEUR;11880665;605;
15.05.2025;15:45:45.018;FESB SI 20250620 CS;SIMPLE_INSTRUMENT;BLOCK;EUR;40;198.70000000;3750;EXCHANGE_LAST;;1;1;XEUR;11880665;605;
15.05.2025;15:45:53.926;FESB SI 20250620 CS;SIMPLE_INSTRUMENT;BLOCK;EUR;41;198.80000000;3750;EXCHANGE_LAST;;1;1;XEUR;11880665;605;
15.05.2025;15:46:57.874;FESB SI 20250620 CS;SIMPLE_INSTRUMENT;EFP_IDX;EUR;44;198.70000000;83;EXCHANGE_LAST;;1;1;XEUR;11880665;605;
15.05.2025;15:47:14.452;FESB SI 20250620 CS;SIMPLE_INSTRUMENT;EFP_IDX;EUR;45;198.80000000;313;EXCHANGE_LAST;;1;1;XEUR;11880665;605;
15.05.2025;10:24:56.450;FESB SI 20250620 CS;SIMPLE_INSTRUMENT;VOLA;EUR;603979800;198.50000000;300;EXCHANGE_LAST;;1;1;XEUR;11880665;605;
15.05.2025;13:02:49.650;FESB SI 20250620 CS;SIMPLE_INSTRUMENT;VOLA;EUR;603979819;199.50000000;400;EXCHANGE_LAST;;1;1;XEUR;11880665;605;
15.05.2025;08:30:47.516;FESX SI 20250620 CS;SIMPLE_INSTRUMENT;BLOCK;EUR;1;5360.00000000;2100;EXCHANGE_LAST;;1;1;XEUR;7904020;675;
15.05.2025;12:32:26.911;FESX SI 20250620 CS;SIMPLE_INSTRUMENT;BLOCK;EUR;2;5375.00000000;2000;EXCHANGE_LAST;;1;1;XEUR;7904020;675;
15.05.2025;13:24:14.293;FESX SI 20250620 CS;SIMPLE_INSTRUMENT;BLOCK;EUR;3;5375.00000000;3000;EXCHANGE_LAST;;1;1;XEUR;7904020;675;
15.05.2025;14:44:45.177;FESX SI 20250620 CS;SIMPLE_INSTRUMENT;BLOCK;EUR;5;5385.00000000;3019;EXCHANGE_LAST;;1;1;XEUR;7904020;675;
15.05.2025;15:46:50.641;FESX SI 20250620 CS;SIMPLE_INSTRUMENT;EFP_IDX;EUR;6;5403.00000000;43;EXCHANGE_LAST;;1;1;XEUR;7904020;675;
15.05.2025;15:47:13.885;FESX SI 20250620 CS;SIMPLE_INSTRUMENT;EFP_IDX;EUR;7;5404.00000000;207;EXCHANGE_LAST;;1;1;XEUR;7904020;675;
15.05.2025;15:48:37.291;FESX SI 20250620 CS;SIMPLE_INSTRUMENT;EFP_IDX;EUR;8;5403.00000000;562;EXCHANGE_LAST;;1;1;XEUR;7904020;675;
15.05.2025;15:49:18.429;FESX SI 20250620 CS;SIMPLE_INSTRUMENT;EFP_IDX;EUR;9;5406.00000000;215;EXCHANGE_LAST;;1;1;XEUR;7904020;675;
15.05.2025;15:55:26.514;FESX SI 20250620 CS;SIMPLE_INSTRUMENT;EFP_IDX;EUR;10;5404.00000000;230;EXCHANGE_LAST;;1;1;XEUR;7904020;675;
15.05.2025;15:55:39.822;FESX SI 20250620 CS;SIMPLE_INSTRUMENT;EFP_IDX;EUR;11;5405.00000000;20;EXCHANGE_LAST;;1;1;XEUR;7904020;675;
15.05.2025;15:50:34.696;FESX SI 20250620 CS;SIMPLE_INSTRUMENT;EFP_IDX;EUR;12;5403.00000000;130;EXCHANGE_LAST;;1;1;XEUR;7904020;675;
15.05.2025;15:56:33.087;FESX SI 20250620 CS;SIMPLE_INSTRUMENT;EFP_IDX;EUR;13;5404.00000000;955;EXCHANGE_LAST;;1;1;XEUR;7904020;675;
15.05.2025;15:50:45.609;FESX SI 20250620 CS;SIMPLE_INSTRUMENT;EFP_IDX;EUR;14;5404.00000000;353;EXCHANGE_LAST;;1;1;XEUR;7904020;675;
15.05.2025;15:57:35.415;FESX SI 20250620 CS;SIMPLE_INSTRUMENT;EFP_IDX;EUR;15;5403.00000000;45;EXCHANGE_LAST;;1;1;XEUR;7904020;675;
15.05.2025;15:56:55.713;FESX SI 20250620 CS;SIMPLE_INSTRUMENT;EFP_IDX;EUR;16;5404.00000000;143;EXCHANGE_LAST;;1;1;XEUR;7904020;675;
15.05.2025;15:57:24.265;FESX SI 20250620 CS;SIMPLE_INSTRUMENT;EFP_IDX;EUR;17;5403.00000000;7;EXCHANGE_LAST;;1;1;XEUR;7904020;675;
15.05.2025;15:51:20.227;FESX SI 20250620 CS;SIMPLE_INSTRUMENT;EFP_IDX;EUR;18;5404.00000000;73;EXCHANGE_LAST;;1;1;XEUR;7904020;675;
15.05.2025;15:51:31.468;FESX SI 20250620 CS;SIMPLE_INSTRUMENT;EFP_IDX;EUR;19;5403.00000000;27;EXCHANGE_LAST;;1;1;XEUR;7904020;675;
15.05.2025;16:08:28.295;FESX SI 20250620 CS;SIMPLE_INSTRUMENT;EFP_IDX;EUR;20;5403.00000000;100;EXCHANGE_LAST;;1;1;XEUR;7904020;675;
15.05.2025;16:08:37.263;FESX SI 20250620 CS;SIMPLE_INSTRUMENT;EFP_IDX;EUR;21;5404.00000000;50;EXCHANGE_LAST;;1;1;XEUR;7904020;675;
15.05.2025;16:11:01.889;FESX SI 20250620 CS;SIMPLE_INSTRUMENT;EFP_IDX;EUR;22;5400.00000000;1000;EXCHANGE_LAST;;1;1;XEUR;7904020;675;
15.05.2025;07:53:43.652;FESX SI 20250620 CS;SIMPLE_INSTRUMENT;VOLA;EUR;637534225;5360.00000000;60;EXCHANGE_LAST;;1;1;XEUR;7904020;675;
15.05.2025;08:37:34.512;FESX SI 20250620 CS;SIMPLE_INSTRUMENT;VOLA;EUR;637534248;5370.00000000;643;EXCHANGE_LAST;;1;1;XEUR;7904020;675;
15.05.2025;09:11:58.061;FESX SI 20250620 CS;SIMPLE_INSTRUMENT;VOLA;EUR;637534270;5365.00000000;80;EXCHANGE_LAST;;1;1;XEUR;7904020;675;
15.05.2025;09:13:03.867;FESX SI 20250620 CS;SIMPLE_INSTRUMENT;VOLA;EUR;637534272;5364.00000000;509;EXCHANGE_LAST;;1;1;XEUR;7904020;675;
15.05.2025;11:18:33.207;FESX SI 20250620 CS;SIMPLE_INSTRUMENT;VOLA;EUR;637534323;5355.00000000;10;EXCHANGE_LAST;;1;1;XEUR;7904020;675;
15.05.2025;11:24:46.574;FESX SI 20250620 CS;SIMPLE_INSTRUMENT;VOLA;EUR;637534326;5375.00000000;105;EXCHANGE_LAST;;1;1;XEUR;7904020;675;
15.05.2025;13:22:56.932;FESX SI 20250620 CS;SIMPLE_INSTRUMENT;VOLA;EUR;637534342;5380.00000000;40;EXCHANGE_LAST;;1;1;XEUR;7904020;675;
15.05.2025;14:07:10.165;FESX SI 20250620 CS;SIMPLE_INSTRUMENT;VOLA;EUR;637534352;5380.00000000;660;EXCHANGE_LAST;;1;1;XEUR;7904020;675;
15.05.2025;14:36:20.482;FESX SI 20250620 CS;SIMPLE_INSTRUMENT;VOLA;EUR;637534375;5385.00000000;39;EXCHANGE_LAST;;1;1;XEUR;7904020;675;
15.05.2025;15:14:27.634;FESX SI 20250620 CS;SIMPLE_INSTRUMENT;VOLA;EUR;637534390;5395.00000000;480;EXCHANGE_LAST;;1;1;XEUR;7904020;675;
15.05.2025;15:22:19.919;FESX SI 20250620 CS;SIMPLE_INSTRUMENT;VOLA;EUR;637534395;5390.00000000;270;EXCHANGE_LAST;;1;1;XEUR;7904020;675;
15.05.2025;10:43:21.758;FEU3 SI 20251215 CS;SIMPLE_INSTRUMENT;BLOCK;EUR;31;98.18000000;3000;EXCHANGE_LAST;;1;1;XEUR;4624157;702;
15.05.2025;14:36:04.337;FEU3 SI 20251215 CS;SIMPLE_INSTRUMENT;BLOCK;EUR;56;98.20000000;20000;EXCHANGE_LAST;;1;1;XEUR;4624157;702;
15.05.2025;14:36:27.844;FEU3 SI 20251215 CS;SIMPLE_INSTRUMENT;BLOCK;EUR;57;98.20000000;20000;EXCHANGE_LAST;;1;1;XEUR;4624157;702;
15.05.2025;14:38:26.944;FEU3 SI 20250915 CS;SIMPLE_INSTRUMENT;BLOCK;EUR;58;98.12000000;20000;EXCHANGE_LAST;;1;1;XEUR;4396833;702;
15.05.2025;15:15:50.538;FEU3 SI 20250915 CS;SIMPLE_INSTRUMENT;BLOCK;EUR;62;98.12000000;10000;EXCHANGE_LAST;;1;1;XEUR;4396833;702;
15.05.2025;08:41:42.843;FEXD.S.DEC26.DEC27.SPD;FUTURES_SPREAD;BLOCK;EUR;5;4.40000000;1020;EXCHANGE_LAST;;2;1;XEUR;72060570450264153;693;
15.05.2025;08:41:42.843;FEXD SI 20271217 CS;SIMPLE_INSTRUMENT;BLOCK;EUR;5;151.70000000;1020;PRC_DECOMP_MEMBER;;;;XEUR;2848338;693;MEMBER
15.05.2025;08:41:42.843;FEXD SI 20261218 CS;SIMPLE_INSTRUMENT;BLOCK;EUR;5;156.10000000;1020;PRC_DECOMP_MEMBER;;;;XEUR;2163053;693;MEMBER
15.05.2025;08:43:03.849;FEXD.S.DEC29.DEC30.SPD;FUTURES_SPREAD;BLOCK;EUR;6;2.70000000;150;EXCHANGE_LAST;;1;1;XEUR;72060570450264203;693;
15.05.2025;08:43:03.849;FEXD SI 20301220 CS;SIMPLE_INSTRUMENT;BLOCK;EUR;6;142.10000000;150;PRC_DECOMP_EXCHANGE;;;;XEUR;5914108;693;EXCHANGE
15.05.2025;08:43:03.849;FEXD SI 20291221 CS;SIMPLE_INSTRUMENT;BLOCK;EUR;6;144.80000000;150;PRC_DECOMP_EXCHANGE;;;;XEUR;4631968;693;EXCHANGE
15.05.2025;08:50:53.923;FEXD SI 20261218 CS;SIMPLE_INSTRUMENT;BLOCK;EUR;7;155.80000000;500;EXCHANGE_LAST;;1;1;XEUR;2163053;693;
15.05.2025;08:46:24.978;FEXD.S.DEC27.DEC28.SPD;FUTURES_SPREAD;BLOCK;EUR;8;3.90000000;275;EXCHANGE_LAST;;1;1;XEUR;72060570450264162;693;
15.05.2025;08:46:24.978;FEXD SI 20281215 CS;SIMPLE_INSTRUMENT;BLOCK;EUR;8;147.80000000;275;PRC_DECOMP_EXCHANGE;;;;XEUR;3680985;693;EXCHANGE
15.05.2025;08:46:24.978;FEXD SI 20271217 CS;SIMPLE_INSTRUMENT;BLOCK;EUR;8;151.70000000;275;PRC_DECOMP_EXCHANGE;;;;XEUR;2848338;693;EXCHANGE
15.05.2025;10:13:24.748;FEXD SI 20271217 CS;SIMPLE_INSTRUMENT;BLOCK;EUR;20;151.60000000;200;EXCHANGE_LAST;;1;1;XEUR;2848338;693;
15.05.2025;10:13:41.458;FEXD SI 20261218 CS;SIMPLE_INSTRUMENT;BLOCK;EUR;21;156.10000000;200;EXCHANGE_LAST;;1;1;XEUR;2163053;693;
15.05.2025;10:25:08.819;FEXD SI 20261218 CS;SIMPLE_INSTRUMENT;BLOCK;EUR;22;155.90000000;500;EXCHANGE_LAST;;1;1;XEUR;2163053;693;
15.05.2025;10:25:15.341;FEXD SI 20271217 CS;SIMPLE_INSTRUMENT;BLOCK;EUR;23;151.60000000;250;EXCHANGE_LAST;;1;1;XEUR;2848338;693;
15.05.2025;10:25:22.371;FEXD SI 20271217 CS;SIMPLE_INSTRUMENT;BLOCK;EUR;24;151.50000000;250;EXCHANGE_LAST;;1;1;XEUR;2848338;693;
15.05.2025;10:23:59.397;FEXD SI 20261218 CS;SIMPLE_INSTRUMENT;BLOCK;EUR;25;155.90000000;125;EXCHANGE_LAST;;1;1;XEUR;2163053;693;
15.05.2025;10:37:10.278;FEXD SI 20261218 CS;SIMPLE_INSTRUMENT;BLOCK;EUR;28;155.80000000;600;EXCHANGE_LAST;;1;1;XEUR;2163053;693;
15.05.2025;10:36:05.147;FEXD SI 20261218 CS;SIMPLE_INSTRUMENT;BLOCK;EUR;29;155.90000000;100;EXCHANGE_LAST;;1;1;XEUR;2163053;693;
15.05.2025;11:04:36.271;FEXD.S.DEC26.DEC28.SPD;FUTURES_SPREAD;BLOCK;EUR;31;8.50000000;500;EXCHANGE_LAST;;1;1;XEUR;72060570450264161;693;
15.05.2025;11:04:36.271;FEXD SI 20261218 CS;SIMPLE_INSTRUMENT;BLOCK;EUR;31;156.20000000;500;PRC_DECOMP_EXCHANGE;;;;XEUR;2163053;693;EXCHANGE
15.05.2025;11:04:36.271;FEXD SI 20281215 CS;SIMPLE_INSTRUMENT;BLOCK;EUR;31;147.70000000;500;PRC_DECOMP_EXCHANGE;;;;XEUR;3680985;693;EXCHANGE
15.05.2025;11:52:58.842;FEXD SI 20271217 CS;SIMPLE_INSTRUMENT;BLOCK;EUR;32;151.50000000;125;EXCHANGE_LAST;;1;1;XEUR;2848338;693;
15.05.2025;12:01:44.405;FEXD SI 20271217 CS;SIMPLE_INSTRUMENT;BLOCK;EUR;33;151.50000000;100;EXCHANGE_LAST;;1;1;XEUR;2848338;693;
15.05.2025;12:15:25.250;FEXD.S.DEC26.DEC27.SPD;FUTURES_SPREAD;BLOCK;EUR;34;4.40000000;250;EXCHANGE_LAST;;1;1;XEUR;72060570450264153;693;
15.05.2025;12:15:25.250;FEXD SI 20271217 CS;SIMPLE_INSTRUMENT;BLOCK;EUR;34;151.40000000;250;PRC_DECOMP_MEMBER;;;;XEUR;2848338;693;MEMBER
15.05.2025;12:15:25.250;FEXD SI 20261218 CS;SIMPLE_INSTRUMENT;BLOCK;EUR;34;155.80000000;250;PRC_DECOMP_MEMBER;;;;XEUR;2163053;693;MEMBER
15.05.2025;12:49:21.346;FEXD SI 20261218 CS;SIMPLE_INSTRUMENT;BLOCK;EUR;37;156.00000000;300;EXCHANGE_LAST;;1;1;XEUR;2163053;693;
15.05.2025;12:49:21.687;FEXD SI 20261218 CS;SIMPLE_INSTRUMENT;BLOCK;EUR;38;156.10000000;300;EXCHANGE_LAST;;1;1;XEUR;2163053;693;
15.05.2025;13:57:13.409;FEXD SI 20271217 CS;SIMPLE_INSTRUMENT;BLOCK;EUR;46;151.50000000;250;EXCHANGE_LAST;;1;1;XEUR;2848338;693;
15.05.2025;14:19:12.209;FEXD SI 20271217 CS;SIMPLE_INSTRUMENT;BLOCK;EUR;47;151.50000000;175;EXCHANGE_LAST;;1;1;XEUR;2848338;693;
15.05.2025;14:19:03.208;FEXD SI 20271217 CS;SIMPLE_INSTRUMENT;BLOCK;EUR;48;151.60000000;175;EXCHANGE_LAST;;1;1;XEUR;2848338;693;
15.05.2025;15:13:46.062;FEXD.S.DEC27.DEC28.SPD;FUTURES_SPREAD;BLOCK;EUR;58;3.90000000;1000;EXCHANGE_LAST;;1;1;XEUR;72060570450264162;693;
15.05.2025;15:13:46.062;FEXD SI 20281215 CS;SIMPLE_INSTRUMENT;BLOCK;EUR;58;147.70000000;1000;PRC_DECOMP_MEMBER;;;;XEUR;3680985;693;MEMBER
15.05.2025;15:13:46.062;FEXD SI 20271217 CS;SIMPLE_INSTRUMENT;BLOCK;EUR;58;151.60000000;1000;PRC_DECOMP_MEMBER;;;;XEUR;2848338;693;MEMBER
15.05.2025;15:33:42.068;FEXD SI 20261218 CS;SIMPLE_INSTRUMENT;BLOCK;EUR;61;155.90000000;500;EXCHANGE_LAST;;1;1;XEUR;2163053;693;
15.05.2025;15:34:47.425;FEXD SI 20271217 CS;SIMPLE_INSTRUMENT;BLOCK;EUR;62;151.50000000;250;EXCHANGE_LAST;;1;1;XEUR;2848338;693;
15.05.2025;15:35:16.083;FEXD SI 20271217 CS;SIMPLE_INSTRUMENT;BLOCK;EUR;63;151.60000000;250;EXCHANGE_LAST;;1;1;XEUR;2848338;693;
15.05.2025;16:18:59.985;FEXD SI 20271217 CS;SIMPLE_INSTRUMENT;BLOCK;EUR;89;151.60000000;125;EXCHANGE_LAST;;1;1;XEUR;2848338;693;
15.05.2025;16:21:35.547;FEXD SI 20261218 CS;SIMPLE_INSTRUMENT;BLOCK;EUR;92;155.90000000;250;EXCHANGE_LAST;;1;1;XEUR;2163053;693;
15.05.2025;06:48:32.274;FGBL SI 20250606 PS;SIMPLE_INSTRUMENT;EFS;EUR;1;129.35000000;497;EXCHANGE_LAST;;1;1;XEUR;11820389;688;
15.05.2025;06:51:31.462;FGBL SI 20250606 PS;SIMPLE_INSTRUMENT;EFS;EUR;2;129.33000000;463;EXCHANGE_LAST;;1;1;XEUR;11820389;688;
15.05.2025;07:03:30.591;FGBL SI 20250606 PS;SIMPLE_INSTRUMENT;EFS;EUR;3;129.40000000;142;EXCHANGE_LAST;;1;1;XEUR;11820389;688;
15.05.2025;07:05:52.315;FGBL SI 20250606 PS;SIMPLE_INSTRUMENT;EFS;EUR;4;129.43000000;436;EXCHANGE_LAST;;1;1;XEUR;11820389;688;
15.05.2025;07:07:11.373;FGBL SI 20250606 PS;SIMPLE_INSTRUMENT;EFS;EUR;5;129.43000000;436;EXCHANGE_LAST;;1;1;XEUR;11820389;688;
15.05.2025;07:17:15.488;FGBL SI 20250606 PS;SIMPLE_INSTRUMENT;EFP_FIN;EUR;6;129.42000000;643;EXCHANGE_LAST;;1;1;XEUR;11820389;688;
15.05.2025;07:18:28.615;FGBL SI 20250606 PS;SIMPLE_INSTRUMENT;EFS;EUR;7;129.44000000;436;EXCHANGE_LAST;;1;1;XEUR;11820389;688;
15.05.2025;07:23:00.358;FGBL SI 20250606 PS;SIMPLE_INSTRUMENT;EFS;EUR;8;129.44000000;250;EXCHANGE_LAST;;1;1;XEUR;11820389;688;
15.05.2025;07:26:42.619;FGBL SI 20250606 PS;SIMPLE_INSTRUMENT;EFS;EUR;9;129.41000000;133;EXCHANGE_LAST;;1;1;XEUR;11820389;688;
15.05.2025;07:28:18.991;FGBL SI 20250606 PS;SIMPLE_INSTRUMENT;EFS;EUR;10;129.45000000;496;EXCHANGE_LAST;;1;1;XEUR;11820389;688;
15.05.2025;07:31:19.656;FGBL SI 20250606 PS;SIMPLE_INSTRUMENT;EFS;EUR;11;129.43000000;218;EXCHANGE_LAST;;1;1;XEUR;11820389;688;
15.05.2025;07:39:12.757;FGBL SI 20250606 PS;SIMPLE_INSTRUMENT;EFS;EUR;12;129.44000000;218;EXCHANGE_LAST;;1;1;XEUR;11820389;688;
15.05.2025;07:39:22.766;FGBL SI 20250606 PS;SIMPLE_INSTRUMENT;EFS;EUR;13;129.44000000;218;EXCHANGE_LAST;;1;1;XEUR;11820389;688;
15.05.2025;07:40:36.827;FGBL SI 20250606 PS;SIMPLE_INSTRUMENT;EFS;EUR;14;129.39000000;437;EXCHANGE_LAST;;1;1;XEUR;11820389;688;
15.05.2025;07:41:45.165;FGBL SI 20250606 PS;SIMPLE_INSTRUMENT;EFP_FIN;EUR;15;129.44000000;829;EXCHANGE_LAST;;1;1;XEUR;11820389;688;
15.05.2025;07:42:17.873;FGBL SI 20250606 PS;SIMPLE_INSTRUMENT;BLOCK;EUR;16;129.41000000;2980;EXCHANGE_LAST;;1;1;XEUR;11820389;688;
15.05.2025;07:47:12.631;FGBL SI 20250606 PS;SIMPLE_INSTRUMENT;EFS;EUR;17;129.45000000;196;EXCHANGE_LAST;;1;1;XEUR;11820389;688;
15.05.2025;07:49:18.394;FGBL SI 20250606 PS;SIMPLE_INSTRUMENT;EFS;EUR;18;129.41000000;245;EXCHANGE_LAST;;1;1;XEUR;11820389;688;
15.05.2025;07:53:23.983;FGBL SI 20250606 PS;SIMPLE_INSTRUMENT;EFS;EUR;19;129.38000000;177;EXCHANGE_LAST;;1;1;XEUR;11820389;688;
15.05.2025;07:59:39.994;FGBL SI 20250606 PS;SIMPLE_INSTRUMENT;EFP_FIN;EUR;20;129.39000000;1497;EXCHANGE_LAST;;1;1;XEUR;11820389;688;
15.05.2025;08:02:54.242;FGBL SI 20250606 PS;SIMPLE_INSTRUMENT;EFS;EUR;21;129.41000000;443;EXCHANGE_LAST;;1;1;XEUR;11820389;688;
15.05.2025;08:13:05.976;FGBL SI 20250606 PS;SIMPLE_INSTRUMENT;EFS;EUR;23;129.41000000;443;EXCHANGE_LAST;;1;1;XEUR;11820389;688;
15.05.2025;08:13:20.154;FGBL SI 20250606 PS;SIMPLE_INSTRUMENT;EFS;EUR;24;129.45000000;436;EXCHANGE_LAST;;1;1;XEUR;11820389;688;
15.05.2025;08:18:40.768;FGBL SI 20250606 PS;SIMPLE_INSTRUMENT;EFP_FIN;EUR;25;129.43000000;75;EXCHANGE_LAST;;1;1;XEUR;11820389;688;
15.05.2025;08:19:44.386;FGBL SI 20250606 PS;SIMPLE_INSTRUMENT;EFS;EUR;26;129.44000000;462;EXCHANGE_LAST;;1;1;XEUR;11820389;688;
15.05.2025;08:22:15.545;FGBL SI 20250606 PS;SIMPLE_INSTRUMENT;EFS;EUR;27;129.44000000;496;EXCHANGE_LAST;;1;1;XEUR;11820389;688;
15.05.2025;08:22:13.908;FGBL SI 20250606 PS;SIMPLE_INSTRUMENT;EFS;EUR;28;129.44000000;201;EXCHANGE_LAST;;1;1;XEUR;11820389;688;
15.05.2025;08:23:02.314;FGBL SI 20250606 PS;SIMPLE_INSTRUMENT;EFS;EUR;29;129.44000000;419;EXCHANGE_LAST;;1;1;XEUR;11820389;688;
15.05.2025;08:24:04.511;FGBL SI 20250606 PS;SIMPLE_INSTRUMENT;EFS;EUR;30;129.42000000;436;EXCHANGE_LAST;;1;1;XEUR;11820389;688;
15.05.2025;08:33:07.683;FGBL SI 20250606 PS;SIMPLE_INSTRUMENT;EFP_FIN;EUR;31;129.43000000;63;EXCHANGE_LAST;;1;1;XEUR;11820389;688;
15.05.2025;08:40:58.538;FGBL SI 20250606 PS;SIMPLE_INSTRUMENT;EFS;EUR;32;129.44000000;100;EXCHANGE_LAST;;1;1;XEUR;11820389;688;
15.05.2025;08:46:50.568;FGBL SI 20250606 PS;SIMPLE_INSTRUMENT;EFS;EUR;33;129.45000000;166;EXCHANGE_LAST;;1;1;XEUR;11820389;688;
15.05.2025;09:04:02.317;FGBL SI 20250606 PS;SIMPLE_INSTRUMENT;EFP_FIN;EUR;34;129.42000000;200;EXCHANGE_LAST;;1;1;XEUR;11820389;688;
15.05.2025;09:06:23.467;FGBL SI 20250606 PS;SIMPLE_INSTRUMENT;EFS;EUR;35;129.42000000;576;EXCHANGE_LAST;;1;1;XEUR;11820389;688;
15.05.2025;09:24:38.680;FGBL SI 20250606 PS;SIMPLE_INSTRUMENT;EFP_FIN;EUR;36;129.39000000;247;EXCHANGE_LAST;;1;1;XEUR;11820389;688;
15.05.2025;09:30:23.361;FGBL SI 20250606 PS;SIMPLE_INSTRUMENT;EFS;EUR;37;129.48000000;436;EXCHANGE_LAST;;1;1;XEUR;11820389;688;
15.05.2025;09:31:05.250;FGBL SI 20250606 PS;SIMPLE_INSTRUMENT;EFP_FIN;EUR;38;129.37000000;399;EXCHANGE_LAST;;1;1;XEUR;11820389;688;
15.05.2025;09:37:40.635;FGBL SI 20250606 PS;SIMPLE_INSTRUMENT;EFS;EUR;39;129.48000000;218;EXCHANGE_LAST;;1;1;XEUR;11820389;688;
15.05.2025;09:38:03.331;FGBL SI 20250606 PS;SIMPLE_INSTRUMENT;EFP_FIN;EUR;40;129.42000000;399;EXCHANGE_LAST;;1;1;XEUR;11820389;688;
15.05.2025;09:40:21.720;FGBL SI 20250606 PS;SIMPLE_INSTRUMENT;EFS;EUR;41;129.47000000;436;EXCHANGE_LAST;;1;1;XEUR;11820389;688;
15.05.2025;09:55:47.125;FGBL SI 20250606 PS;SIMPLE_INSTRUMENT;EFS;EUR;42;129.47000000;218;EXCHANGE_LAST;;1;1;XEUR;11820389;688;
15.05.2025;09:56:20.608;FGBL SI 20250606 PS;SIMPLE_INSTRUMENT;EFS;EUR;43;129.47000000;654;EXCHANGE_LAST;;1;1;XEUR;11820389;688;
15.05.2025;09:57:37.780;FGBL SI 20250606 PS;SIMPLE_INSTRUMENT;EFS;EUR;44;129.48000000;221;EXCHANGE_LAST;;1;1;XEUR;11820389;688;
15.05.2025;09:59:47.969;FGBL SI 20250606 PS;SIMPLE_INSTRUMENT;EFS;EUR;45;129.48000000;436;EXCHANGE_LAST;;1;1;XEUR;11820389;688;
15.05.2025;10:01:15.131;FGBL SI 20250606 PS;SIMPLE_INSTRUMENT;EFS;EUR;46;129.48000000;436;EXCHANGE_LAST;;1;1;XEUR;11820389;688;
15.05.2025;10:04:51.866;FGBL SI 20250606 PS;SIMPLE_INSTRUMENT;EFS;EUR;47;129.49000000;436;EXCHANGE_LAST;;1;1;XEUR;11820389;688;
15.05.2025;10:06:01.917;FGBL SI 20250606 PS;SIMPLE_INSTRUMENT;EFS;EUR;48;129.49000000;655;EXCHANGE_LAST;;1;1;XEUR;11820389;688;
15.05.2025;10:09:27.052;FGBL SI 20250606 PS;SIMPLE_INSTRUMENT;EFS;EUR;49;129.49000000;655;EXCHANGE_LAST;;1;1;XEUR;11820389;688;
15.05.2025;10:17:04.700;FGBL SI 20250606 PS;SIMPLE_INSTRUMENT;EFS;EUR;50;129.48000000;310;EXCHANGE_LAST;;1;1;XEUR;11820389;688;
15.05.2025;10:23:33.326;FGBL SI 20250606 PS;SIMPLE_INSTRUMENT;EFS;EUR;51;129.49000000;872;EXCHANGE_LAST;;1;1;XEUR;11820389;688;
15.05.2025;10:27:15.868;FGBL SI 20250606 PS;SIMPLE_INSTRUMENT;EFS;EUR;52;129.45000000;595;EXCHANGE_LAST;;1;1;XEUR;11820389;688;
15.05.2025;10:30:24.302;FGBL SI 20250606 PS;SIMPLE_INSTRUMENT;EFS;EUR;53;129.50000000;743;EXCHANGE_LAST;;1;1;XEUR;11820389;688;
15.05.2025;10:36:25.802;FGBL SI 20250606 PS;SIMPLE_INSTRUMENT;EFS;EUR;54;129.45000000;436;EXCHANGE_LAST;;1;1;XEUR;11820389;688;
15.05.2025;10:37:22.906;FGBL SI 20250606 PS;SIMPLE_INSTRUMENT;EFS;EUR;55;129.46000000;100;EXCHANGE_LAST;;1;1;XEUR;11820389;688;
15.05.2025;10:37:54.216;FGBL SI 20250606 PS;SIMPLE_INSTRUMENT;EFS;EUR;56;129.46000000;437;EXCHANGE_LAST;;1;1;XEUR;11820389;688;
15.05.2025;10:39:02.306;FGBL SI 20250606 PS;SIMPLE_INSTRUMENT;EFS;EUR;57;129.46000000;221;EXCHANGE_LAST;;1;1;XEUR;11820389;688;
15.05.2025;10:39:34.299;FGBL SI 20250606 PS;SIMPLE_INSTRUMENT;EFS;EUR;58;129.45000000;437;EXCHANGE_LAST;;1;1;XEUR;11820389;688;
15.05.2025;10:51:17.690;FGBL SI 20250606 PS;SIMPLE_INSTRUMENT;EFP_FIN;EUR;59;129.46000000;664;EXCHANGE_LAST;;1;1;XEUR;11820389;688;
15.05.2025;10:53:22.835;FGBL SI 20250606 PS;SIMPLE_INSTRUMENT;EFP_FIN;EUR;60;129.45000000;748;EXCHANGE_LAST;;1;1;XEUR;11820389;688;
15.05.2025;10:54:05.917;FGBL SI 20250606 PS;SIMPLE_INSTRUMENT;EFS;EUR;61;129.44000000;250;EXCHANGE_LAST;;1;1;XEUR;11820389;688;
15.05.2025;11:02:18.083;FGBL SI 20250606 PS;SIMPLE_INSTRUMENT;EFS;EUR;62;129.48000000;245;EXCHANGE_LAST;;1;1;XEUR;11820389;688;
15.05.2025;11:08:21.489;FGBL SI 20250606 PS;SIMPLE_INSTRUMENT;EFP_FIN;EUR;63;129.47000000;199;EXCHANGE_LAST;;1;1;XEUR;11820389;688;
15.05.2025;11:03:42.512;FGBL SI 20250606 PS;SIMPLE_INSTRUMENT;EFP_FIN;EUR;64;129.56000000;267;EXCHANGE_LAST;;1;1;XEUR;11820389;688;
15.05.2025;11:05:02.355;FGBL SI 20250606 PS;SIMPLE_INSTRUMENT;EFS;EUR;65;129.58000000;436;EXCHANGE_LAST;;1;1;XEUR;11820389;688;
15.05.2025;11:05:23.870;FGBL SI 20250606 PS;SIMPLE_INSTRUMENT;EFS;EUR;66;129.50000000;245;EXCHANGE_LAST;;1;1;XEUR;11820389;688;
15.05.2025;11:07:20.895;FGBL SI 20250606 PS;SIMPLE_INSTRUMENT;EFS;EUR;67;129.55000000;218;EXCHANGE_LAST;;1;1;XEUR;11820389;688;
15.05.2025;11:12:26.848;FGBL SI 20250606 PS;SIMPLE_INSTRUMENT;EFP_FIN;EUR;68;129.47000000;100;EXCHANGE_LAST;;1;1;XEUR;11820389;688;
15.05.2025;11:14:32.029;FGBL SI 20250606 PS;SIMPLE_INSTRUMENT;EFP_FIN;EUR;69;129.57000000;829;EXCHANGE_LAST;;1;1;XEUR;11820389;688;
15.05.2025;11:18:21.437;FGBL SI 20250606 PS;SIMPLE_INSTRUMENT;EFS;EUR;70;129.58000000;495;EXCHANGE_LAST;;1;1;XEUR;11820389;688;
15.05.2025;11:31:33.056;FGBL SI 20250606 PS;SIMPLE_INSTRUMENT;EFS;EUR;71;129.63000000;2000;EXCHANGE_LAST;;1;1;XEUR;11820389;688;
15.05.2025;11:49:26.345;FGBL SI 20250606 PS;SIMPLE_INSTRUMENT;EFS;EUR;72;129.63000000;1066;EXCHANGE_LAST;;1;1;XEUR;11820389;688;
15.05.2025;11:51:27.051;FGBL SI 20250606 PS;SIMPLE_INSTRUMENT;EFS;EUR;73;129.63000000;218;EXCHANGE_LAST;;1;1;XEUR;11820389;688;
15.05.2025;11:52:13.600;FGBL SI 20250606 PS;SIMPLE_INSTRUMENT;EFS;EUR;74;129.65000000;416;EXCHANGE_LAST;;1;1;XEUR;11820389;688;
15.05.2025;11:55:53.085;FGBL SI 20250606 PS;SIMPLE_INSTRUMENT;EFP_FIN;EUR;75;129.37000000;374;EXCHANGE_LAST;;1;1;XEUR;11820389;688;
15.05.2025;11:56:10.263;FGBL SI 20250606 PS;SIMPLE_INSTRUMENT;EFS;EUR;76;129.63000000;1981;EXCHANGE_LAST;;1;1;XEUR;11820389;688;
15.05.2025;12:02:28.753;FGBL SI 20250606 PS;SIMPLE_INSTRUMENT;EFS;EUR;77;129.61000000;863;EXCHANGE_LAST;;1;1;XEUR;11820389;688;
15.05.2025;12:12:22.678;FGBL SI 20250606 PS;SIMPLE_INSTRUMENT;EFP_FIN;EUR;78;129.57000000;150;EXCHANGE_LAST;;1;1;XEUR;11820389;688;
15.05.2025;12:12:58.236;FGBL SI 20250606 PS;SIMPLE_INSTRUMENT;EFS;EUR;79;129.64000000;436;EXCHANGE_LAST;;1;1;XEUR;11820389;688;
15.05.2025;12:19:01.232;FGBL SI 20250606 PS;SIMPLE_INSTRUMENT;EFS;EUR;80;129.64000000;349;EXCHANGE_LAST;;1;1;XEUR;11820389;688;
15.05.2025;12:18:54.331;FGBL SI 20250606 PS;SIMPLE_INSTRUMENT;EFS;EUR;81;129.63000000;218;EXCHANGE_LAST;;1;1;XEUR;11820389;688;
15.05.2025;12:21:29.756;FGBL SI 20250606 PS;SIMPLE_INSTRUMENT;EFS;EUR;82;129.64000000;218;EXCHANGE_LAST;;1;1;XEUR;11820389;688;
15.05.2025;12:27:44.788;FGBL SI 20250606 PS;SIMPLE_INSTRUMENT;EFS;EUR;83;129.60000000;436;EXCHANGE_LAST;;1;1;XEUR;11820389;688;
15.05.2025;12:39:28.667;FGBL SI 20250606 PS;SIMPLE_INSTRUMENT;EFS;EUR;84;129.70000000;436;EXCHANGE_LAST;;1;1;XEUR;11820389;688;
15.05.2025;12:41:39.284;FGBL SI 20250606 PS;SIMPLE_INSTRUMENT;EFS;EUR;85;129.75000000;872;EXCHANGE_LAST;;1;1;XEUR;11820389;688;
15.05.2025;12:44:08.264;FGBL SI 20250606 PS;SIMPLE_INSTRUMENT;EFS;EUR;86;129.81000000;436;EXCHANGE_LAST;;1;1;XEUR;11820389;688;
15.05.2025;12:44:26.776;FGBL SI 20250606 PS;SIMPLE_INSTRUMENT;EFS;EUR;87;129.62000000;676;EXCHANGE_LAST;;1;1;XEUR;11820389;688;
15.05.2025;12:44:44.894;FGBL SI 20250606 PS;SIMPLE_INSTRUMENT;EFS;EUR;88;129.72000000;1308;EXCHANGE_LAST;;1;1;XEUR;11820389;688;
15.05.2025;12:45:32.257;FGBL SI 20250606 PS;SIMPLE_INSTRUMENT;EFS;EUR;89;129.81000000;436;EXCHANGE_LAST;;1;1;XEUR;11820389;688;
15.05.2025;12:46:41.613;FGBL SI 20250606 PS;SIMPLE_INSTRUMENT;EFS;EUR;90;129.79000000;436;EXCHANGE_LAST;;1;1;XEUR;11820389;688;
15.05.2025;12:46:46.621;FGBL SI 20250606 PS;SIMPLE_INSTRUMENT;EFS;EUR;91;129.79000000;436;EXCHANGE_LAST;;1;1;XEUR;11820389;688;
15.05.2025;12:48:17.763;FGBL SI 20250606 PS;SIMPLE_INSTRUMENT;EFS;EUR;92;129.82000000;218;EXCHANGE_LAST;;1;1;XEUR;11820389;688;
15.05.2025;12:50:46.779;FGBL SI 20250606 PS;SIMPLE_INSTRUMENT;EFS;EUR;93;129.79000000;436;EXCHANGE_LAST;;1;1;XEUR;11820389;688;
15.05.2025;12:51:06.797;FGBL SI 20250606 PS;SIMPLE_INSTRUMENT;EFS;EUR;94;129.79000000;436;EXCHANGE_LAST;;1;1;XEUR;11820389;688;
15.05.2025;12:54:30.333;FGBL SI 20250606 PS;SIMPLE_INSTRUMENT;EFS;EUR;95;129.74000000;148;EXCHANGE_LAST;;1;1;XEUR;11820389;688;
15.05.2025;12:55:32.015;FGBL SI 20250606 PS;SIMPLE_INSTRUMENT;EFS;EUR;96;129.70000000;436;EXCHANGE_LAST;;1;1;XEUR;11820389;688;
15.05.2025;12:56:37.041;FGBL SI 20250606 PS;SIMPLE_INSTRUMENT;EFS;EUR;97;129.70000000;436;EXCHANGE_LAST;;1;1;XEUR;11820389;688;
15.05.2025;12:56:42.046;FGBL SI 20250606 PS;SIMPLE_INSTRUMENT;EFS;EUR;98;129.70000000;436;EXCHANGE_LAST;;1;1;XEUR;11820389;688;
15.05.2025;12:56:48.054;FGBL SI 20250606 PS;SIMPLE_INSTRUMENT;EFS;EUR;99;129.70000000;436;EXCHANGE_LAST;;1;1;XEUR;11820389;688;
15.05.2025;12:57:02.067;FGBL SI 20250606 PS;SIMPLE_INSTRUMENT;EFS;EUR;100;129.70000000;872;EXCHANGE_LAST;;1;1;XEUR;11820389;688;
15.05.2025;12:59:33.034;FGBL SI 20250606 PS;SIMPLE_INSTRUMENT;EFS;EUR;101;129.80000000;871;EXCHANGE_LAST;;1;1;XEUR;11820389;688;
15.05.2025;13:05:07.326;FGBL SI 20250606 PS;SIMPLE_INSTRUMENT;EFS;EUR;104;129.70000000;436;EXCHANGE_LAST;;1;1;XEUR;11820389;688;
15.05.2025;13:10:47.072;FGBL SI 20250606 PS;SIMPLE_INSTRUMENT;EFS;EUR;105;129.70000000;548;EXCHANGE_LAST;;1;1;XEUR;11820389;688;
15.05.2025;13:13:20.455;FGBL SI 20250606 PS;SIMPLE_INSTRUMENT;EFS;EUR;106;129.72000000;88;EXCHANGE_LAST;;1;1;XEUR;11820389;688;
15.05.2025;13:17:55.001;FGBL SI 20250606 PS;SIMPLE_INSTRUMENT;EFS;EUR;107;129.81000000;495;EXCHANGE_LAST;;1;1;XEUR;11820389;688;
15.05.2025;13:23:42.037;FGBL SI 20250606 PS;SIMPLE_INSTRUMENT;EFP_FIN;EUR;108;129.81000000;374;EXCHANGE_LAST;;1;1;XEUR;11820389;688;
15.05.2025;13:35:18.879;FGBL SI 20250606 PS;SIMPLE_INSTRUMENT;EFS;EUR;109;129.87000000;250;EXCHANGE_LAST;;1;1;XEUR;11820389;688;
15.05.2025;13:36:31.783;FGBL SI 20250606 PS;SIMPLE_INSTRUMENT;EFS;EUR;110;129.87000000;218;EXCHANGE_LAST;;1;1;XEUR;11820389;688;
15.05.2025;13:36:45.796;FGBL SI 20250606 PS;SIMPLE_INSTRUMENT;EFS;EUR;111;129.88000000;436;EXCHANGE_LAST;;1;1;XEUR;11820389;688;
15.05.2025;13:40:01.539;FGBL SI 20250606 PS;SIMPLE_INSTRUMENT;EFS;EUR;112;129.86000000;436;EXCHANGE_LAST;;1;1;XEUR;11820389;688;
15.05.2025;13:41:11.998;FGBL SI 20250606 PS;SIMPLE_INSTRUMENT;EFS;EUR;113;129.86000000;436;EXCHANGE_LAST;;1;1;XEUR;11820389;688;
15.05.2025;13:52:12.810;FGBL SI 20250606 PS;SIMPLE_INSTRUMENT;EFS;EUR;114;129.88000000;436;EXCHANGE_LAST;;1;1;XEUR;11820389;688;
15.05.2025;13:59:42.995;FGBL SI 20250606 PS;SIMPLE_INSTRUMENT;EFS;EUR;115;129.86000000;218;EXCHANGE_LAST;;1;1;XEUR;11820389;688;
15.05.2025;13:59:55.835;FGBL SI 20250606 PS;SIMPLE_INSTRUMENT;EFS;EUR;116;129.86000000;218;EXCHANGE_LAST;;1;1;XEUR;11820389;688;
15.05.2025;14:00:50.760;FGBL SI 20250606 PS;SIMPLE_INSTRUMENT;EFS;EUR;117;129.86000000;801;EXCHANGE_LAST;;1;1;XEUR;11820389;688;
15.05.2025;14:03:34.616;FGBL SI 20250606 PS;SIMPLE_INSTRUMENT;EFS;EUR;118;129.86000000;218;EXCHANGE_LAST;;1;1;XEUR;11820389;688;
15.05.2025;14:06:49.706;FGBL SI 20250606 PS;SIMPLE_INSTRUMENT;EFS;EUR;119;129.86000000;882;EXCHANGE_LAST;;1;1;XEUR;11820389;688;
15.05.2025;14:20:06.413;FGBL SI 20250606 PS;SIMPLE_INSTRUMENT;EFS;EUR;120;129.87000000;221;EXCHANGE_LAST;;1;1;XEUR;11820389;688;
15.05.2025;14:22:55.001;FGBL SI 20250606 PS;SIMPLE_INSTRUMENT;EFP_FIN;EUR;121;129.86000000;374;EXCHANGE_LAST;;1;1;XEUR;11820389;688;
15.05.2025;14:28:02.255;FGBL SI 20250606 PS;SIMPLE_INSTRUMENT;EFS;EUR;122;129.82000000;672;EXCHANGE_LAST;;1;1;XEUR;11820389;688;
15.05.2025;14:31:05.066;FGBL SI 20250606 PS;SIMPLE_INSTRUMENT;EFP_FIN;EUR;123;129.85000000;187;EXCHANGE_LAST;;1;1;XEUR;11820389;688;
15.05.2025;14:31:30.114;FGBL SI 20250606 PS;SIMPLE_INSTRUMENT;EFS;EUR;124;129.84000000;436;EXCHANGE_LAST;;1;1;XEUR;11820389;688;
15.05.2025;14:32:31.723;FGBL SI 20250606 PS;SIMPLE_INSTRUMENT;EFS;EUR;125;129.85000000;436;EXCHANGE_LAST;;1;1;XEUR;11820389;688;
15.05.2025;14:33:39.622;FGBL SI 20250606 PS;SIMPLE_INSTRUMENT;EFS;EUR;126;129.85000000;218;EXCHANGE_LAST;;1;1;XEUR;11820389;688;
15.05.2025;14:36:56.496;FGBL SI 20250606 PS;SIMPLE_INSTRUMENT;EFS;EUR;127;129.85000000;436;EXCHANGE_LAST;;1;1;XEUR;11820389;688;
15.05.2025;14:38:32.407;FGBL SI 20250606 PS;SIMPLE_INSTRUMENT;EFS;EUR;128;129.87000000;435;EXCHANGE_LAST;;1;1;XEUR;11820389;688;
15.05.2025;14:38:58.863;FGBL SI 20250606 PS;SIMPLE_INSTRUMENT;EFS;EUR;129;129.87000000;435;EXCHANGE_LAST;;1;1;XEUR;11820389;688;
15.05.2025;14:43:38.404;FGBL SI 20250606 PS;SIMPLE_INSTRUMENT;EFP_FIN;EUR;130;129.87000000;132;EXCHANGE_LAST;;1;1;XEUR;11820389;688;
15.05.2025;14:49:17.222;FGBL SI 20250606 PS;SIMPLE_INSTRUMENT;EFS;EUR;131;129.86000000;436;EXCHANGE_LAST;;1;1;XEUR;11820389;688;
15.05.2025;14:56:37.816;FGBL SI 20250606 PS;SIMPLE_INSTRUMENT;EFS;EUR;132;129.92000000;261;EXCHANGE_LAST;;1;1;XEUR;11820389;688;
15.05.2025;14:59:01.469;FGBL SI 20250606 PS;SIMPLE_INSTRUMENT;EFS;EUR;133;129.92000000;493;EXCHANGE_LAST;;1;1;XEUR;11820389;688;
15.05.2025;15:01:37.573;FGBL SI 20250606 PS;SIMPLE_INSTRUMENT;EFP_FIN;EUR;134;129.92000000;1870;EXCHANGE_LAST;;1;1;XEUR;11820389;688;
15.05.2025;15:08:57.230;FGBL SI 20250606 PS;SIMPLE_INSTRUMENT;EFS;EUR;135;129.93000000;148;EXCHANGE_LAST;;1;1;XEUR;11820389;688;
15.05.2025;15:14:45.636;FGBL SI 20250606 PS;SIMPLE_INSTRUMENT;EFS;EUR;136;129.93000000;653;EXCHANGE_LAST;;1;1;XEUR;11820389;688;
15.05.2025;15:14:59.646;FGBL SI 20250606 PS;SIMPLE_INSTRUMENT;EFP_FIN;EUR;137;129.93000000;748;EXCHANGE_LAST;;1;1;XEUR;11820389;688;
15.05.2025;15:15:34.085;FGBL SI 20250606 PS;SIMPLE_INSTRUMENT;EFS;EUR;138;129.93000000;653;EXCHANGE_LAST;;1;1;XEUR;11820389;688;
15.05.2025;15:20:22.308;FGBL SI 20250606 PS;SIMPLE_INSTRUMENT;EFS;EUR;139;129.85000000;436;EXCHANGE_LAST;;1;1;XEUR;11820389;688;
15.05.2025;15:20:40.287;FGBL SI 20250606 PS;SIMPLE_INSTRUMENT;EFS;EUR;140;129.91000000;435;EXCHANGE_LAST;;1;1;XEUR;11820389;688;
15.05.2025;15:21:07.952;FGBL SI 20250606 PS;SIMPLE_INSTRUMENT;EFS;EUR;141;129.93000000;305;EXCHANGE_LAST;;1;1;XEUR;11820389;688;
15.05.2025;15:21:49.512;FGBL SI 20250606 PS;SIMPLE_INSTRUMENT;EFS;EUR;142;129.86000000;436;EXCHANGE_LAST;;1;1;XEUR;11820389;688;
15.05.2025;15:22:28.336;FGBL SI 20250606 PS;SIMPLE_INSTRUMENT;EFP_FIN;EUR;143;129.91000000;75;EXCHANGE_LAST;;1;1;XEUR;11820389;688;
15.05.2025;15:23:43.057;FGBL SI 20250606 PS;SIMPLE_INSTRUMENT;EFP_FIN;EUR;144;129.92000000;628;EXCHANGE_LAST;;1;1;XEUR;11820389;688;
15.05.2025;15:26:26.392;FGBL SI 20250606 PS;SIMPLE_INSTRUMENT;EFS;EUR;145;130.00000000;435;EXCHANGE_LAST;;1;1;XEUR;11820389;688;
15.05.2025;15:28:28.424;FGBL SI 20250606 PS;SIMPLE_INSTRUMENT;EFS;EUR;146;130.01000000;218;EXCHANGE_LAST;;1;1;XEUR;11820389;688;
15.05.2025;15:28:48.088;FGBL SI 20250606 PS;SIMPLE_INSTRUMENT;EFS;EUR;147;130.01000000;218;EXCHANGE_LAST;;1;1;XEUR;11820389;688;
15.05.2025;15:36:19.881;FGBL SI 20250606 PS;SIMPLE_INSTRUMENT;EFS;EUR;148;130.03000000;218;EXCHANGE_LAST;;1;1;XEUR;11820389;688;
15.05.2025;15:36:38.475;FGBL SI 20250606 PS;SIMPLE_INSTRUMENT;EFS;EUR;149;129.98000000;218;EXCHANGE_LAST;;1;1;XEUR;11820389;688;
15.05.2025;15:39:06.609;FGBL SI 20250606 PS;SIMPLE_INSTRUMENT;EFS;EUR;150;129.93000000;552;EXCHANGE_LAST;;1;1;XEUR;11820389;688;
15.05.2025;15:50:14.560;FGBL SI 20250606 PS;SIMPLE_INSTRUMENT;EFS;EUR;151;130.01000000;218;EXCHANGE_LAST;;1;1;XEUR;11820389;688;
15.05.2025;16:07:36.279;FGBL SI 20250606 PS;SIMPLE_INSTRUMENT;EFS;EUR;152;130.00000000;650;EXCHANGE_LAST;;1;1;XEUR;11820389;688;
15.05.2025;15:57:47.614;FGBL SI 20250606 PS;SIMPLE_INSTRUMENT;EFS;EUR;153;129.77000000;218;EXCHANGE_LAST;;1;1;XEUR;11820389;688;
15.05.2025;15:57:55.630;FGBL SI 20250606 PS;SIMPLE_INSTRUMENT;EFS;EUR;154;129.78000000;218;EXCHANGE_LAST;;1;1;XEUR;11820389;688;
15.05.2025;16:00:10.392;FGBL SI 20250606 PS;SIMPLE_INSTRUMENT;EFS;EUR;155;130.01000000;435;EXCHANGE_LAST;;1;1;XEUR;11820389;688;
15.05.2025;16:08:40.318;FGBL SI 20250606 PS;SIMPLE_INSTRUMENT;EFS;EUR;156;130.07000000;218;EXCHANGE_LAST;;1;1;XEUR;11820389;688;
15.05.2025;16:15:48.503;FGBL SI 20250606 PS;SIMPLE_INSTRUMENT;EFS;EUR;157;130.11000000;218;EXCHANGE_LAST;;1;1;XEUR;11820389;688;
15.05.2025;16:25:21.630;FGBL SI 20250606 PS;SIMPLE_INSTRUMENT;EFS;EUR;158;130.10000000;218;EXCHANGE_LAST;;1;1;XEUR;11820389;688;
15.05.2025;16:32:45.696;FGBL SI 20250606 PS;SIMPLE_INSTRUMENT;EFS;EUR;159;130.13000000;217;EXCHANGE_LAST;;1;1;XEUR;11820389;688;
15.05.2025;07:39:31.288;FGBL SI 20250606 PS;SIMPLE_INSTRUMENT;VOLA;EUR;268435468;129.41000000;100;EXCHANGE_LAST;;1;1;XEUR;11820389;688;
15.05.2025;07:40:06.292;FGBL SI 20250606 PS;SIMPLE_INSTRUMENT;VOLA;EUR;268435469;129.41000000;50;EXCHANGE_LAST;;1;1;XEUR;11820389;688;
15.05.2025;07:40:27.297;FGBL SI 20250606 PS;SIMPLE_INSTRUMENT;VOLA;EUR;268435470;129.41000000;50;EXCHANGE_LAST;;1;1;XEUR;11820389;688;
15.05.2025;10:11:29.746;FGBL SI 20250606 PS;SIMPLE_INSTRUMENT;VOLA;EUR;268435492;129.46000000;200;EXCHANGE_LAST;;1;1;XEUR;11820389;688;
15.05.2025;10:20:09.756;FGBL SI 20250606 PS;SIMPLE_INSTRUMENT;VOLA;EUR;268435499;129.50000000;158;EXCHANGE_LAST;;1;1;XEUR;11820389;688;
15.05.2025;11:24:14.252;FGBL SI 20250606 PS;SIMPLE_INSTRUMENT;VOLA;EUR;268435516;129.40000000;17;EXCHANGE_LAST;;1;1;XEUR;11820389;688;
15.05.2025;11:25:07.258;FGBL SI 20250606 PS;SIMPLE_INSTRUMENT;VOLA;EUR;268435517;129.40000000;18;EXCHANGE_LAST;;1;1;XEUR;11820389;688;
15.05.2025;11:47:44.482;FGBL SI 20250908 PS;SIMPLE_INSTRUMENT;VOLA;EUR;268435522;129.22000000;45;EXCHANGE_LAST;;1;1;XEUR;12372482;688;
15.05.2025;11:48:09.485;FGBL SI 20250908 PS;SIMPLE_INSTRUMENT;VOLA;EUR;268435523;129.22000000;45;EXCHANGE_LAST;;1;1;XEUR;12372482;688;
15.05.2025;14:01:38.657;FGBL SI 20250606 PS;SIMPLE_INSTRUMENT;VOLA;EUR;268435538;129.88000000;200;EXCHANGE_LAST;;1;1;XEUR;11820389;688;
15.05.2025;14:06:23.040;FGBL SI 20250606 PS;SIMPLE_INSTRUMENT;VOLA;EUR;268435539;129.88000000;56;EXCHANGE_LAST;;1;1;XEUR;11820389;688;
15.05.2025;15:46:52.140;FGBL SI 20250606 PS;SIMPLE_INSTRUMENT;VOLA;EUR;268435557;129.94000000;102;EXCHANGE_LAST;;1;1;XEUR;11820389;688;
15.05.2025;15:56:13.664;FGBL SI 20250606 PS;SIMPLE_INSTRUMENT;VOLA;EUR;268435560;129.96000000;24;EXCHANGE_LAST;;1;1;XEUR;11820389;688;
15.05.2025;06:50:11.897;FGBM SI 20250606 PS;SIMPLE_INSTRUMENT;EFS;EUR;1;118.15000000;867;EXCHANGE_LAST;;1;1;XEUR;11820390;689;
15.05.2025;07:15:12.585;FGBM SI 20250606 PS;SIMPLE_INSTRUMENT;EFS;EUR;2;118.21000000;1374;EXCHANGE_LAST;;1;1;XEUR;11820390;689;
15.05.2025;07:15:25.770;FGBM SI 20250606 PS;SIMPLE_INSTRUMENT;EFS;EUR;3;118.21000000;434;EXCHANGE_LAST;;1;1;XEUR;11820390;689;
15.05.2025;07:26:46.954;FGBM SI 20250606 PS;SIMPLE_INSTRUMENT;EFS;EUR;4;118.22000000;279;EXCHANGE_LAST;;1;1;XEUR;11820390;689;
15.05.2025;07:34:05.753;FGBM SI 20250606 PS;SIMPLE_INSTRUMENT;EFS;EUR;5;118.20000000;2000;EXCHANGE_LAST;;1;1;XEUR;11820390;689;
15.05.2025;07:51:05.343;FGBM SI 20250606 PS;SIMPLE_INSTRUMENT;EFS;EUR;6;118.19000000;184;EXCHANGE_LAST;;1;1;XEUR;11820390;689;
15.05.2025;08:17:54.354;FGBM SI 20250606 PS;SIMPLE_INSTRUMENT;EFS;EUR;7;118.23000000;866;EXCHANGE_LAST;;1;1;XEUR;11820390;689;
15.05.2025;08:18:34.265;FGBM SI 20250606 PS;SIMPLE_INSTRUMENT;EFS;EUR;8;118.23000000;866;EXCHANGE_LAST;;1;1;XEUR;11820390;689;
15.05.2025;08:21:30.100;FGBM SI 20250606 PS;SIMPLE_INSTRUMENT;EFS;EUR;9;118.23000000;374;EXCHANGE_LAST;;1;1;XEUR;11820390;689;
15.05.2025;08:29:14.702;FGBM SI 20250606 PS;SIMPLE_INSTRUMENT;EFP_FIN;EUR;10;118.24000000;852;EXCHANGE_LAST;;1;1;XEUR;11820390;689;
15.05.2025;08:37:47.435;FGBM SI 20250606 PS;SIMPLE_INSTRUMENT;EFS;EUR;11;118.23000000;866;EXCHANGE_LAST;;1;1;XEUR;11820390;689;
15.05.2025;08:44:07.559;FGBM SI 20250606 PS;SIMPLE_INSTRUMENT;EFS;EUR;12;118.23000000;311;EXCHANGE_LAST;;1;1;XEUR;11820390;689;
15.05.2025;08:57:14.954;FGBM SI 20250606 PS;SIMPLE_INSTRUMENT;EFS;EUR;13;118.22000000;433;EXCHANGE_LAST;;1;1;XEUR;11820390;689;
15.05.2025;08:57:34.682;FGBM SI 20250606 PS;SIMPLE_INSTRUMENT;EFS;EUR;14;118.22000000;433;EXCHANGE_LAST;;1;1;XEUR;11820390;689;
15.05.2025;08:58:03.603;FGBM SI 20250606 PS;SIMPLE_INSTRUMENT;EFS;EUR;15;118.22000000;433;EXCHANGE_LAST;;1;1;XEUR;11820390;689;
15.05.2025;09:00:44.522;FGBM SI 20250606 PS;SIMPLE_INSTRUMENT;EFP_FIN;EUR;16;118.22000000;1201;EXCHANGE_LAST;;1;1;XEUR;11820390;689;
15.05.2025;09:07:58.410;FGBM SI 20250606 PS;SIMPLE_INSTRUMENT;EFS;EUR;17;118.23000000;866;EXCHANGE_LAST;;1;1;XEUR;11820390;689;
15.05.2025;09:23:17.837;FGBM SI 20250606 PS;SIMPLE_INSTRUMENT;EFS;EUR;18;118.24000000;866;EXCHANGE_LAST;;1;1;XEUR;11820390;689;
15.05.2025;09:25:56.906;FGBM SI 20250606 PS;SIMPLE_INSTRUMENT;EFS;EUR;19;118.26000000;433;EXCHANGE_LAST;;1;1;XEUR;11820390;689;
15.05.2025;09:32:36.726;FGBM SI 20250606 PS;SIMPLE_INSTRUMENT;EFS;EUR;20;118.25000000;650;EXCHANGE_LAST;;1;1;XEUR;11820390;689;
15.05.2025;09:33:19.937;FGBM SI 20250606 PS;SIMPLE_INSTRUMENT;EFS;EUR;21;118.25000000;217;EXCHANGE_LAST;;1;1;XEUR;11820390;689;
15.05.2025;09:34:32.540;FGBM SI 20250606 PS;SIMPLE_INSTRUMENT;EFS;EUR;22;118.25000000;217;EXCHANGE_LAST;;1;1;XEUR;11820390;689;
15.05.2025;09:34:55.722;FGBM SI 20250606 PS;SIMPLE_INSTRUMENT;EFS;EUR;23;118.23000000;161;EXCHANGE_LAST;;1;1;XEUR;11820390;689;
15.05.2025;09:36:25.492;FGBM SI 20250606 PS;SIMPLE_INSTRUMENT;EFS;EUR;24;118.25000000;650;EXCHANGE_LAST;;1;1;XEUR;11820390;689;
15.05.2025;09:52:47.745;FGBM SI 20250606 PS;SIMPLE_INSTRUMENT;EFP_FIN;EUR;25;118.27000000;454;EXCHANGE_LAST;;1;1;XEUR;11820390;689;
15.05.2025;09:56:17.347;FGBM SI 20250606 PS;SIMPLE_INSTRUMENT;EFS;EUR;26;118.27000000;546;EXCHANGE_LAST;;1;1;XEUR;11820390;689;
15.05.2025;09:57:20.989;FGBM SI 20250606 PS;SIMPLE_INSTRUMENT;EFP_FIN;EUR;27;118.27000000;1704;EXCHANGE_LAST;;1;1;XEUR;11820390;689;
15.05.2025;10:01:39.286;FGBM SI 20250606 PS;SIMPLE_INSTRUMENT;EFP_FIN;EUR;28;118.25000000;426;EXCHANGE_LAST;;1;1;XEUR;11820390;689;
15.05.2025;10:04:51.820;FGBM SI 20250606 PS;SIMPLE_INSTRUMENT;EFS;EUR;29;118.27000000;814;EXCHANGE_LAST;;1;1;XEUR;11820390;689;
15.05.2025;10:06:01.872;FGBM SI 20250606 PS;SIMPLE_INSTRUMENT;EFS;EUR;30;118.27000000;1221;EXCHANGE_LAST;;1;1;XEUR;11820390;689;
15.05.2025;10:09:27.007;FGBM SI 20250606 PS;SIMPLE_INSTRUMENT;EFS;EUR;31;118.27000000;1221;EXCHANGE_LAST;;1;1;XEUR;11820390;689;
15.05.2025;10:11:15.396;FGBM SI 20250606 PS;SIMPLE_INSTRUMENT;EFP_FIN;EUR;32;118.26000000;426;EXCHANGE_LAST;;1;1;XEUR;11820390;689;
15.05.2025;10:11:00.809;FGBM SI 20250606 PS;SIMPLE_INSTRUMENT;EFP_FIN;EUR;33;118.26000000;426;EXCHANGE_LAST;;1;1;XEUR;11820390;689;
15.05.2025;10:44:59.333;FGBM SI 20250606 PS;SIMPLE_INSTRUMENT;EFS;EUR;34;118.25000000;581;EXCHANGE_LAST;;1;1;XEUR;11820390;689;
15.05.2025;10:51:43.938;FGBM SI 20250606 PS;SIMPLE_INSTRUMENT;EFS;EUR;35;118.26000000;404;EXCHANGE_LAST;;1;1;XEUR;11820390;689;
15.05.2025;10:57:32.139;FGBM SI 20250606 PS;SIMPLE_INSTRUMENT;EFP_FIN;EUR;36;118.26000000;420;EXCHANGE_LAST;;1;1;XEUR;11820390;689;
15.05.2025;11:06:58.234;FGBM SI 20250606 PS;SIMPLE_INSTRUMENT;EFS;EUR;37;118.26000000;830;EXCHANGE_LAST;;1;1;XEUR;11820390;689;
15.05.2025;11:26:20.963;FGBM SI 20250606 PS;SIMPLE_INSTRUMENT;EFP_FIN;EUR;38;118.25000000;852;EXCHANGE_LAST;;1;1;XEUR;11820390;689;
15.05.2025;11:34:42.066;FGBM SI 20250606 PS;SIMPLE_INSTRUMENT;EFS;EUR;39;118.34000000;3754;EXCHANGE_LAST;;1;1;XEUR;11820390;689;
15.05.2025;11:43:31.777;FGBM SI 20250606 PS;SIMPLE_INSTRUMENT;EFP_FIN;EUR;40;118.25000000;183;EXCHANGE_LAST;;1;1;XEUR;11820390;689;
15.05.2025;11:49:26.325;FGBM SI 20250606 PS;SIMPLE_INSTRUMENT;EFS;EUR;41;118.34000000;2000;EXCHANGE_LAST;;1;1;XEUR;11820390;689;
15.05.2025;11:55:08.801;FGBM SI 20250606 PS;SIMPLE_INSTRUMENT;EFS;EUR;42;118.34000000;3716;EXCHANGE_LAST;;1;1;XEUR;11820390;689;
15.05.2025;11:59:36.648;FGBM SI 20250606 PS;SIMPLE_INSTRUMENT;EFS;EUR;43;118.34000000;433;EXCHANGE_LAST;;1;1;XEUR;11820390;689;
15.05.2025;12:02:24.471;FGBM SI 20250606 PS;SIMPLE_INSTRUMENT;EFS;EUR;44;118.34000000;1394;EXCHANGE_LAST;;1;1;XEUR;11820390;689;
15.05.2025;12:11:17.719;FGBM SI 20250606 PS;SIMPLE_INSTRUMENT;EFP_FIN;EUR;45;118.35000000;183;EXCHANGE_LAST;;1;1;XEUR;11820390;689;
15.05.2025;12:07:10.068;FGBM SI 20250606 PS;SIMPLE_INSTRUMENT;EFS;EUR;46;118.34000000;929;EXCHANGE_LAST;;1;1;XEUR;11820390;689;
15.05.2025;12:11:13.247;FGBM SI 20250606 PS;SIMPLE_INSTRUMENT;EFP_FIN;EUR;47;118.34000000;1173;EXCHANGE_LAST;;1;1;XEUR;11820390;689;
15.05.2025;12:14:09.830;FGBM SI 20250606 PS;SIMPLE_INSTRUMENT;EFS;EUR;48;118.34000000;866;EXCHANGE_LAST;;1;1;XEUR;11820390;689;
15.05.2025;12:16:36.692;FGBM SI 20250606 PS;SIMPLE_INSTRUMENT;EFS;EUR;49;118.34000000;570;EXCHANGE_LAST;;1;1;XEUR;11820390;689;
15.05.2025;12:17:48.414;FGBM SI 20250606 PS;SIMPLE_INSTRUMENT;EFS;EUR;50;118.33000000;867;EXCHANGE_LAST;;1;1;XEUR;11820390;689;
15.05.2025;12:17:59.675;FGBM SI 20250606 PS;SIMPLE_INSTRUMENT;EFS;EUR;51;118.34000000;814;EXCHANGE_LAST;;1;1;XEUR;11820390;689;
15.05.2025;12:20:59.779;FGBM SI 20250606 PS;SIMPLE_INSTRUMENT;EFS;EUR;52;118.35000000;433;EXCHANGE_LAST;;1;1;XEUR;11820390;689;
15.05.2025;12:21:08.553;FGBM SI 20250606 PS;SIMPLE_INSTRUMENT;EFS;EUR;53;118.33000000;867;EXCHANGE_LAST;;1;1;XEUR;11820390;689;
15.05.2025;12:37:28.322;FGBM SI 20250606 PS;SIMPLE_INSTRUMENT;EFS;EUR;54;118.35000000;2000;EXCHANGE_LAST;;1;1;XEUR;11820390;689;
15.05.2025;12:42:01.398;FGBM SI 20250606 PS;SIMPLE_INSTRUMENT;EFS;EUR;55;118.38000000;433;EXCHANGE_LAST;;1;1;XEUR;11820390;689;
15.05.2025;12:42:21.416;FGBM SI 20250606 PS;SIMPLE_INSTRUMENT;EFS;EUR;56;118.42000000;433;EXCHANGE_LAST;;1;1;XEUR;11820390;689;
15.05.2025;12:48:55.792;FGBM SI 20250606 PS;SIMPLE_INSTRUMENT;EFS;EUR;57;118.43000000;929;EXCHANGE_LAST;;1;1;XEUR;11820390;689;
15.05.2025;12:52:07.097;FGBM SI 20250606 PS;SIMPLE_INSTRUMENT;EFS;EUR;58;118.38000000;367;EXCHANGE_LAST;;1;1;XEUR;11820390;689;
15.05.2025;12:52:18.683;FGBM SI 20250606 PS;SIMPLE_INSTRUMENT;EFS;EUR;59;118.42000000;866;EXCHANGE_LAST;;1;1;XEUR;11820390;689;
15.05.2025;12:57:28.077;FGBM SI 20250606 PS;SIMPLE_INSTRUMENT;EFP_FIN;EUR;60;118.35000000;330;EXCHANGE_LAST;;1;1;XEUR;11820390;689;
15.05.2025;13:03:58.812;FGBM SI 20250606 PS;SIMPLE_INSTRUMENT;EFP_FIN;EUR;61;118.35000000;377;EXCHANGE_LAST;;1;1;XEUR;11820390;689;
15.05.2025;13:27:19.383;FGBM SI 20250606 PS;SIMPLE_INSTRUMENT;EFS;EUR;62;118.47000000;866;EXCHANGE_LAST;;1;1;XEUR;11820390;689;
15.05.2025;13:29:35.075;FGBM SI 20250606 PS;SIMPLE_INSTRUMENT;EFP_FIN;EUR;63;118.40000000;580;EXCHANGE_LAST;;1;1;XEUR;11820390;689;
15.05.2025;13:30:44.532;FGBM SI 20250606 PS;SIMPLE_INSTRUMENT;EFS;EUR;64;118.45000000;866;EXCHANGE_LAST;;1;1;XEUR;11820390;689;
15.05.2025;13:32:21.622;FGBM SI 20250606 PS;SIMPLE_INSTRUMENT;EFP_FIN;EUR;65;118.26000000;486;EXCHANGE_LAST;;1;1;XEUR;11820390;689;
15.05.2025;13:34:05.936;FGBM SI 20250606 PS;SIMPLE_INSTRUMENT;EFS;EUR;66;118.42000000;413;EXCHANGE_LAST;;1;1;XEUR;11820390;689;
15.05.2025;13:36:40.790;FGBM SI 20250606 PS;SIMPLE_INSTRUMENT;EFS;EUR;67;118.48000000;433;EXCHANGE_LAST;;1;1;XEUR;11820390;689;
15.05.2025;13:40:39.920;FGBM SI 20250606 PS;SIMPLE_INSTRUMENT;EFS;EUR;68;118.46000000;865;EXCHANGE_LAST;;1;1;XEUR;11820390;689;
15.05.2025;13:41:45.309;FGBM SI 20250606 PS;SIMPLE_INSTRUMENT;EFS;EUR;69;118.46000000;865;EXCHANGE_LAST;;1;1;XEUR;11820390;689;
15.05.2025;13:42:34.248;FGBM SI 20250606 PS;SIMPLE_INSTRUMENT;EFS;EUR;70;118.46000000;865;EXCHANGE_LAST;;1;1;XEUR;11820390;689;
15.05.2025;13:42:53.903;FGBM SI 20250606 PS;SIMPLE_INSTRUMENT;EFP_FIN;EUR;71;118.44000000;426;EXCHANGE_LAST;;1;1;XEUR;11820390;689;
15.05.2025;13:44:28.280;FGBM SI 20250606 PS;SIMPLE_INSTRUMENT;EFS;EUR;72;118.45000000;865;EXCHANGE_LAST;;1;1;XEUR;11820390;689;
15.05.2025;13:49:51.394;FGBM SI 20250606 PS;SIMPLE_INSTRUMENT;EFS;EUR;73;118.45000000;433;EXCHANGE_LAST;;1;1;XEUR;11820390;689;
15.05.2025;13:50:34.720;FGBM SI 20250606 PS;SIMPLE_INSTRUMENT;EFS;EUR;74;118.46000000;433;EXCHANGE_LAST;;1;1;XEUR;11820390;689;
15.05.2025;13:54:02.999;FGBM SI 20250606 PS;SIMPLE_INSTRUMENT;EFS;EUR;75;118.47000000;1396;EXCHANGE_LAST;;1;1;XEUR;11820390;689;
15.05.2025;13:57:20.705;FGBM SI 20250606 PS;SIMPLE_INSTRUMENT;EFP_FIN;EUR;76;118.46000000;86;EXCHANGE_LAST;;1;1;XEUR;11820390;689;
15.05.2025;14:00:39.369;FGBM SI 20250606 PS;SIMPLE_INSTRUMENT;EFP_FIN;EUR;77;118.44000000;352;EXCHANGE_LAST;;1;1;XEUR;11820390;689;
15.05.2025;14:00:46.022;FGBM SI 20250606 PS;SIMPLE_INSTRUMENT;EFS;EUR;78;118.40000000;1134;EXCHANGE_LAST;;1;1;XEUR;11820390;689;
15.05.2025;14:11:34.132;FGBM SI 20250606 PS;SIMPLE_INSTRUMENT;EFP_FIN;EUR;79;118.44000000;303;EXCHANGE_LAST;;1;1;XEUR;11820390;689;
15.05.2025;14:20:07.782;FGBM SI 20250606 PS;SIMPLE_INSTRUMENT;EFP_FIN;EUR;80;118.44000000;255;EXCHANGE_LAST;;1;1;XEUR;11820390;689;
15.05.2025;14:28:13.644;FGBM SI 20250606 PS;SIMPLE_INSTRUMENT;EFP_FIN;EUR;81;118.45000000;511;EXCHANGE_LAST;;1;1;XEUR;11820390;689;
15.05.2025;14:33:29.998;FGBM SI 20250606 PS;SIMPLE_INSTRUMENT;EFP_FIN;EUR;82;118.44000000;2428;EXCHANGE_LAST;;1;1;XEUR;11820390;689;
15.05.2025;14:34:01.121;FGBM SI 20250606 PS;SIMPLE_INSTRUMENT;EFS;EUR;83;118.46000000;1396;EXCHANGE_LAST;;1;1;XEUR;11820390;689;
15.05.2025;14:45:32.404;FGBM SI 20250606 PS;SIMPLE_INSTRUMENT;EFP_FIN;EUR;84;118.44000000;466;EXCHANGE_LAST;;1;1;XEUR;11820390;689;
15.05.2025;14:48:47.843;FGBM SI 20250606 PS;SIMPLE_INSTRUMENT;EFP_FIN;EUR;85;118.44000000;680;EXCHANGE_LAST;;1;1;XEUR;11820390;689;
15.05.2025;14:51:32.405;FGBM SI 20250606 PS;SIMPLE_INSTRUMENT;EFP_FIN;EUR;86;118.46000000;213;EXCHANGE_LAST;;1;1;XEUR;11820390;689;
15.05.2025;14:51:05.893;FGBM SI 20250606 PS;SIMPLE_INSTRUMENT;EFP_FIN;EUR;87;118.45000000;822;EXCHANGE_LAST;;1;1;XEUR;11820390;689;
15.05.2025;14:56:46.474;FGBM SI 20250606 PS;SIMPLE_INSTRUMENT;EFP_FIN;EUR;88;118.44000000;426;EXCHANGE_LAST;;1;1;XEUR;11820390;689;
15.05.2025;15:11:05.793;FGBM SI 20250606 PS;SIMPLE_INSTRUMENT;EFS;EUR;89;118.49000000;1298;EXCHANGE_LAST;;1;1;XEUR;11820390;689;
15.05.2025;15:11:50.580;FGBM SI 20250606 PS;SIMPLE_INSTRUMENT;EFS;EUR;90;118.49000000;865;EXCHANGE_LAST;;1;1;XEUR;11820390;689;
15.05.2025;15:17:49.224;FGBM SI 20250606 PS;SIMPLE_INSTRUMENT;EFP_FIN;EUR;91;118.44000000;420;EXCHANGE_LAST;;1;1;XEUR;11820390;689;
15.05.2025;15:17:00.536;FGBM SI 20250606 PS;SIMPLE_INSTRUMENT;EFP_FIN;EUR;92;118.48000000;354;EXCHANGE_LAST;;1;1;XEUR;11820390;689;
15.05.2025;15:22:27.073;FGBM SI 20250606 PS;SIMPLE_INSTRUMENT;EFS;EUR;93;118.49000000;677;EXCHANGE_LAST;;1;1;XEUR;11820390;689;
15.05.2025;15:27:12.740;FGBM SI 20250606 PS;SIMPLE_INSTRUMENT;EFS;EUR;94;118.47000000;367;EXCHANGE_LAST;;1;1;XEUR;11820390;689;
15.05.2025;15:30:22.934;FGBM SI 20250606 PS;SIMPLE_INSTRUMENT;EFS;EUR;95;118.49000000;865;EXCHANGE_LAST;;1;1;XEUR;11820390;689;
15.05.2025;15:32:22.609;FGBM SI 20250606 PS;SIMPLE_INSTRUMENT;EFS;EUR;96;118.50000000;866;EXCHANGE_LAST;;1;1;XEUR;11820390;689;
15.05.2025;15:33:57.450;FGBM SI 20250606 PS;SIMPLE_INSTRUMENT;EFS;EUR;97;118.50000000;865;EXCHANGE_LAST;;1;1;XEUR;11820390;689;
15.05.2025;15:35:52.763;FGBM SI 20250606 PS;SIMPLE_INSTRUMENT;EFS;EUR;98;118.51000000;433;EXCHANGE_LAST;;1;1;XEUR;11820390;689;
15.05.2025;15:45:01.230;FGBM SI 20250606 PS;SIMPLE_INSTRUMENT;EFS;EUR;99;118.50000000;830;EXCHANGE_LAST;;1;1;XEUR;11820390;689;
15.05.2025;15:47:06.560;FGBM SI 20250606 PS;SIMPLE_INSTRUMENT;EFS;EUR;100;118.51000000;2000;EXCHANGE_LAST;;1;1;XEUR;11820390;689;
15.05.2025;15:58:15.634;FGBM SI 20250606 PS;SIMPLE_INSTRUMENT;EFS;EUR;101;118.51000000;415;EXCHANGE_LAST;;1;1;XEUR;11820390;689;
15.05.2025;07:34:05.197;FGBS SI 20250606 PS;SIMPLE_INSTRUMENT;EFP_FIN;EUR;2;107.12000000;185;EXCHANGE_LAST;;1;1;XEUR;11820391;690;
15.05.2025;07:43:37.030;FGBS SI 20250606 PS;SIMPLE_INSTRUMENT;EFP_FIN;EUR;4;107.13000000;741;EXCHANGE_LAST;;1;1;XEUR;11820391;690;
15.05.2025;07:44:51.359;FGBS SI 20250606 PS;SIMPLE_INSTRUMENT;EFP_FIN;EUR;5;107.13000000;742;EXCHANGE_LAST;;1;1;XEUR;11820391;690;
15.05.2025;07:50:09.300;FGBS SI 20250606 PS;SIMPLE_INSTRUMENT;EFS;EUR;6;107.12500000;540;EXCHANGE_LAST;;1;1;XEUR;11820391;690;
15.05.2025;08:07:36.735;FGBS SI 20250606 PS;SIMPLE_INSTRUMENT;EFP_FIN;EUR;8;107.13000000;697;EXCHANGE_LAST;;1;1;XEUR;11820391;690;
15.05.2025;08:05:27.959;FGBS SI 20250606 PS;SIMPLE_INSTRUMENT;EFP_FIN;EUR;9;107.13000000;1407;EXCHANGE_LAST;;1;1;XEUR;11820391;690;
15.05.2025;08:38:32.651;FGBS SI 20250606 PS;SIMPLE_INSTRUMENT;EFP_FIN;EUR;10;107.13000000;530;EXCHANGE_LAST;;1;1;XEUR;11820391;690;
15.05.2025;08:38:44.800;FGBS SI 20250606 PS;SIMPLE_INSTRUMENT;EFP_FIN;EUR;11;107.13000000;167;EXCHANGE_LAST;;1;1;XEUR;11820391;690;
15.05.2025;09:02:45.729;FGBS SI 20250606 PS;SIMPLE_INSTRUMENT;EFS;EUR;12;107.14000000;3173;EXCHANGE_LAST;;1;1;XEUR;11820391;690;
15.05.2025;09:18:46.660;FGBS SI 20250606 PS;SIMPLE_INSTRUMENT;EFP_FIN;EUR;13;107.14000000;742;EXCHANGE_LAST;;1;1;XEUR;11820391;690;
15.05.2025;09:20:01.495;FGBS SI 20250606 PS;SIMPLE_INSTRUMENT;EFP_FIN;EUR;14;107.14000000;2815;EXCHANGE_LAST;;1;1;XEUR;11820391;690;
15.05.2025;09:21:04.870;FGBS SI 20250606 PS;SIMPLE_INSTRUMENT;EFP_FIN;EUR;15;107.14000000;4222;EXCHANGE_LAST;;1;1;XEUR;11820391;690;
15.05.2025;09:23:54.967;FGBS SI 20250606 PS;SIMPLE_INSTRUMENT;EFS;EUR;16;107.14000000;4876;EXCHANGE_LAST;;1;1;XEUR;11820391;690;
15.05.2025;09:32:34.356;FGBS SI 20250606 PS;SIMPLE_INSTRUMENT;EFP_FIN;EUR;17;107.14500000;704;EXCHANGE_LAST;;1;1;XEUR;11820391;690;
15.05.2025;09:35:34.364;FGBS SI 20250606 PS;SIMPLE_INSTRUMENT;EFS;EUR;18;107.15000000;2731;EXCHANGE_LAST;;1;1;XEUR;11820391;690;
15.05.2025;09:41:44.507;FGBS SI 20250606 PS;SIMPLE_INSTRUMENT;EFP_FIN;EUR;19;107.14000000;469;EXCHANGE_LAST;;1;1;XEUR;11820391;690;
15.05.2025;09:42:02.022;FGBS SI 20250606 PS;SIMPLE_INSTRUMENT;EFP_FIN;EUR;20;107.16000000;938;EXCHANGE_LAST;;1;1;XEUR;11820391;690;
15.05.2025;09:46:16.312;FGBS SI 20250606 PS;SIMPLE_INSTRUMENT;EFP_FIN;EUR;21;107.16000000;938;EXCHANGE_LAST;;1;1;XEUR;11820391;690;
15.05.2025;09:47:52.001;FGBS SI 20250606 PS;SIMPLE_INSTRUMENT;EFP_FIN;EUR;22;107.15000000;1056;EXCHANGE_LAST;;1;1;XEUR;11820391;690;
15.05.2025;09:53:20.515;FGBS SI 20250606 PS;SIMPLE_INSTRUMENT;EFP_FIN;EUR;23;107.14500000;742;EXCHANGE_LAST;;1;1;XEUR;11820391;690;
15.05.2025;09:58:25.912;FGBS SI 20250606 PS;SIMPLE_INSTRUMENT;EFS;EUR;24;107.15000000;2716;EXCHANGE_LAST;;1;1;XEUR;11820391;690;
15.05.2025;09:58:35.102;FGBS SI 20250606 PS;SIMPLE_INSTRUMENT;EFS;EUR;25;107.15500000;546;EXCHANGE_LAST;;1;1;XEUR;11820391;690;
15.05.2025;10:04:52.973;FGBS SI 20250606 PS;SIMPLE_INSTRUMENT;EFP_FIN;EUR;26;107.15000000;1056;EXCHANGE_LAST;;1;1;XEUR;11820391;690;
15.05.2025;10:18:27.418;FGBS SI 20250606 PS;SIMPLE_INSTRUMENT;EFP_FIN;EUR;27;107.16000000;845;EXCHANGE_LAST;;1;1;XEUR;11820391;690;
15.05.2025;10:22:55.318;FGBS SI 20250606 PS;SIMPLE_INSTRUMENT;EFS;EUR;28;107.15500000;1706;EXCHANGE_LAST;;1;1;XEUR;11820391;690;
15.05.2025;10:24:04.872;FGBS SI 20250606 PS;SIMPLE_INSTRUMENT;EFP_FIN;EUR;29;107.16000000;2149;EXCHANGE_LAST;;1;1;XEUR;11820391;690;
15.05.2025;10:38:52.676;FGBS SI 20250606 PS;SIMPLE_INSTRUMENT;EFS;EUR;30;107.14500000;1706;EXCHANGE_LAST;;1;1;XEUR;11820391;690;
15.05.2025;11:06:08.147;FGBS SI 20250606 PS;SIMPLE_INSTRUMENT;EFS;EUR;32;107.15500000;2437;EXCHANGE_LAST;;1;1;XEUR;11820391;690;
15.05.2025;11:13:50.865;FGBS SI 20250606 PS;SIMPLE_INSTRUMENT;EFP_FIN;EUR;33;107.16000000;726;EXCHANGE_LAST;;1;1;XEUR;11820391;690;
15.05.2025;11:17:01.053;FGBS SI 20250606 PS;SIMPLE_INSTRUMENT;EFP_FIN;EUR;34;107.15000000;469;EXCHANGE_LAST;;1;1;XEUR;11820391;690;
15.05.2025;11:18:15.116;FGBS SI 20250606 PS;SIMPLE_INSTRUMENT;EFP_FIN;EUR;35;107.17000000;938;EXCHANGE_LAST;;1;1;XEUR;11820391;690;
15.05.2025;11:24:07.501;FGBS SI 20250606 PS;SIMPLE_INSTRUMENT;EFP_FIN;EUR;36;107.16000000;938;EXCHANGE_LAST;;1;1;XEUR;11820391;690;
15.05.2025;11:26:28.370;FGBS SI 20250606 PS;SIMPLE_INSTRUMENT;EFP_FIN;EUR;37;107.16000000;978;EXCHANGE_LAST;;1;1;XEUR;11820391;690;
15.05.2025;11:27:02.861;FGBS SI 20250606 PS;SIMPLE_INSTRUMENT;EFP_FIN;EUR;38;107.17000000;5630;EXCHANGE_LAST;;1;1;XEUR;11820391;690;
15.05.2025;11:42:07.641;FGBS SI 20250606 PS;SIMPLE_INSTRUMENT;EFS;EUR;39;107.17500000;8460;EXCHANGE_LAST;;1;1;XEUR;11820391;690;
15.05.2025;11:42:50.953;FGBS SI 20250606 PS;SIMPLE_INSTRUMENT;BLOCK;EUR;40;107.18000000;4692;EXCHANGE_LAST;;1;1;XEUR;11820391;690;
15.05.2025;11:47:30.363;FGBS SI 20250606 PS;SIMPLE_INSTRUMENT;EFP_FIN;EUR;41;107.16000000;978;EXCHANGE_LAST;;1;1;XEUR;11820391;690;
15.05.2025;11:52:13.600;FGBS SI 20250606 PS;SIMPLE_INSTRUMENT;EFS;EUR;42;107.18000000;2293;EXCHANGE_LAST;;1;1;XEUR;11820391;690;
15.05.2025;11:57:24.111;FGBS SI 20250606 PS;SIMPLE_INSTRUMENT;BLOCK;EUR;43;107.16000000;14077;EXCHANGE_LAST;;1;1;XEUR;11820391;690;
15.05.2025;12:09:27.023;FGBS SI 20250606 PS;SIMPLE_INSTRUMENT;BLOCK;EUR;44;107.18000000;4692;EXCHANGE_LAST;;1;1;XEUR;11820391;690;
15.05.2025;12:15:01.687;FGBS SI 20250606 PS;SIMPLE_INSTRUMENT;EFS;EUR;45;107.18000000;1676;EXCHANGE_LAST;;1;1;XEUR;11820391;690;
15.05.2025;12:18:34.926;FGBS SI 20250606 PS;SIMPLE_INSTRUMENT;EFS;EUR;46;107.18000000;4878;EXCHANGE_LAST;;1;1;XEUR;11820391;690;
15.05.2025;12:33:34.623;FGBS SI 20250606 PS;SIMPLE_INSTRUMENT;BLOCK;EUR;47;107.18000000;4692;EXCHANGE_LAST;;1;1;XEUR;11820391;690;
15.05.2025;12:36:45.044;FGBS SI 20250606 PS;SIMPLE_INSTRUMENT;EFS;EUR;48;107.18000000;2000;EXCHANGE_LAST;;1;1;XEUR;11820391;690;
15.05.2025;12:41:42.649;FGBS SI 20250606 PS;SIMPLE_INSTRUMENT;EFP_FIN;EUR;49;107.17000000;938;EXCHANGE_LAST;;1;1;XEUR;11820391;690;
15.05.2025;12:52:15.939;FGBS SI 20250606 PS;SIMPLE_INSTRUMENT;EFS;EUR;50;107.17000000;5462;EXCHANGE_LAST;;1;1;XEUR;11820391;690;
15.05.2025;12:52:07.097;FGBS SI 20250606 PS;SIMPLE_INSTRUMENT;EFS;EUR;51;107.18500000;1087;EXCHANGE_LAST;;1;1;XEUR;11820391;690;
15.05.2025;13:02:36.091;FGBS SI 20250606 PS;SIMPLE_INSTRUMENT;EFS;EUR;52;107.18000000;2336;EXCHANGE_LAST;;1;1;XEUR;11820391;690;
15.05.2025;13:44:03.320;FGBS SI 20250606 PS;SIMPLE_INSTRUMENT;EFP_FIN;EUR;53;107.21000000;890;EXCHANGE_LAST;;1;1;XEUR;11820391;690;
15.05.2025;13:59:21.016;FGBS SI 20250606 PS;SIMPLE_INSTRUMENT;EFS;EUR;54;107.19000000;3353;EXCHANGE_LAST;;1;1;XEUR;11820391;690;
15.05.2025;14:39:56.747;FGBS SI 20250606 PS;SIMPLE_INSTRUMENT;EFS;EUR;59;107.20500000;2436;EXCHANGE_LAST;;1;1;XEUR;11820391;690;
15.05.2025;14:48:29.671;FGBS SI 20250606 PS;SIMPLE_INSTRUMENT;EFP_FIN;EUR;60;107.21000000;938;EXCHANGE_LAST;;1;1;XEUR;11820391;690;
15.05.2025;15:13:20.830;FGBS SI 20250606 PS;SIMPLE_INSTRUMENT;EFP_FIN;EUR;61;107.21000000;469;EXCHANGE_LAST;;1;1;XEUR;11820391;690;
15.05.2025;15:22:21.267;FGBS SI 20250606 PS;SIMPLE_INSTRUMENT;EFP_FIN;EUR;63;107.15000000;264;EXCHANGE_LAST;;1;1;XEUR;11820391;690;
15.05.2025;15:26:11.074;FGBS SI 20250606 PS;SIMPLE_INSTRUMENT;EFS;EUR;64;107.20500000;1086;EXCHANGE_LAST;;1;1;XEUR;11820391;690;
15.05.2025;15:30:21.234;FGBS SI 20250606 PS;SIMPLE_INSTRUMENT;EFP_FIN;EUR;65;107.21000000;2346;EXCHANGE_LAST;;1;1;XEUR;11820391;690;
15.05.2025;15:33:01.230;FGBS SI 20250606 PS;SIMPLE_INSTRUMENT;EFP_FIN;EUR;66;107.21000000;938;EXCHANGE_LAST;;1;1;XEUR;11820391;690;
15.05.2025;15:39:29.809;FGBS SI 20250606 PS;SIMPLE_INSTRUMENT;EFP_FIN;EUR;67;107.21000000;1079;EXCHANGE_LAST;;1;1;XEUR;11820391;690;
15.05.2025;15:44:17.855;FGBS SI 20250606 PS;SIMPLE_INSTRUMENT;EFP_FIN;EUR;68;107.20500000;1079;EXCHANGE_LAST;;1;1;XEUR;11820391;690;
15.05.2025;15:58:15.634;FGBS SI 20250606 PS;SIMPLE_INSTRUMENT;EFS;EUR;69;107.20500000;1220;EXCHANGE_LAST;;1;1;XEUR;11820391;690;
15.05.2025;08:10:57.913;FGBS SI 20250606 PS;SIMPLE_INSTRUMENT;VOLA;EUR;268435477;107.12000000;108;EXCHANGE_LAST;;1;1;XEUR;11820391;690;
15.05.2025;08:53:17.454;FGBX SI 20250606 PS;SIMPLE_INSTRUMENT;EFP_FIN;EUR;3;118.36000000;521;EXCHANGE_LAST;;1;1;XEUR;11820392;691;
15.05.2025;09:37:37.488;FGBX SI 20250606 PS;SIMPLE_INSTRUMENT;BLOCK;EUR;7;118.30000000;190;EXCHANGE_LAST;;1;1;XEUR;11820392;691;
15.05.2025;09:51:20.648;FGBX SI 20250606 PS;SIMPLE_INSTRUMENT;EFS;EUR;9;118.34000000;127;EXCHANGE_LAST;;1;1;XEUR;11820392;691;
15.05.2025;10:39:22.159;FGBX SI 20250606 PS;SIMPLE_INSTRUMENT;EFP_FIN;EUR;14;118.42000000;124;EXCHANGE_LAST;;1;1;XEUR;11820392;691;
15.05.2025;10:41:35.146;FGBX SI 20250606 PS;SIMPLE_INSTRUMENT;EFP_FIN;EUR;15;118.42000000;213;EXCHANGE_LAST;;1;1;XEUR;11820392;691;
15.05.2025;11:05:22.554;FGBX SI 20250606 PS;SIMPLE_INSTRUMENT;EFP_FIN;EUR;16;117.54000000;186;EXCHANGE_LAST;;1;1;XEUR;11820392;691;
15.05.2025;11:17:20.788;FGBX SI 20250606 PS;SIMPLE_INSTRUMENT;EFS;EUR;17;118.56000000;213;EXCHANGE_LAST;;1;1;XEUR;11820392;691;
15.05.2025;12:21:27.578;FGBX SI 20250606 PS;SIMPLE_INSTRUMENT;EFS;EUR;22;118.64000000;190;EXCHANGE_LAST;;1;1;XEUR;11820392;691;
15.05.2025;12:22:21.291;FGBX SI 20250606 PS;SIMPLE_INSTRUMENT;EFS;EUR;23;118.60000000;150;EXCHANGE_LAST;;1;1;XEUR;11820392;691;
15.05.2025;12:44:43.778;FGBX SI 20250606 PS;SIMPLE_INSTRUMENT;EFS;EUR;24;118.62000000;280;EXCHANGE_LAST;;1;1;XEUR;11820392;691;
15.05.2025;13:16:45.088;FGBX SI 20250606 PS;SIMPLE_INSTRUMENT;EFP_FIN;EUR;28;118.82000000;334;EXCHANGE_LAST;;1;1;XEUR;11820392;691;
15.05.2025;13:24:27.446;FGBX SI 20250606 PS;SIMPLE_INSTRUMENT;EFP_FIN;EUR;29;118.90000000;173;EXCHANGE_LAST;;1;1;XEUR;11820392;691;
15.05.2025;13:30:47.631;FGBX SI 20250606 PS;SIMPLE_INSTRUMENT;EFP_FIN;EUR;30;118.94000000;173;EXCHANGE_LAST;;1;1;XEUR;11820392;691;
15.05.2025;13:34:56.139;FGBX SI 20250606 PS;SIMPLE_INSTRUMENT;EFP_FIN;EUR;31;118.90000000;172;EXCHANGE_LAST;;1;1;XEUR;11820392;691;
15.05.2025;14:10:04.963;FGBX SI 20250606 PS;SIMPLE_INSTRUMENT;EFP_FIN;EUR;32;118.54000000;186;EXCHANGE_LAST;;1;1;XEUR;11820392;691;
15.05.2025;14:29:10.924;FGBX SI 20250606 PS;SIMPLE_INSTRUMENT;EFP_FIN;EUR;34;119.12000000;181;EXCHANGE_LAST;;1;1;XEUR;11820392;691;
15.05.2025;14:39:06.036;FGBX SI 20250606 PS;SIMPLE_INSTRUMENT;EFP_FIN;EUR;35;119.26000000;276;EXCHANGE_LAST;;1;1;XEUR;11820392;691;
15.05.2025;14:50:59.411;FGBX SI 20250606 PS;SIMPLE_INSTRUMENT;EFP_FIN;EUR;36;119.20000000;79;EXCHANGE_LAST;;1;1;XEUR;11820392;691;
15.05.2025;08:20:31.423;FIAK SI 20250619 CS;SIMPLE_INSTRUMENT;BLOCK;EUR;6;9.57000000;3750;EXCHANGE_LAST;;1;1;XEUR;11164348;144766;
15.05.2025;08:37:25.515;FIN FI 20250611 CS EU C 69.0000 0;FLEXIBLE_INSTRUMENT;BLOCK;CHF;15;0.71000000;450;EXCHANGE_LAST;;1;1;XEUR;1152924386529906608;671;
15.05.2025;06:48:32.284;FMAE SI 20250620 CS;SIMPLE_INSTRUMENT;EFP_IDX;EUR;16;399.96900000;703;EXCHANGE_LAST;;1;1;XEUR;7939684;48921;
15.05.2025;02:53:55.293;FMAU SI 20250620 CS;SIMPLE_INSTRUMENT;BLOCK;USD;5;5916.43000000;221;EXCHANGE_LAST;;1;1;XEUR;7939462;45287;
15.05.2025;03:16:41.347;FMCH SI 20250620 CS;SIMPLE_INSTRUMENT;BLOCK;USD;7;597.77100000;190;EXCHANGE_LAST;;1;1;XEUR;7940815;402909;
15.05.2025;07:55:17.413;FMCH SI 20250620 CS;SIMPLE_INSTRUMENT;BLOCK;USD;25;591.70000000;356;EXCHANGE_LAST;;1;1;XEUR;7940815;402909;
15.05.2025;02:10:59.038;FMEA SI 20250620 CS;SIMPLE_INSTRUMENT;EFP_IDX;USD;2;744.79600000;37;EXCHANGE_LAST;;1;1;XEUR;7938804;12395;
15.05.2025;02:48:27.231;FMEA SI 20250620 CS;SIMPLE_INSTRUMENT;BLOCK;USD;3;744.79600000;213;EXCHANGE_LAST;;1;1;XEUR;7938804;12395;
15.05.2025;08:59:17.670;FMEA SI 20250620 CS;SIMPLE_INSTRUMENT;BLOCK;USD;30;731.35600000;218;EXCHANGE_LAST;;1;1;XEUR;7938804;12395;
15.05.2025;07:38:14.158;FMEL SI 20250620 CS;SIMPLE_INSTRUMENT;BLOCK;USD;23;594.18600000;170;EXCHANGE_LAST;;1;1;XEUR;7938814;12397;
15.05.2025;07:59:21.256;FMEL SI 20250620 CS;SIMPLE_INSTRUMENT;BLOCK;USD;27;594.18600000;70;EXCHANGE_LAST;;1;1;XEUR;7938814;12397;
15.05.2025;07:40:48.775;FMEM SI 20250620 CS;SIMPLE_INSTRUMENT;EFP_IDX;USD;24;634.03000000;563;EXCHANGE_LAST;;1;1;XEUR;7938803;12394;
15.05.2025;06:47:45.860;FMEN SI 20250620 CS;SIMPLE_INSTRUMENT;EFP_IDX;EUR;15;530.25200000;111;EXCHANGE_LAST;;1;1;XEUR;7939172;30652;
15.05.2025;05:59:36.259;FMES SI 20250620 CS;SIMPLE_INSTRUMENT;EFP_IDX;EUR;10;604.89800000;42;EXCHANGE_LAST;;1;1;XEUR;7940344;221291;
15.05.2025;14:59:45.965;FMFP SI 20250620 CS;SIMPLE_INSTRUMENT;BLOCK;USD;35;2548.00000000;200;EXCHANGE_LAST;;1;1;XEUR;7411194;51999;
15.05.2025;15:00:47.769;FMFP SI 20291221 CS;SIMPLE_INSTRUMENT;BLOCK;USD;36;2802.80000000;200;EXCHANGE_LAST;;1;1;XEUR;12516542;51999;
15.05.2025;17:10:42.714;FMFP SI 20250620 CS;SIMPLE_INSTRUMENT;BLOCK;USD;66;2554.00000000;40;EXCHANGE_LAST;;1;1;XEUR;7411194;51999;
15.05.2025;17:11:28.424;FMFP SI 20291221 CS;SIMPLE_INSTRUMENT;BLOCK;USD;67;2809.40000000;40;EXCHANGE_LAST;;1;1;XEUR;12516542;51999;
15.05.2025;06:59:35.154;FMGO SI 20250620 CS;SIMPLE_INSTRUMENT;BLOCK;USD;19;5454.22000000;924;EXCHANGE_LAST;;1;1;XEUR;8609371;583623;
15.05.2025;13:38:00.833;FMGO SI 20250620 CS;SIMPLE_INSTRUMENT;BLOCK;USD;34;5483.00000000;53;EXCHANGE_LAST;;1;1;XEUR;8609371;583623;
15.05.2025;16:34:32.707;FMGS SI 20250620 CS;SIMPLE_INSTRUMENT;BLOCK;USD;64;27210.00000000;1838;EXCHANGE_LAST;;1;1;XEUR;7939679;48912;
15.05.2025;16:35:02.190;FMGS SI 20250919 CS;SIMPLE_INSTRUMENT;BLOCK;USD;65;27543.32300000;1816;EXCHANGE_LAST;;1;1;XEUR;8428577;48912;
15.05.2025;01:53:33.904;FMHK SI 20250620 CS;SIMPLE_INSTRUMENT;BLOCK;USD;1;64026.00000000;30;EXCHANGE_LAST;;1;1;XEUR;7939458;45282;
15.05.2025;02:57:26.473;FMHK SI 20250620 CS;SIMPLE_INSTRUMENT;BLOCK;USD;6;64168.59700000;21;EXCHANGE_LAST;;1;1;XEUR;7939458;45282;
15.05.2025;07:56:44.198;FMHK SI 20250620 CS;SIMPLE_INSTRUMENT;BLOCK;USD;26;63882.00000000;18;EXCHANGE_LAST;;1;1;XEUR;7939458;45282;
15.05.2025;06:38:55.621;FMID SI 20250620 CS;SIMPLE_INSTRUMENT;EFP_IDX;USD;5;1524.97000000;50;EXCHANGE_LAST;;1;1;XEUR;7939464;45289;
15.05.2025;03:23:08.551;FMIN SI 20250620 CS;SIMPLE_INSTRUMENT;BLOCK;USD;8;1281.30300000;417;EXCHANGE_LAST;;1;1;XEUR;7938852;12404;
15.05.2025;13:36:10.029;FMMU SI 20250620 CS;SIMPLE_INSTRUMENT;BLOCK;EUR;33;334.93500000;2065;EXCHANGE_LAST;;1;1;XEUR;7939646;48138;
15.05.2025;06:42:14.942;FMSA SI 20250620 CS;SIMPLE_INSTRUMENT;BLOCK;USD;13;1765.63300000;285;EXCHANGE_LAST;;1;1;XEUR;7940199;134861;
15.05.2025;03:03:59.625;FMSI SI 20250620 CS;SIMPLE_INSTRUMENT;BLOCK;USD;4;19706.41500000;5;EXCHANGE_LAST;;1;1;XEUR;7939789;51883;
15.05.2025;06:56:12.620;FMSW SI 20250620 CS;SIMPLE_INSTRUMENT;EFP_IDX;USD;18;4322.86000000;1300;EXCHANGE_LAST;;1;1;XEUR;7940342;208343;
15.05.2025;00:18:45.578;FMTW SI 20250620 CS;SIMPLE_INSTRUMENT;BLOCK;USD;1;851.19700000;240;EXCHANGE_LAST;;1;1;XEUR;7939790;51884;
15.05.2025;02:33:11.556;FMTW SI 20250620 CS;SIMPLE_INSTRUMENT;BLOCK;USD;2;851.02800000;83;EXCHANGE_LAST;;1;1;XEUR;7939790;51884;
15.05.2025;08:08:24.524;FMTW SI 20250620 CS;SIMPLE_INSTRUMENT;BLOCK;USD;6;851.19700000;120;EXCHANGE_LAST;;1;1;XEUR;7939790;51884;
15.05.2025;06:04:58.511;FMWN SI 20250620 CS;SIMPLE_INSTRUMENT;BLOCK;EUR;11;557.84000000;113;EXCHANGE_LAST;;1;1;XEUR;7939177;30654;
15.05.2025;06:21:40.304;FMWN SI 20250620 CS;SIMPLE_INSTRUMENT;BLOCK;EUR;12;557.75000000;140;EXCHANGE_LAST;;1;1;XEUR;7939177;30654;
15.05.2025;08:11:42.863;FMWN SI 20250620 CS;SIMPLE_INSTRUMENT;BLOCK;EUR;28;557.99000000;200;EXCHANGE_LAST;;1;1;XEUR;7939177;30654;
15.05.2025;08:20:57.413;FMWN SI 20250620 CS;SIMPLE_INSTRUMENT;BLOCK;EUR;29;556.10000000;140;EXCHANGE_LAST;;1;1;XEUR;7939177;30654;
15.05.2025;06:42:12.648;FMWO SI 20250620 CS;SIMPLE_INSTRUMENT;EFP_IDX;USD;14;12247.16000000;63;EXCHANGE_LAST;;1;1;XEUR;7938711;7059;
15.05.2025;06:49:06.705;FMWO SI 20250620 CS;SIMPLE_INSTRUMENT;EFP_IDX;USD;17;12247.01000000;117;EXCHANGE_LAST;;1;1;XEUR;7938711;7059;
15.05.2025;07:08:40.951;FMWO SI 20250620 CS;SIMPLE_INSTRUMENT;EFP_IDX;USD;21;12247.26100000;370;EXCHANGE_LAST;;1;1;XEUR;7938711;7059;
15.05.2025;07:09:57.105;FMWO SI 20250620 CS;SIMPLE_INSTRUMENT;EFP_IDX;USD;22;12247.91000000;43;EXCHANGE_LAST;;1;1;XEUR;7938711;7059;
15.05.2025;15:36:05.220;FMWP SI 20250620 CS;SIMPLE_INSTRUMENT;BLOCK;USD;37;3820.00000000;540;EXCHANGE_LAST;;1;1;XEUR;7408971;30656;
15.05.2025;03:46:42.283;FMXJ SI 20250620 CS;SIMPLE_INSTRUMENT;BLOCK;USD;9;634.00000000;4;EXCHANGE_LAST;;1;1;XEUR;7939774;51660;
15.05.2025;07:04:00.837;FMXU SI 20250620 CS;SIMPLE_INSTRUMENT;EFP_IDX;USD;20;345.86000000;7;EXCHANGE_LAST;;1;1;XEUR;7939642;48140;
15.05.2025;12:07:42.132;FO4I SI 20250620 CS;SIMPLE_INSTRUMENT;BLOCK;EUR;79;54.74030000;3500;EXCHANGE_LAST;;1;1;XEUR;11196103;57111;
15.05.2025;07:24:43.681;FOAT SI 20250606 PS;SIMPLE_INSTRUMENT;EFP_FIN;EUR;1;123.72000000;259;EXCHANGE_LAST;;1;1;XEUR;11820393;749;
15.05.2025;07:26:33.418;FOAT SI 20250606 PS;SIMPLE_INSTRUMENT;EFP_FIN;EUR;2;123.68000000;788;EXCHANGE_LAST;;1;1;XEUR;11820393;749;
15.05.2025;07:26:33.418;FOAT SI 20250606 PS;SIMPLE_INSTRUMENT;EFP_FIN;EUR;3;123.68000000;788;EXCHANGE_LAST;;1;1;XEUR;11820393;749;
15.05.2025;07:38:59.760;FOAT SI 20250606 PS;SIMPLE_INSTRUMENT;EFP_FIN;EUR;4;123.72000000;388;EXCHANGE_LAST;;1;1;XEUR;11820393;749;
15.05.2025;07:41:22.356;FOAT SI 20250606 PS;SIMPLE_INSTRUMENT;EFP_FIN;EUR;5;123.76000000;323;EXCHANGE_LAST;;1;1;XEUR;11820393;749;
15.05.2025;07:42:39.308;FOAT SI 20250606 PS;SIMPLE_INSTRUMENT;BLOCK;EUR;6;123.71000000;3000;EXCHANGE_LAST;;1;1;XEUR;11820393;749;
15.05.2025;08:19:21.500;FOAT SI 20250606 PS;SIMPLE_INSTRUMENT;EFP_FIN;EUR;7;123.76000000;323;EXCHANGE_LAST;;1;1;XEUR;11820393;749;
15.05.2025;08:26:45.303;FOAT SI 20250606 PS;SIMPLE_INSTRUMENT;EFP_FIN;EUR;8;123.76000000;251;EXCHANGE_LAST;;1;1;XEUR;11820393;749;
15.05.2025;08:46:05.355;FOAT SI 20250606 PS;SIMPLE_INSTRUMENT;EFP_FIN;EUR;9;123.75000000;555;EXCHANGE_LAST;;1;1;XEUR;11820393;749;
15.05.2025;08:49:49.511;FOAT SI 20250606 PS;SIMPLE_INSTRUMENT;EFP_FIN;EUR;10;123.76000000;1576;EXCHANGE_LAST;;1;1;XEUR;11820393;749;
15.05.2025;09:01:03.389;FOAT SI 20250606 PS;SIMPLE_INSTRUMENT;EFP_FIN;EUR;11;123.76000000;788;EXCHANGE_LAST;;1;1;XEUR;11820393;749;
15.05.2025;09:05:51.463;FOAT SI 20250606 PS;SIMPLE_INSTRUMENT;EFP_FIN;EUR;12;123.78000000;126;EXCHANGE_LAST;;1;1;XEUR;11820393;749;
15.05.2025;09:07:10.605;FOAT SI 20250606 PS;SIMPLE_INSTRUMENT;EFP_FIN;EUR;13;123.74000000;210;EXCHANGE_LAST;;1;1;XEUR;11820393;749;
15.05.2025;09:12:56.711;FOAT SI 20250606 PS;SIMPLE_INSTRUMENT;EFP_FIN;EUR;14;123.80000000;413;EXCHANGE_LAST;;1;1;XEUR;11820393;749;
15.05.2025;09:30:13.599;FOAT SI 20250606 PS;SIMPLE_INSTRUMENT;BLOCK;EUR;15;123.76000000;277;EXCHANGE_LAST;;1;1;XEUR;11820393;749;
15.05.2025;09:42:00.317;FOAT SI 20250606 PS;SIMPLE_INSTRUMENT;EFP_FIN;EUR;16;123.78000000;788;EXCHANGE_LAST;;1;1;XEUR;11820393;749;
15.05.2025;09:44:45.746;FOAT SI 20250606 PS;SIMPLE_INSTRUMENT;EFP_FIN;EUR;17;123.82000000;124;EXCHANGE_LAST;;1;1;XEUR;11820393;749;
15.05.2025;09:50:04.294;FOAT SI 20250606 PS;SIMPLE_INSTRUMENT;EFP_FIN;EUR;18;123.80000000;197;EXCHANGE_LAST;;1;1;XEUR;11820393;749;
15.05.2025;09:56:21.226;FOAT SI 20250606 PS;SIMPLE_INSTRUMENT;BLOCK;EUR;19;123.80000000;1567;EXCHANGE_LAST;;1;1;XEUR;11820393;749;
15.05.2025;10:06:33.511;FOAT SI 20250606 PS;SIMPLE_INSTRUMENT;EFP_FIN;EUR;20;123.83000000;1576;EXCHANGE_LAST;;1;1;XEUR;11820393;749;
15.05.2025;10:15:19.259;FOAT SI 20250606 PS;SIMPLE_INSTRUMENT;EFP_FIN;EUR;21;123.83000000;3152;EXCHANGE_LAST;;1;1;XEUR;11820393;749;
