#Date;TrdTime;Contract;ContractType;TrdTyp;Currency;TesId;Prc;Qty;TrdInd;Aggressor;Buy;Sell;Exch;InstrumentId;RelatedProdId;PrcDecomp
04.12.2024;15:21:14.544;A2LV SI 20261218 CS;SIMPLE_INSTRUMENT;BLOCK;EUR;67;15.25000000;55;EXCHANGE_LAST;;1;1;XEUR;4632085;12;
04.12.2024;13:51:29.580;A2XA SI 20251219 CS;SIMPLE_INSTRUMENT;BLOCK;EUR;38;2.08000000;300;EXCHANGE_LAST;;1;1;XEUR;3681055;17;
04.12.2024;14:30:10.358;ABBE.O.241204.COMBO.000003;STANDARD_OPTION_STRATEGY;BLOCK;CHF;47;1.41000000;10000;EXCHANGE_LAST;;1;1;XEUR;74525121468961252;574516;
04.12.2024;14:30:10.358;ABBE SI 20250919 PS EU P 50.00 0;SIMPLE_INSTRUMENT;BLOCK;CHF;47;3.43000000;10000;PRC_DECOMP_EXCHANGE;;;;XEUR;11927765;574516;EXCHANGE
04.12.2024;14:30:10.358;ABBE SI 20250919 PS EU C 56.00 0;SIMPLE_INSTRUMENT;BLOCK;CHF;47;2.02000000;10000;PRC_DECOMP_EXCHANGE;;;;XEUR;11927775;574516;EXCHANGE
04.12.2024;13:02:53.466;ABBN SI 20241220 PS AM C 52.00 0;SIMPLE_INSTRUMENT;BLOCK;CHF;40;0.76000000;1000;EXCHANGE_LAST;;1;1;XEUR;8836244;574517;
04.12.2024;15:15:12.540;ABBN SI 20251219 PS AM P 32.00 0;SIMPLE_INSTRUMENT;BLOCK;CHF;52;0.43000000;1500;EXCHANGE_LAST;;1;1;XEUR;8509409;574517;
04.12.2024;15:21:33.311;ADEF SI 20250321 CS;SIMPLE_INSTRUMENT;BLOCK;CHF;68;23.75500000;7500;EXCHANGE_LAST;;1;1;XEUR;10692264;47;
04.12.2024;10:11:13.453;ADS.O.241204.BLT.000007;STANDARD_OPTION_STRATEGY;BLOCK;EUR;6;2.95000000;1250;EXCHANGE_LAST;;2;1;XEUR;72057808786331136;50;
04.12.2024;10:11:13.453;ADS SI 20250321 PS AM C 240.00 0;SIMPLE_INSTRUMENT;BLOCK;EUR;6;13.54000000;1250;PRC_DECOMP_EXCHANGE;;;;XEUR;10828524;50;EXCHANGE
04.12.2024;10:11:13.453;ADS SI 20250221 PS AM C 240.00 0;SIMPLE_INSTRUMENT;BLOCK;EUR;6;10.59000000;1250;PRC_DECOMP_EXCHANGE;;;;XEUR;12237466;50;EXCHANGE
04.12.2024;10:30:00.316;ADS.O.241204.BLT.000007;STANDARD_OPTION_STRATEGY;BLOCK;EUR;8;2.95000000;750;EXCHANGE_LAST;;1;1;XEUR;72057808786331136;50;
04.12.2024;10:30:00.316;ADS SI 20250221 PS AM C 240.00 0;SIMPLE_INSTRUMENT;BLOCK;EUR;8;10.59000000;750;PRC_DECOMP_MEMBER;;;;XEUR;12237466;50;MEMBER
04.12.2024;10:30:00.316;ADS SI 20250321 PS AM C 240.00 0;SIMPLE_INSTRUMENT;BLOCK;EUR;8;13.54000000;750;PRC_DECOMP_MEMBER;;;;XEUR;10828524;50;MEMBER
04.12.2024;10:39:40.041;ADS SI 20241220 PS AM C 240.00 0;SIMPLE_INSTRUMENT;BLOCK;EUR;10;4.30000000;300;EXCHANGE_LAST;;1;1;XEUR;4637209;50;
04.12.2024;14:22:53.846;ADS SI 20241220 PS AM P 230.00 0;SIMPLE_INSTRUMENT;BLOCK;EUR;20;2.90000000;250;EXCHANGE_LAST;;1;1;XEUR;11021885;50;
04.12.2024;09:26:24.090;ADY SI 20241220 PS AM C 1400.00 0;SIMPLE_INSTRUMENT;BLOCK;EUR;2;56.65000000;500;EXCHANGE_LAST;;1;1;XEUR;10439746;76315;
04.12.2024;14:35:01.462;AIR SI 20241220 PS AM C 162.00 0;SIMPLE_INSTRUMENT;BLOCK;EUR;40;2.15000000;416;EXCHANGE_LAST;;1;1;XEUR;11784491;64;
04.12.2024;11:06:43.312;AKE SI 20250117 PS AM C 82.00 0;SIMPLE_INSTRUMENT;BLOCK;EUR;13;0.60000000;1767;EXCHANGE_LAST;;1;1;XEUR;12067737;77;
04.12.2024;16:35:39.308;ALV SI 20250117 PS AM C 300.00 0;SIMPLE_INSTRUMENT;BLOCK;EUR;9;6.90000000;300;EXCHANGE_LAST;;1;1;XEUR;12067936;74;
04.12.2024;13:35:06.952;AOM SI 20261218 PS AM C 22.00 0;SIMPLE_INSTRUMENT;BLOCK;EUR;32;4.07000000;500;EXCHANGE_LAST;;1;1;XEUR;11249316;88;
04.12.2024;13:01:49.212;ARG SI 20251219 PS AM C 800.00 0;SIMPLE_INSTRUMENT;BLOCK;EUR;7;23.50000000;50;EXCHANGE_LAST;;1;1;XEUR;8169463;355435;
04.12.2024;16:31:02.097;ASG5 SI 20250320 PS AM P 24.00 0;SIMPLE_INSTRUMENT;BLOCK;EUR;26;0.33000000;60000;EXCHANGE_LAST;;2;8;XEUR;10822094;109;
04.12.2024;10:55:56.946;ASM SI 20241220 PS AM P 630.00 0;SIMPLE_INSTRUMENT;BLOCK;EUR;5;3.90000000;150;EXCHANGE_LAST;;1;1;XEUR;11872094;107;
04.12.2024;14:38:06.713;ASM SI 20260619 PS AM P 560.00 0;SIMPLE_INSTRUMENT;BLOCK;EUR;13;53.50000000;400;EXCHANGE_LAST;;1;2;XEUR;9538538;107;
04.12.2024;10:55:07.305;AXA SI 20260619 PS AM C 40.00 0;SIMPLE_INSTRUMENT;BLOCK;EUR;10;0.70000000;12990;EXCHANGE_LAST;;1;1;XEUR;9538772;127;
04.12.2024;10:55:22.680;AXA SI 20260619 PS AM C 40.00 0;SIMPLE_INSTRUMENT;BLOCK;EUR;11;0.60000000;42527;EXCHANGE_LAST;;1;1;XEUR;9538772;127;
04.12.2024;12:01:35.351;AXA.O.241204.STG.000002;STANDARD_OPTION_STRATEGY;BLOCK;EUR;22;5.16000000;3000;EXCHANGE_LAST;;1;1;XEUR;72058139498794121;127;
04.12.2024;12:01:35.351;AXA SI 20260619 PS AM P 28.00 0;SIMPLE_INSTRUMENT;BLOCK;EUR;22;2.16000000;3000;PRC_DECOMP_EXCHANGE;;;;XEUR;9538750;127;EXCHANGE
04.12.2024;12:01:35.351;AXA SI 20260619 PS AM C 32.00 0;SIMPLE_INSTRUMENT;BLOCK;EUR;22;3.00000000;3000;PRC_DECOMP_EXCHANGE;;;;XEUR;9538762;127;EXCHANGE
04.12.2024;12:09:37.098;AXA SI 20250221 PS AM P 30.00 0;SIMPLE_INSTRUMENT;BLOCK;EUR;25;0.42000000;2100;EXCHANGE_LAST;;1;1;XEUR;12238746;127;
04.12.2024;12:15:18.391;AXA SI 20250221 PS AM P 29.00 0;SIMPLE_INSTRUMENT;BLOCK;EUR;27;0.31000000;2100;EXCHANGE_LAST;;1;1;XEUR;12238796;127;
04.12.2024;12:33:31.772;AXA SI 20260619 PS AM P 24.00 0;SIMPLE_INSTRUMENT;BLOCK;EUR;29;1.14000000;2250;EXCHANGE_LAST;;1;1;XEUR;9538755;127;
04.12.2024;15:33:50.817;AXA SI 20260619 PS AM P 28.00 0;SIMPLE_INSTRUMENT;BLOCK;EUR;45;2.16000000;5000;EXCHANGE_LAST;;2;1;XEUR;9538750;127;
04.12.2024;12:00:54.370;B2NP SI 20261218 CS;SIMPLE_INSTRUMENT;BLOCK;EUR;20;4.23000000;250;EXCHANGE_LAST;;1;3;XEUR;6798320;131;
04.12.2024;12:36:49.729;B3AY SI 20251219 CS;SIMPLE_INSTRUMENT;BLOCK;EUR;24;0.10600000;1820;EXCHANGE_LAST;;2;1;XEUR;3681129;76035;
04.12.2024;12:36:39.858;BAEE.O.241204.COMBO.000001;STANDARD_OPTION_STRATEGY;BLOCK;CHF;36;2.66000000;1500;EXCHANGE_LAST;;1;1;XEUR;75170371585703955;724750;
04.12.2024;12:36:39.858;BAEE SI 20250620 PS EU C 64.00 0;SIMPLE_INSTRUMENT;BLOCK;CHF;36;1.57000000;1500;PRC_DECOMP_EXCHANGE;;;;XEUR;11412279;724750;EXCHANGE
04.12.2024;12:36:39.858;BAEE SI 20250620 PS EU P 56.00 0;SIMPLE_INSTRUMENT;BLOCK;CHF;36;4.23000000;1500;PRC_DECOMP_EXCHANGE;;;;XEUR;11412283;724750;EXCHANGE
04.12.2024;09:25:55.572;BAEN.O.241204.PDIA.000002;STANDARD_OPTION_STRATEGY;BLOCK;CHF;5;-1.07000000;1000;EXCHANGE_LAST;;1;1;XEUR;72058276937743563;159;
04.12.2024;09:25:55.572;BAEN SI 20250221 PS AM P 54.00 0;SIMPLE_INSTRUMENT;BLOCK;CHF;5;1.35000000;1000;PRC_DECOMP_EXCHANGE;;;;XEUR;12238999;159;EXCHANGE
04.12.2024;09:25:55.572;BAEN SI 20250321 PS AM P 40.00 0;SIMPLE_INSTRUMENT;BLOCK;CHF;5;0.28000000;1000;PRC_DECOMP_EXCHANGE;;;;XEUR;10830882;159;EXCHANGE
04.12.2024;11:45:33.295;BAEN SI 20251219 PS AM P 52.00 0;SIMPLE_INSTRUMENT;BLOCK;CHF;22;4.16000000;500;EXCHANGE_LAST;;1;1;XEUR;5921990;159;
04.12.2024;08:47:56.611;BAS SI 20241206 PS AM C 43.50 0;SIMPLE_INSTRUMENT;BLOCK;EUR;1;0.80000000;485;EXCHANGE_LAST;;1;1;XEUR;12139113;150;
04.12.2024;09:53:38.892;BAS SI 20241220 PS AM P 44.00 0;SIMPLE_INSTRUMENT;BLOCK;EUR;2;1.01000000;500;EXCHANGE_LAST;;1;1;XEUR;4705204;150;
04.12.2024;12:17:56.397;BAS SI 20250117 PS AM C 48.00 0;SIMPLE_INSTRUMENT;BLOCK;EUR;3;0.30000000;2322;EXCHANGE_LAST;;1;1;XEUR;12068805;150;
04.12.2024;12:17:58.398;BAS SI 20250117 PS AM C 48.00 0;SIMPLE_INSTRUMENT;BLOCK;EUR;4;0.27000000;2322;EXCHANGE_LAST;;1;1;XEUR;12068805;150;
04.12.2024;15:40:30.270;BAS SI 20250117 PS AM C 48.00 0;SIMPLE_INSTRUMENT;BLOCK;EUR;5;0.25000000;2154;EXCHANGE_LAST;;1;1;XEUR;12068805;150;
04.12.2024;10:06:19.118;BEI SI 20250321 PS AM C 130.00 0;SIMPLE_INSTRUMENT;BLOCK;EUR;4;2.38000000;500;EXCHANGE_LAST;;1;1;XEUR;10831373;176;
04.12.2024;10:06:21.344;BEI SI 20250321 PS AM P 130.00 0;SIMPLE_INSTRUMENT;BLOCK;EUR;5;8.67000000;500;EXCHANGE_LAST;;1;1;XEUR;10831365;176;
04.12.2024;13:26:30.803;BEI SI 20250117 PS AM C 128.00 0;SIMPLE_INSTRUMENT;BLOCK;EUR;18;0.86000000;300;EXCHANGE_LAST;;1;1;XEUR;12069175;176;
04.12.2024;10:13:03.306;BMW.O.241204.BER.000008;STANDARD_OPTION_STRATEGY;BLOCK;EUR;1;0.78000000;1000;EXCHANGE_LAST;;1;1;XEUR;72058495981107743;210;
04.12.2024;10:13:03.306;BMW SI 20250321 PS AM P 56.00 0;SIMPLE_INSTRUMENT;BLOCK;EUR;1;0.58000000;1000;PRC_DECOMP_EXCHANGE;;;;XEUR;10832586;210;EXCHANGE
04.12.2024;10:13:03.306;BMW SI 20250321 PS AM P 64.00 0;SIMPLE_INSTRUMENT;BLOCK;EUR;1;1.36000000;1000;PRC_DECOMP_EXCHANGE;;;;XEUR;10832577;210;EXCHANGE
04.12.2024;12:59:06.544;BMW SI 20261218 PS AM P 68.00 0;SIMPLE_INSTRUMENT;BLOCK;EUR;11;8.85000000;1500;EXCHANGE_LAST;;3;2;XEUR;7154238;210;
04.12.2024;12:57:33.210;BMW SI 20250117 PS AM P 73.00 0;SIMPLE_INSTRUMENT;BLOCK;EUR;12;2.40000000;1000;EXCHANGE_LAST;;1;1;XEUR;12070015;210;
04.12.2024;14:17:32.332;BMW SI 20251219 PS AM P 72.00 0;SIMPLE_INSTRUMENT;BLOCK;EUR;15;7.70000000;3000;EXCHANGE_LAST;;1;1;XEUR;11992512;210;
04.12.2024;14:17:35.427;BMW SI 20251219 PS AM P 68.00 0;SIMPLE_INSTRUMENT;BLOCK;EUR;16;5.80000000;3750;EXCHANGE_LAST;;1;1;XEUR;5923230;210;
04.12.2024;11:15:00.024;BNP SI 20260619 PS AM P 40.00 0;SIMPLE_INSTRUMENT;BLOCK;EUR;12;2.40000000;1750;EXCHANGE_LAST;;2;1;XEUR;9541722;237;
04.12.2024;13:45:08.028;BNP SI 20250321 PS AM P 52.00 0;SIMPLE_INSTRUMENT;BLOCK;EUR;34;1.31000000;1000;EXCHANGE_LAST;;1;1;XEUR;10833042;237;
04.12.2024;13:48:10.781;BNP.O.241204.STG.000005;STANDARD_OPTION_STRATEGY;BLOCK;EUR;35;4.13000000;1300;EXCHANGE_LAST;;1;1;XEUR;72058611945198650;237;
04.12.2024;13:48:10.781;BNP SI 20250321 PS AM C 60.00 0;SIMPLE_INSTRUMENT;BLOCK;EUR;35;1.69000000;1300;PRC_DECOMP_EXCHANGE;;;;XEUR;10832953;237;EXCHANGE
04.12.2024;13:48:10.781;BNP SI 20250321 PS AM P 56.00 0;SIMPLE_INSTRUMENT;BLOCK;EUR;35;2.44000000;1300;PRC_DECOMP_EXCHANGE;;;;XEUR;10832950;237;EXCHANGE
04.12.2024;14:03:01.336;BNP SI 20251219 PS AM P 44.00 0;SIMPLE_INSTRUMENT;BLOCK;EUR;36;2.08000000;500;EXCHANGE_LAST;;1;1;XEUR;5923360;237;
04.12.2024;14:03:21.220;BNP SI 20251219 PS AM P 44.00 0;SIMPLE_INSTRUMENT;BLOCK;EUR;37;2.09000000;500;EXCHANGE_LAST;;1;1;XEUR;5923360;237;
04.12.2024;14:02:54.365;BNPH.S.DEC24.MAR25.SPD;FUTURES_SPREAD;BLOCK;EUR;42;-0.49000000;8000;EXCHANGE_LAST;;1;1;XEUR;72058607650211063;236;
04.12.2024;14:02:54.365;BNPH SI 20250321 CS;SIMPLE_INSTRUMENT;BLOCK;EUR;42;57.14000000;8000;PRC_DECOMP_MEMBER;;;;XEUR;10695531;236;MEMBER
04.12.2024;14:02:54.365;BNPH SI 20241220 CS;SIMPLE_INSTRUMENT;BLOCK;EUR;42;56.65000000;8000;PRC_DECOMP_MEMBER;;;;XEUR;7032636;236;MEMBER
04.12.2024;08:33:07.072;BSI SI 20241220 PS AM C 140.00 0;SIMPLE_INSTRUMENT;BLOCK;EUR;1;0.80000000;800;EXCHANGE_LAST;;1;1;XEUR;9390627;76317;
04.12.2024;10:33:40.512;BSI SI 20251219 PS AM C 140.00 0;SIMPLE_INSTRUMENT;BLOCK;EUR;4;14.65000000;300;EXCHANGE_LAST;;1;1;XEUR;10439646;76317;
04.12.2024;13:03:00.231;BSIF SI 20250321 CS;SIMPLE_INSTRUMENT;BLOCK;EUR;30;122.73500000;200;EXCHANGE_LAST;;1;1;XEUR;10726598;174729;
04.12.2024;16:04:17.259;BSN SI 20250321 PS AM P 64.00 0;SIMPLE_INSTRUMENT;BLOCK;EUR;49;1.69000000;500;EXCHANGE_LAST;;1;1;XEUR;10833046;241;
04.12.2024;15:00:45.743;C4RI SI 20251219 CS;SIMPLE_INSTRUMENT;BLOCK;EUR;57;2.60000000;150;EXCHANGE_LAST;;1;1;XEUR;5914459;50862;
04.12.2024;15:14:41.883;C4RI SI 20261218 CS;SIMPLE_INSTRUMENT;BLOCK;EUR;62;2.69000000;115;EXCHANGE_LAST;;1;1;XEUR;6821680;50862;
04.12.2024;11:04:12.264;CBK SI 20251219 PS AM P 12.00 0;SIMPLE_INSTRUMENT;BLOCK;EUR;11;0.88000000;2500;EXCHANGE_LAST;;1;1;XEUR;6472277;268;
04.12.2024;08:35:20.883;CFR SI 20241220 PS AM C 128.00 0;SIMPLE_INSTRUMENT;BLOCK;CHF;1;3.77000000;794;EXCHANGE_LAST;;1;1;XEUR;11328184;313;
04.12.2024;08:35:31.500;CFR SI 20241220 PS AM C 140.00 0;SIMPLE_INSTRUMENT;BLOCK;CHF;2;0.48000000;2000;EXCHANGE_LAST;;1;1;XEUR;9996592;313;
04.12.2024;08:43:57.340;CFR SI 20241220 PS AM C 130.00 0;SIMPLE_INSTRUMENT;BLOCK;CHF;3;2.58000000;300;EXCHANGE_LAST;;1;1;XEUR;10400575;313;
04.12.2024;10:58:07.434;CFR SI 20250117 PS AM C 132.00 0;SIMPLE_INSTRUMENT;BLOCK;CHF;16;3.48000000;500;EXCHANGE_LAST;;1;1;XEUR;12071415;313;
04.12.2024;13:11:57.235;CFR SI 20241220 PS AM P 122.00 0;SIMPLE_INSTRUMENT;BLOCK;CHF;41;0.92000000;1500;EXCHANGE_LAST;;1;2;XEUR;11328187;313;
04.12.2024;13:26:22.988;CFR SI 20241220 PS AM P 132.48 2;SIMPLE_INSTRUMENT;BLOCK;CHF;42;5.40000000;600;EXCHANGE_LAST;;1;1;XEUR;7289189;313;
04.12.2024;13:59:06.839;CFR SI 20241220 PS AM C 130.00 0;SIMPLE_INSTRUMENT;BLOCK;CHF;43;2.66000000;314;EXCHANGE_LAST;;1;1;XEUR;10400575;313;
04.12.2024;13:05:32.645;CRI5 SI 20260618 PS AM P 24.00 0;SIMPLE_INSTRUMENT;BLOCK;EUR;8;1.20000000;6000;EXCHANGE_LAST;;1;1;XEUR;9530977;320;
04.12.2024;17:56:34.270;CRI5 SI 20250619 PS AM C 40.00 0;SIMPLE_INSTRUMENT;BLOCK;EUR;29;2.00000000;8825;EXCHANGE_LAST;;1;1;XEUR;9531009;320;
04.12.2024;17:57:06.984;CRI5 SI 20250619 PS AM C 44.00 0;SIMPLE_INSTRUMENT;BLOCK;EUR;30;0.98000000;8825;EXCHANGE_LAST;;1;1;XEUR;9543488;320;
04.12.2024;16:34:17.892;D2PW SI 20291221 CS;SIMPLE_INSTRUMENT;BLOCK;EUR;86;1.32000000;150;EXCHANGE_LAST;;1;1;XEUR;8402777;9702;
04.12.2024;12:37:50.736;D3AI SI 20251219 CS;SIMPLE_INSTRUMENT;BLOCK;EUR;25;3.82000000;50;EXCHANGE_LAST;;1;1;XEUR;7144062;443197;
04.12.2024;13:24:32.992;D3AI SI 20251219 CS;SIMPLE_INSTRUMENT;BLOCK;EUR;28;3.86000000;50;EXCHANGE_LAST;;1;1;XEUR;7144062;443197;
04.12.2024;13:33:31.414;D3AI SI 20251219 CS;SIMPLE_INSTRUMENT;BLOCK;EUR;33;3.86000000;800;EXCHANGE_LAST;;2;1;XEUR;7144062;443197;
04.12.2024;13:44:57.233;D3AI SI 20251219 CS;SIMPLE_INSTRUMENT;BLOCK;EUR;36;3.86000000;100;EXCHANGE_LAST;;1;1;XEUR;7144062;443197;
04.12.2024;13:58:26.134;D3AI SI 20251219 CS;SIMPLE_INSTRUMENT;BLOCK;EUR;40;3.86000000;250;EXCHANGE_LAST;;1;1;XEUR;7144062;443197;
04.12.2024;14:17:01.244;D3AI SI 20251219 CS;SIMPLE_INSTRUMENT;BLOCK;EUR;49;3.86000000;150;EXCHANGE_LAST;;1;1;XEUR;7144062;443197;
04.12.2024;15:32:16.285;D3AI SI 20261218 CS;SIMPLE_INSTRUMENT;BLOCK;EUR;70;2.85000000;350;EXCHANGE_LAST;;1;1;XEUR;7144051;443197;
04.12.2024;10:19:26.541;DAI SI 20241220 PS AM P 56.00 0;SIMPLE_INSTRUMENT;BLOCK;EUR;2;3.27000000;750;EXCHANGE_LAST;;1;1;XEUR;7349884;443196;
04.12.2024;10:29:06.207;DAI SI 20241220 PS AM P 52.00 0;SIMPLE_INSTRUMENT;BLOCK;EUR;3;0.76000000;2700;EXCHANGE_LAST;;1;1;XEUR;7144860;443196;
04.12.2024;12:42:18.348;DAI.O.241204.COMBO.000020;STANDARD_OPTION_STRATEGY;BLOCK;EUR;10;-3.55000000;2000;EXCHANGE_LAST;;1;2;XEUR;73961106363662070;443196;
04.12.2024;12:42:18.348;DAI SI 20270618 PS AM C 52.00 0;SIMPLE_INSTRUMENT;BLOCK;EUR;10;6.88000000;2000;PRC_DECOMP_EXCHANGE;;;;XEUR;11407756;443196;EXCHANGE
04.12.2024;12:42:18.348;DAI SI 20270618 PS AM P 36.00 0;SIMPLE_INSTRUMENT;BLOCK;EUR;10;3.33000000;2000;PRC_DECOMP_EXCHANGE;;;;XEUR;11407708;443196;EXCHANGE
04.12.2024;14:00:32.443;DAI.O.241204.BER.000025;STANDARD_OPTION_STRATEGY;BLOCK;EUR;14;1.49000000;1500;EXCHANGE_LAST;;1;1;XEUR;73961106363662075;443196;
04.12.2024;14:00:32.443;DAI SI 20250221 PS AM P 52.00 0;SIMPLE_INSTRUMENT;BLOCK;EUR;14;1.86000000;1500;PRC_DECOMP_EXCHANGE;;;;XEUR;12277941;443196;EXCHANGE
04.12.2024;14:00:32.443;DAI SI 20250221 PS AM P 44.00 0;SIMPLE_INSTRUMENT;BLOCK;EUR;14;0.37000000;1500;PRC_DECOMP_EXCHANGE;;;;XEUR;12307480;443196;EXCHANGE
04.12.2024;13:52:12.588;DAIG.S.DEC24.MAR25.SPD;FUTURES_SPREAD;BLOCK;EUR;37;-0.44250000;6000;EXCHANGE_LAST;;1;1;XEUR;73961136428417116;443203;
04.12.2024;13:52:12.588;DAIG SI 20241220 CS;SIMPLE_INSTRUMENT;BLOCK;EUR;37;52.08210000;6000;PRC_DECOMP_EXCHANGE;;;;XEUR;7144297;443203;EXCHANGE
04.12.2024;13:52:12.588;DAIG SI 20250321 CS;SIMPLE_INSTRUMENT;BLOCK;EUR;37;52.52460000;6000;PRC_DECOMP_EXCHANGE;;;;XEUR;10734482;443203;EXCHANGE
04.12.2024;11:36:52.556;DBK SI 20250919 PS AM P 15.00 0;SIMPLE_INSTRUMENT;BLOCK;EUR;16;1.07000000;3000;EXCHANGE_LAST;;1;1;XEUR;11877429;362;
04.12.2024;15:06:45.093;DHE SI 20251219 PS AM C 42.00 0;SIMPLE_INSTRUMENT;BLOCK;EUR;20;6.10000000;900;EXCHANGE_LAST;;1;2;XEUR;7377970;57135;
04.12.2024;13:07:44.402;DPW.O.241204.BUL.000006;STANDARD_OPTION_STRATEGY;BLOCK;EUR;15;1.28000000;1500;EXCHANGE_LAST;;1;2;XEUR;72059505298414106;445;
04.12.2024;13:07:44.402;DPW SI 20251219 PS AM C 36.00 0;SIMPLE_INSTRUMENT;BLOCK;EUR;15;2.26000000;1500;PRC_DECOMP_EXCHANGE;;;;XEUR;5926787;445;EXCHANGE
04.12.2024;13:07:44.402;DPW SI 20251219 PS AM C 40.00 0;SIMPLE_INSTRUMENT;BLOCK;EUR;15;0.98000000;1500;PRC_DECOMP_EXCHANGE;;;;XEUR;5926789;445;EXCHANGE
04.12.2024;14:19:48.792;DPW SI 20241220 PS AM P 36.00 0;SIMPLE_INSTRUMENT;BLOCK;EUR;16;1.21000000;3500;EXCHANGE_LAST;;1;1;XEUR;4643148;445;
04.12.2024;14:33:27.922;DPW SI 20241220 PS AM P 36.00 0;SIMPLE_INSTRUMENT;BLOCK;EUR;17;1.21000000;500;EXCHANGE_LAST;;1;1;XEUR;4643148;445;
04.12.2024;14:44:00.367;DPW SI 20250620 PS AM C 36.00 0;SIMPLE_INSTRUMENT;BLOCK;EUR;18;1.67000000;2500;EXCHANGE_LAST;;1;1;XEUR;7902454;445;
04.12.2024;14:44:04.196;DPW SI 20250620 PS AM P 34.00 0;SIMPLE_INSTRUMENT;BLOCK;EUR;19;2.13000000;2500;EXCHANGE_LAST;;1;1;XEUR;11357243;445;
04.12.2024;15:46:20.806;DPW SI 20250117 PS AM C 36.00 0;SIMPLE_INSTRUMENT;BLOCK;EUR;22;0.58000000;2500;EXCHANGE_LAST;;1;2;XEUR;12073084;445;
04.12.2024;09:16:07.306;DTE SI 20241220 PS AM C 29.00 0;SIMPLE_INSTRUMENT;BLOCK;EUR;1;1.69000000;3000;EXCHANGE_LAST;;1;1;XEUR;11878495;424;
04.12.2024;12:11:50.335;DUFN SI 20250919 PS AM C 32.00 0;SIMPLE_INSTRUMENT;BLOCK;CHF;28;4.70000000;1200;EXCHANGE_LAST;;2;2;XEUR;11877985;418;
04.12.2024;12:52:49.440;DUFN SI 20250919 PS AM C 32.00 0;SIMPLE_INSTRUMENT;BLOCK;CHF;38;4.70000000;1000;EXCHANGE_LAST;;1;1;XEUR;11877985;418;
04.12.2024;15:06:10.271;E2NT SI 20251219 CS;SIMPLE_INSTRUMENT;BLOCK;EUR;60;0.99500000;400;EXCHANGE_LAST;;1;1;XEUR;3681294;470;
04.12.2024;16:58:28.572;E2NT SI 20271217 CS;SIMPLE_INSTRUMENT;BLOCK;EUR;102;0.85500000;600;EXCHANGE_LAST;;1;1;XEUR;5914575;470;
04.12.2024;16:59:10.881;E2NT SI 20261218 CS;SIMPLE_INSTRUMENT;BLOCK;EUR;103;0.95000000;300;EXCHANGE_LAST;;1;1;XEUR;4632357;470;
04.12.2024;10:50:23.464;EAD SI 20251219 PS AM C 159.01 1;SIMPLE_INSTRUMENT;BLOCK;EUR;8;13.65000000;500;EXCHANGE_LAST;;1;1;XEUR;6153500;465;
04.12.2024;12:17:32.652;EAD.O.241204.BUL.000008;STANDARD_OPTION_STRATEGY;BLOCK;EUR;28;4.91000000;750;EXCHANGE_LAST;;1;1;XEUR;72059591197746094;465;
04.12.2024;12:17:32.652;EAD SI 20250321 PS AM C 160.00 0;SIMPLE_INSTRUMENT;BLOCK;EUR;28;5.89000000;750;PRC_DECOMP_MEMBER;;;;XEUR;11013886;465;MEMBER
04.12.2024;12:17:32.652;EAD SI 20250321 PS AM C 150.00 0;SIMPLE_INSTRUMENT;BLOCK;EUR;28;10.80000000;750;PRC_DECOMP_MEMBER;;;;XEUR;11013888;465;MEMBER
04.12.2024;16:53:46.811;ENL5 FI 20241220 PS EU P 5.0000 0;FLEXIBLE_INSTRUMENT;BLOCK;EUR;27;0.00100000;4000;EXCHANGE_LAST;;1;1;XEUR;1152923652090502070;500;
04.12.2024;16:54:04.960;ENL5 FI 20241220 PS EU C 5.0000 0;FLEXIBLE_INSTRUMENT;BLOCK;EUR;28;1.95000000;4000;EXCHANGE_LAST;;1;1;XEUR;1152923652090502071;500;
04.12.2024;12:14:21.130;ENR SI 20250221 PS AM C 56.00 0;SIMPLE_INSTRUMENT;BLOCK;EUR;8;3.20000000;51000;EXCHANGE_LAST;;1;1;XEUR;12273415;298530;
04.12.2024;12:14:29.785;ENR SI 20250221 PS AM C 52.00 0;SIMPLE_INSTRUMENT;BLOCK;EUR;9;4.65000000;50840;EXCHANGE_LAST;;1;1;XEUR;12273423;298530;
04.12.2024;12:14:30.304;ENR SI 20250221 PS AM C 56.00 0;SIMPLE_INSTRUMENT;BLOCK;EUR;10;3.20000000;50840;EXCHANGE_LAST;;1;1;XEUR;12273415;298530;
04.12.2024;12:14:31.233;ENR SI 20250221 PS AM C 52.00 0;SIMPLE_INSTRUMENT;BLOCK;EUR;11;4.65000000;51000;EXCHANGE_LAST;;1;1;XEUR;12273423;298530;
04.12.2024;12:25:49.389;ENR SI 20241220 PS AM C 56.00 0;SIMPLE_INSTRUMENT;BLOCK;EUR;12;0.85000000;3500;EXCHANGE_LAST;;1;1;XEUR;12193202;298530;
04.12.2024;12:26:39.525;ENR SI 20241220 PS AM C 50.00 0;SIMPLE_INSTRUMENT;BLOCK;EUR;13;3.35000000;3500;EXCHANGE_LAST;;1;1;XEUR;12193178;298530;
04.12.2024;09:20:06.313;ENT5 SI 20241212 PS AM C 13.60 0;SIMPLE_INSTRUMENT;BLOCK;EUR;3;0.16200000;792;EXCHANGE_LAST;;1;1;XEUR;12171538;497;
04.12.2024;11:42:01.465;ENT5 SI 20251218 PS AM P 13.00 0;SIMPLE_INSTRUMENT;BLOCK;EUR;6;1.03000000;1500;EXCHANGE_LAST;;2;1;XEUR;11793683;497;
04.12.2024;13:59:11.004;ENUR SI 20250117 PS AM C 10.50 0;SIMPLE_INSTRUMENT;BLOCK;EUR;9;0.06000000;2725;EXCHANGE_LAST;;1;1;XEUR;12074091;498;
04.12.2024;13:59:07.452;ENUR SI 20250117 PS AM C 10.50 0;SIMPLE_INSTRUMENT;BLOCK;EUR;10;0.07000000;10901;EXCHANGE_LAST;;1;1;XEUR;12074091;498;
04.12.2024;10:27:55.721;F3IA SI 20261218 CS;SIMPLE_INSTRUMENT;BLOCK;EUR;4;0.40000000;550;EXCHANGE_LAST;;1;2;XEUR;6830373;390387;
04.12.2024;10:28:02.725;F3IA SI 20271217 CS;SIMPLE_INSTRUMENT;BLOCK;EUR;6;0.40000000;550;EXCHANGE_LAST;;1;2;XEUR;8422837;390387;
04.12.2024;10:28:09.876;F3IA SI 20281215 CS;SIMPLE_INSTRUMENT;BLOCK;EUR;7;0.39000000;550;EXCHANGE_LAST;;1;2;XEUR;9964653;390387;
04.12.2024;10:26:03.160;F3IA SI 20261218 CS;SIMPLE_INSTRUMENT;BLOCK;EUR;8;0.40000000;250;EXCHANGE_LAST;;1;1;XEUR;6830373;390387;
04.12.2024;10:26:22.832;F3IA SI 20271217 CS;SIMPLE_INSTRUMENT;BLOCK;EUR;9;0.40000000;250;EXCHANGE_LAST;;1;1;XEUR;8422837;390387;
04.12.2024;10:26:33.110;F3IA SI 20281215 CS;SIMPLE_INSTRUMENT;BLOCK;EUR;10;0.39000000;250;EXCHANGE_LAST;;1;1;XEUR;9964653;390387;
04.12.2024;10:30:11.410;F3IA SI 20271217 CS;SIMPLE_INSTRUMENT;BLOCK;EUR;11;0.40000000;200;EXCHANGE_LAST;;1;1;XEUR;8422837;390387;
04.12.2024;11:05:49.472;F3IA SI 20261218 CS;SIMPLE_INSTRUMENT;BLOCK;EUR;12;0.40000000;250;EXCHANGE_LAST;;1;1;XEUR;6830373;390387;
04.12.2024;11:05:04.422;F3IA SI 20271217 CS;SIMPLE_INSTRUMENT;BLOCK;EUR;13;0.40000000;125;EXCHANGE_LAST;;1;1;XEUR;8422837;390387;
04.12.2024;11:08:33.292;F3IA SI 20281215 CS;SIMPLE_INSTRUMENT;BLOCK;EUR;14;0.39000000;125;EXCHANGE_LAST;;1;1;XEUR;9964653;390387;
04.12.2024;14:15:43.866;F3IA SI 20251219 CS;SIMPLE_INSTRUMENT;BLOCK;EUR;46;0.43000000;250;EXCHANGE_LAST;;1;1;XEUR;6633988;390387;
04.12.2024;14:21:02.425;F3IA SI 20251219 CS;SIMPLE_INSTRUMENT;BLOCK;EUR;47;0.43000000;950;EXCHANGE_LAST;;1;3;XEUR;6633988;390387;
04.12.2024;14:31:46.349;F3IA SI 20251219 CS;SIMPLE_INSTRUMENT;BLOCK;EUR;50;0.43000000;300;EXCHANGE_LAST;;1;1;XEUR;6633988;390387;
04.12.2024;14:42:37.825;F3IA SI 20281215 CS;SIMPLE_INSTRUMENT;BLOCK;EUR;51;0.44000000;200;EXCHANGE_LAST;;1;1;XEUR;9964653;390387;
04.12.2024;14:43:02.218;F3IA SI 20251219 CS;SIMPLE_INSTRUMENT;BLOCK;EUR;52;0.43000000;500;EXCHANGE_LAST;;3;1;XEUR;6633988;390387;
04.12.2024;14:55:51.363;F3IA SI 20251219 CS;SIMPLE_INSTRUMENT;BLOCK;EUR;54;0.48000000;200;EXCHANGE_LAST;;1;1;XEUR;6633988;390387;
04.12.2024;15:27:54.242;F3IA SI 20251219 CS;SIMPLE_INSTRUMENT;BLOCK;EUR;64;0.49000000;2750;EXCHANGE_LAST;;2;3;XEUR;6633988;390387;
04.12.2024;15:38:55.128;F3IA SI 20261218 CS;SIMPLE_INSTRUMENT;BLOCK;EUR;73;0.48000000;250;EXCHANGE_LAST;;1;1;XEUR;6830373;390387;
04.12.2024;16:59:35.963;F3IA SI 20251219 CS;SIMPLE_INSTRUMENT;BLOCK;EUR;104;0.48000000;1000;EXCHANGE_LAST;;2;1;XEUR;6633988;390387;
04.12.2024;12:09:38.866;F3TE SI 20271217 CS;SIMPLE_INSTRUMENT;BLOCK;EUR;23;0.61000000;1000;EXCHANGE_LAST;;2;1;XEUR;6633916;390379;
04.12.2024;07:42:30.916;FBTP SI 20241206 PS;SIMPLE_INSTRUMENT;BLOCK;EUR;1;123.11000000;1449;EXCHANGE_LAST;;1;1;XEUR;10804520;636;
04.12.2024;07:43:23.163;FBTP SI 20250306 PS;SIMPLE_INSTRUMENT;BLOCK;EUR;3;122.52000000;725;EXCHANGE_LAST;;1;1;XEUR;11286675;636;
04.12.2024;07:43:30.795;FBTP SI 20250306 PS;SIMPLE_INSTRUMENT;BLOCK;EUR;4;122.53000000;724;EXCHANGE_LAST;;1;1;XEUR;11286675;636;
04.12.2024;08:18:24.501;FBTP.S.DEC24.MAR25.SPD;FUTURES_SPREAD;BLOCK;EUR;5;0.58000000;610;EXCHANGE_LAST;;1;1;XEUR;72060325637128282;636;
04.12.2024;08:18:24.501;FBTP SI 20250306 PS;SIMPLE_INSTRUMENT;BLOCK;EUR;5;122.52000000;610;PRC_DECOMP_MEMBER;;;;XEUR;11286675;636;MEMBER
04.12.2024;08:18:24.501;FBTP SI 20241206 PS;SIMPLE_INSTRUMENT;BLOCK;EUR;5;123.10000000;610;PRC_DECOMP_MEMBER;;;;XEUR;10804520;636;MEMBER
04.12.2024;08:18:42.433;FBTP.S.DEC24.MAR25.SPD;FUTURES_SPREAD;BLOCK;EUR;6;0.59000000;610;EXCHANGE_LAST;;1;1;XEUR;72060325637128282;636;
04.12.2024;08:18:42.433;FBTP SI 20241206 PS;SIMPLE_INSTRUMENT;BLOCK;EUR;6;123.11000000;610;PRC_DECOMP_MEMBER;;;;XEUR;10804520;636;MEMBER
04.12.2024;08:18:42.433;FBTP SI 20250306 PS;SIMPLE_INSTRUMENT;BLOCK;EUR;6;122.52000000;610;PRC_DECOMP_MEMBER;;;;XEUR;11286675;636;MEMBER
04.12.2024;08:24:35.101;FBTP SI 20241206 PS;SIMPLE_INSTRUMENT;BLOCK;EUR;7;123.11000000;1462;EXCHANGE_LAST;;1;1;XEUR;10804520;636;
04.12.2024;08:25:00.672;FBTP SI 20250306 PS;SIMPLE_INSTRUMENT;BLOCK;EUR;8;122.53000000;731;EXCHANGE_LAST;;1;1;XEUR;11286675;636;
04.12.2024;08:25:08.435;FBTP SI 20250306 PS;SIMPLE_INSTRUMENT;BLOCK;EUR;9;122.52000000;731;EXCHANGE_LAST;;1;1;XEUR;11286675;636;
04.12.2024;08:57:34.742;FBTP SI 20241206 PS;SIMPLE_INSTRUMENT;BLOCK;EUR;10;123.16000000;688;EXCHANGE_LAST;;1;1;XEUR;10804520;636;
04.12.2024;08:57:52.773;FBTP SI 20250306 PS;SIMPLE_INSTRUMENT;BLOCK;EUR;11;122.57000000;344;EXCHANGE_LAST;;1;1;XEUR;11286675;636;
04.12.2024;08:58:01.494;FBTP SI 20250306 PS;SIMPLE_INSTRUMENT;BLOCK;EUR;12;122.58000000;344;EXCHANGE_LAST;;1;1;XEUR;11286675;636;
04.12.2024;09:08:30.051;FBTP SI 20241206 PS;SIMPLE_INSTRUMENT;BLOCK;EUR;13;123.14000000;581;EXCHANGE_LAST;;1;1;XEUR;10804520;636;
04.12.2024;09:08:35.777;FBTP SI 20250306 PS;SIMPLE_INSTRUMENT;BLOCK;EUR;14;122.55000000;290;EXCHANGE_LAST;;1;1;XEUR;11286675;636;
04.12.2024;09:08:41.596;FBTP SI 20250306 PS;SIMPLE_INSTRUMENT;BLOCK;EUR;15;122.56000000;291;EXCHANGE_LAST;;1;1;XEUR;11286675;636;
04.12.2024;09:30:50.189;FBTP.S.DEC24.MAR25.SPD;FUTURES_SPREAD;BLOCK;EUR;16;0.58000000;260;EXCHANGE_LAST;;1;1;XEUR;72060325637128282;636;
04.12.2024;09:30:50.189;FBTP SI 20250306 PS;SIMPLE_INSTRUMENT;BLOCK;EUR;16;122.56000000;260;PRC_DECOMP_EXCHANGE;;;;XEUR;11286675;636;EXCHANGE
04.12.2024;09:30:50.189;FBTP SI 20241206 PS;SIMPLE_INSTRUMENT;BLOCK;EUR;16;123.14000000;260;PRC_DECOMP_EXCHANGE;;;;XEUR;10804520;636;EXCHANGE
04.12.2024;09:41:46.085;FBTP SI 20250306 PS;SIMPLE_INSTRUMENT;EFP_FIN;EUR;17;122.55000000;698;EXCHANGE_LAST;;1;1;XEUR;11286675;636;
04.12.2024;09:50:10.645;FBTP SI 20250306 PS;SIMPLE_INSTRUMENT;EFP_FIN;EUR;18;122.52000000;863;EXCHANGE_LAST;;1;1;XEUR;11286675;636;
04.12.2024;09:57:43.793;FBTP.S.DEC24.MAR25.SPD;FUTURES_SPREAD;BLOCK;EUR;19;0.59000000;500;EXCHANGE_LAST;;1;1;XEUR;72060325637128282;636;
04.12.2024;09:57:43.793;FBTP SI 20241206 PS;SIMPLE_INSTRUMENT;BLOCK;EUR;19;123.12000000;500;PRC_DECOMP_EXCHANGE;;;;XEUR;10804520;636;EXCHANGE
04.12.2024;09:57:43.793;FBTP SI 20250306 PS;SIMPLE_INSTRUMENT;BLOCK;EUR;19;122.53000000;500;PRC_DECOMP_EXCHANGE;;;;XEUR;11286675;636;EXCHANGE
04.12.2024;10:27:48.560;FBTP.S.DEC24.MAR25.SPD;FUTURES_SPREAD;BLOCK;EUR;20;0.59000000;300;EXCHANGE_LAST;;1;1;XEUR;72060325637128282;636;
04.12.2024;10:27:48.560;FBTP SI 20241206 PS;SIMPLE_INSTRUMENT;BLOCK;EUR;20;123.08000000;300;PRC_DECOMP_EXCHANGE;;;;XEUR;10804520;636;EXCHANGE
04.12.2024;10:27:48.560;FBTP SI 20250306 PS;SIMPLE_INSTRUMENT;BLOCK;EUR;20;122.49000000;300;PRC_DECOMP_EXCHANGE;;;;XEUR;11286675;636;EXCHANGE
04.12.2024;10:31:02.679;FBTP.S.DEC24.MAR25.SPD;FUTURES_SPREAD;BLOCK;EUR;21;0.59000000;700;EXCHANGE_LAST;;1;1;XEUR;72060325637128282;636;
04.12.2024;10:31:02.679;FBTP SI 20241206 PS;SIMPLE_INSTRUMENT;BLOCK;EUR;21;123.12000000;700;PRC_DECOMP_EXCHANGE;;;;XEUR;10804520;636;EXCHANGE
04.12.2024;10:31:02.679;FBTP SI 20250306 PS;SIMPLE_INSTRUMENT;BLOCK;EUR;21;122.53000000;700;PRC_DECOMP_EXCHANGE;;;;XEUR;11286675;636;EXCHANGE
04.12.2024;10:34:42.405;FBTP SI 20250306 PS;SIMPLE_INSTRUMENT;EFP_FIN;EUR;22;122.49000000;91;EXCHANGE_LAST;;1;1;XEUR;11286675;636;
04.12.2024;10:36:44.164;FBTP SI 20241206 PS;SIMPLE_INSTRUMENT;EFP_FIN;EUR;23;123.05000000;1067;EXCHANGE_LAST;;1;1;XEUR;10804520;636;
04.12.2024;10:38:44.916;FBTP SI 20250306 PS;SIMPLE_INSTRUMENT;EFP_FIN;EUR;24;122.49000000;803;EXCHANGE_LAST;;1;1;XEUR;11286675;636;
04.12.2024;10:44:08.257;FBTP SI 20241206 PS;SIMPLE_INSTRUMENT;EFP_FIN;EUR;25;123.05000000;428;EXCHANGE_LAST;;1;1;XEUR;10804520;636;
04.12.2024;10:50:29.891;FBTP SI 20250306 PS;SIMPLE_INSTRUMENT;EFP_FIN;EUR;26;122.50000000;796;EXCHANGE_LAST;;1;1;XEUR;11286675;636;
04.12.2024;10:57:27.091;FBTP SI 20241206 PS;SIMPLE_INSTRUMENT;EFP_FIN;EUR;27;123.10000000;171;EXCHANGE_LAST;;1;1;XEUR;10804520;636;
04.12.2024;11:16:36.652;FBTP SI 20241206 PS;SIMPLE_INSTRUMENT;BLOCK;EUR;28;123.08000000;1535;EXCHANGE_LAST;;1;1;XEUR;10804520;636;
04.12.2024;12:03:35.624;FBTP SI 20241206 PS;SIMPLE_INSTRUMENT;BLOCK;EUR;29;123.05000000;325;EXCHANGE_LAST;;1;1;XEUR;10804520;636;
04.12.2024;12:04:22.883;FBTP SI 20241206 PS;SIMPLE_INSTRUMENT;BLOCK;EUR;30;123.06000000;325;EXCHANGE_LAST;;1;1;XEUR;10804520;636;
04.12.2024;12:06:28.542;FBTP.S.DEC24.MAR25.SPD;FUTURES_SPREAD;BLOCK;EUR;31;0.58000000;374;EXCHANGE_LAST;;1;1;XEUR;72060325637128282;636;
04.12.2024;12:06:28.542;FBTP SI 20250306 PS;SIMPLE_INSTRUMENT;BLOCK;EUR;31;122.50000000;374;PRC_DECOMP_EXCHANGE;;;;XEUR;11286675;636;EXCHANGE
04.12.2024;12:06:28.542;FBTP SI 20241206 PS;SIMPLE_INSTRUMENT;BLOCK;EUR;31;123.08000000;374;PRC_DECOMP_EXCHANGE;;;;XEUR;10804520;636;EXCHANGE
04.12.2024;12:06:44.896;FBTP.S.DEC24.MAR25.SPD;FUTURES_SPREAD;BLOCK;EUR;32;0.59000000;374;EXCHANGE_LAST;;1;1;XEUR;72060325637128282;636;
04.12.2024;12:06:44.896;FBTP SI 20241206 PS;SIMPLE_INSTRUMENT;BLOCK;EUR;32;123.09000000;374;PRC_DECOMP_EXCHANGE;;;;XEUR;10804520;636;EXCHANGE
04.12.2024;12:06:44.896;FBTP SI 20250306 PS;SIMPLE_INSTRUMENT;BLOCK;EUR;32;122.50000000;374;PRC_DECOMP_EXCHANGE;;;;XEUR;11286675;636;EXCHANGE
04.12.2024;12:08:34.549;FBTP SI 20250306 PS;SIMPLE_INSTRUMENT;EFP_FIN;EUR;33;122.45000000;277;EXCHANGE_LAST;;1;1;XEUR;11286675;636;
04.12.2024;12:15:00.600;FBTP SI 20250306 PS;SIMPLE_INSTRUMENT;BLOCK;EUR;34;122.47000000;650;EXCHANGE_LAST;;1;1;XEUR;11286675;636;
04.12.2024;12:31:07.201;FBTP SI 20250306 PS;SIMPLE_INSTRUMENT;EFP_FIN;EUR;35;122.49000000;748;EXCHANGE_LAST;;1;1;XEUR;11286675;636;
04.12.2024;12:31:57.063;FBTP SI 20250306 PS;SIMPLE_INSTRUMENT;EFP_FIN;EUR;36;122.56000000;895;EXCHANGE_LAST;;1;1;XEUR;11286675;636;
04.12.2024;12:42:38.131;FBTP.S.DEC24.MAR25.SPD;FUTURES_SPREAD;BLOCK;EUR;37;0.59000000;1500;EXCHANGE_LAST;;1;1;XEUR;72060325637128282;636;
04.12.2024;12:42:38.131;FBTP SI 20250306 PS;SIMPLE_INSTRUMENT;BLOCK;EUR;37;122.53000000;1500;PRC_DECOMP_MEMBER;;;;XEUR;11286675;636;MEMBER
04.12.2024;12:42:38.131;FBTP SI 20241206 PS;SIMPLE_INSTRUMENT;BLOCK;EUR;37;123.12000000;1500;PRC_DECOMP_MEMBER;;;;XEUR;10804520;636;MEMBER
04.12.2024;13:18:17.847;FBTP SI 20250306 PS;SIMPLE_INSTRUMENT;EFP_FIN;EUR;38;122.38000000;272;EXCHANGE_LAST;;1;1;XEUR;11286675;636;
04.12.2024;13:18:58.849;FBTP SI 20250306 PS;SIMPLE_INSTRUMENT;EFP_FIN;EUR;39;122.38000000;115;EXCHANGE_LAST;;1;1;XEUR;11286675;636;
04.12.2024;13:22:19.860;FBTP SI 20250306 PS;SIMPLE_INSTRUMENT;EFP_FIN;EUR;40;122.38000000;170;EXCHANGE_LAST;;1;1;XEUR;11286675;636;
04.12.2024;14:55:41.145;FBTP SI 20241206 PS;SIMPLE_INSTRUMENT;EFP_FIN;EUR;41;123.20000000;206;EXCHANGE_LAST;;1;1;XEUR;10804520;636;
04.12.2024;15:06:23.516;FBTP SI 20250306 PS;SIMPLE_INSTRUMENT;EFP_FIN;EUR;42;122.61000000;1109;EXCHANGE_LAST;;1;1;XEUR;11286675;636;
04.12.2024;15:11:38.025;FBTP.S.DEC24.MAR25.SPD;FUTURES_SPREAD;BLOCK;EUR;43;0.59000000;500;EXCHANGE_LAST;;1;1;XEUR;72060325637128282;636;
04.12.2024;15:11:38.025;FBTP SI 20241206 PS;SIMPLE_INSTRUMENT;BLOCK;EUR;43;123.26000000;500;PRC_DECOMP_EXCHANGE;;;;XEUR;10804520;636;EXCHANGE
04.12.2024;15:11:38.025;FBTP SI 20250306 PS;SIMPLE_INSTRUMENT;BLOCK;EUR;43;122.67000000;500;PRC_DECOMP_EXCHANGE;;;;XEUR;11286675;636;EXCHANGE
04.12.2024;16:25:04.994;FBTP.S.DEC24.MAR25.SPD;FUTURES_SPREAD;BLOCK;EUR;44;0.59000000;389;EXCHANGE_LAST;;1;1;XEUR;72060325637128282;636;
04.12.2024;16:25:04.994;FBTP SI 20241206 PS;SIMPLE_INSTRUMENT;BLOCK;EUR;44;123.49000000;389;PRC_DECOMP_EXCHANGE;;;;XEUR;10804520;636;EXCHANGE
04.12.2024;16:25:04.994;FBTP SI 20250306 PS;SIMPLE_INSTRUMENT;BLOCK;EUR;44;122.90000000;389;PRC_DECOMP_EXCHANGE;;;;XEUR;11286675;636;EXCHANGE
04.12.2024;16:39:23.300;FBTP SI 20241206 PS;SIMPLE_INSTRUMENT;EFP_FIN;EUR;45;123.48000000;127;EXCHANGE_LAST;;1;1;XEUR;10804520;636;
04.12.2024;16:48:03.068;FBTP SI 20250306 PS;SIMPLE_INSTRUMENT;EFP_FIN;EUR;46;122.90000000;641;EXCHANGE_LAST;;1;1;XEUR;11286675;636;
04.12.2024;08:25:28.215;FBTS.S.DEC24.MAR25.SPD;FUTURES_SPREAD;BLOCK;EUR;2;-0.01000000;200;EXCHANGE_LAST;;1;1;XEUR;72060338522030170;639;
04.12.2024;08:25:28.215;FBTS SI 20241206 PS;SIMPLE_INSTRUMENT;BLOCK;EUR;2;107.83000000;200;PRC_DECOMP_EXCHANGE;;;;XEUR;10804522;639;EXCHANGE
04.12.2024;08:25:28.215;FBTS SI 20250306 PS;SIMPLE_INSTRUMENT;BLOCK;EUR;2;107.84000000;200;PRC_DECOMP_EXCHANGE;;;;XEUR;11286677;639;EXCHANGE
04.12.2024;08:36:08.755;FBTS.S.DEC24.MAR25.SPD;FUTURES_SPREAD;BLOCK;EUR;5;-0.01000000;404;EXCHANGE_LAST;;1;1;XEUR;72060338522030170;639;
04.12.2024;08:36:08.755;FBTS SI 20250306 PS;SIMPLE_INSTRUMENT;BLOCK;EUR;5;107.84000000;404;PRC_DECOMP_MEMBER;;;;XEUR;11286677;639;MEMBER
04.12.2024;08:36:08.755;FBTS SI 20241206 PS;SIMPLE_INSTRUMENT;BLOCK;EUR;5;107.83000000;404;PRC_DECOMP_MEMBER;;;;XEUR;10804522;639;MEMBER
04.12.2024;09:25:19.495;FBTS SI 20250306 PS;SIMPLE_INSTRUMENT;EFP_FIN;EUR;17;107.85000000;697;EXCHANGE_LAST;;1;1;XEUR;11286677;639;
04.12.2024;09:53:30.973;FBTS SI 20241206 PS;SIMPLE_INSTRUMENT;EFP_FIN;EUR;23;107.82000000;188;EXCHANGE_LAST;;1;1;XEUR;10804522;639;
04.12.2024;10:28:19.758;FBTS SI 20250306 PS;SIMPLE_INSTRUMENT;BLOCK;EUR;24;107.83000000;1542;EXCHANGE_LAST;;1;1;XEUR;11286677;639;
04.12.2024;10:54:42.467;FBTS SI 20241206 PS;SIMPLE_INSTRUMENT;EFP_FIN;EUR;25;107.81000000;1121;EXCHANGE_LAST;;1;1;XEUR;10804522;639;
04.12.2024;11:08:34.402;FBTS SI 20250306 PS;SIMPLE_INSTRUMENT;BLOCK;EUR;27;107.82000000;3504;EXCHANGE_LAST;;1;1;XEUR;11286677;639;
04.12.2024;11:59:36.844;FBTS SI 20241206 PS;SIMPLE_INSTRUMENT;EFP_FIN;EUR;37;107.81000000;127;EXCHANGE_LAST;;1;1;XEUR;10804522;639;
04.12.2024;12:14:05.725;FBTS SI 20250306 PS;SIMPLE_INSTRUMENT;EFP_FIN;EUR;38;107.82000000;331;EXCHANGE_LAST;;1;1;XEUR;11286677;639;
04.12.2024;13:04:05.931;FBTS SI 20250306 PS;SIMPLE_INSTRUMENT;EFP_FIN;EUR;42;107.79000000;453;EXCHANGE_LAST;;1;1;XEUR;11286677;639;
04.12.2024;13:23:30.690;FBTS SI 20241206 PS;SIMPLE_INSTRUMENT;EFP_FIN;EUR;46;107.80000000;1210;EXCHANGE_LAST;;1;1;XEUR;10804522;639;
04.12.2024;13:52:12.996;FBTS SI 20241206 PS;SIMPLE_INSTRUMENT;EFP_FIN;EUR;49;107.82000000;235;EXCHANGE_LAST;;1;1;XEUR;10804522;639;
04.12.2024;13:51:30.765;FBTS SI 20241206 PS;SIMPLE_INSTRUMENT;BLOCK;EUR;51;107.82000000;2624;EXCHANGE_LAST;;1;1;XEUR;10804522;639;
04.12.2024;14:23:39.802;FBTS SI 20241206 PS;SIMPLE_INSTRUMENT;EFP_FIN;EUR;52;107.82000000;1122;EXCHANGE_LAST;;1;1;XEUR;10804522;639;
04.12.2024;14:53:41.773;FBTS SI 20250306 PS;SIMPLE_INSTRUMENT;EFP_FIN;EUR;62;107.85000000;454;EXCHANGE_LAST;;1;1;XEUR;11286677;639;
04.12.2024;15:09:55.573;FBTS SI 20250306 PS;SIMPLE_INSTRUMENT;EFP_FIN;EUR;64;107.88000000;908;EXCHANGE_LAST;;1;1;XEUR;11286677;639;
04.12.2024;15:13:04.655;FBTS SI 20241206 PS;SIMPLE_INSTRUMENT;BLOCK;EUR;65;107.90000000;1321;EXCHANGE_LAST;;1;1;XEUR;10804522;639;
04.12.2024;15:21:44.308;FBTS SI 20241206 PS;SIMPLE_INSTRUMENT;EFP_FIN;EUR;67;107.89000000;882;EXCHANGE_LAST;;1;1;XEUR;10804522;639;
04.12.2024;16:12:55.462;FBTS SI 20241206 PS;SIMPLE_INSTRUMENT;EFP_FIN;EUR;76;107.89000000;695;EXCHANGE_LAST;;1;1;XEUR;10804522;639;
04.12.2024;16:14:31.559;FBTS SI 20241206 PS;SIMPLE_INSTRUMENT;EFP_FIN;EUR;77;107.87000000;901;EXCHANGE_LAST;;1;1;XEUR;10804522;639;
04.12.2024;16:21:40.212;FBTS SI 20241206 PS;SIMPLE_INSTRUMENT;EFP_FIN;EUR;78;107.91000000;676;EXCHANGE_LAST;;1;1;XEUR;10804522;639;
04.12.2024;16:21:47.212;FBTS SI 20241206 PS;SIMPLE_INSTRUMENT;EFP_FIN;EUR;79;107.90000000;676;EXCHANGE_LAST;;1;1;XEUR;10804522;639;
04.12.2024;16:22:42.215;FBTS SI 20241206 PS;SIMPLE_INSTRUMENT;EFP_FIN;EUR;80;107.89000000;2225;EXCHANGE_LAST;;1;1;XEUR;10804522;639;
04.12.2024;16:21:22.211;FBTS SI 20241206 PS;SIMPLE_INSTRUMENT;EFP_FIN;EUR;81;107.89000000;441;EXCHANGE_LAST;;1;1;XEUR;10804522;639;
04.12.2024;16:21:14.210;FBTS SI 20241206 PS;SIMPLE_INSTRUMENT;EFP_FIN;EUR;82;107.90000000;441;EXCHANGE_LAST;;1;1;XEUR;10804522;639;
04.12.2024;16:30:19.236;FBTS SI 20241206 PS;SIMPLE_INSTRUMENT;EFP_FIN;EUR;85;107.90000000;1410;EXCHANGE_LAST;;1;1;XEUR;10804522;639;
04.12.2024;16:39:41.406;FBTS SI 20250306 PS;SIMPLE_INSTRUMENT;EFS;EUR;87;107.88000000;1100;EXCHANGE_LAST;;1;1;XEUR;11286677;639;
04.12.2024;16:39:50.677;FBTS SI 20241206 PS;SIMPLE_INSTRUMENT;EFP_FIN;EUR;88;107.89000000;545;EXCHANGE_LAST;;1;1;XEUR;10804522;639;
04.12.2024;11:16:03.188;FCEU SI 20241216 PS;SIMPLE_INSTRUMENT;BLOCK;USD;2;1.05080000;400;EXCHANGE_LAST;;1;1;XEUR;7140363;369376;
04.12.2024;11:25:03.371;FCEU SI 20241216 PS;SIMPLE_INSTRUMENT;BLOCK;USD;4;1.05050000;430;EXCHANGE_LAST;;1;1;XEUR;7140363;369376;
04.12.2024;11:19:07.729;FCEY SI 20241216 PS;SIMPLE_INSTRUMENT;BLOCK;JPY;3;158.34000000;350;EXCHANGE_LAST;;1;1;XEUR;7140339;369363;
04.12.2024;08:03:00.617;FCIN SI 20241230 CS;SIMPLE_INSTRUMENT;BLOCK;USD;1;146.20000000;11;EXCHANGE_LAST;;1;1;XEUR;4680363;580;
04.12.2024;16:25:16.353;FDAX SI 20241220 CS;SIMPLE_INSTRUMENT;EFP_IDX;EUR;1;20250.00000000;150;EXCHANGE_LAST;;1;1;XEUR;7296065;589;
04.12.2024;12:16:06.824;FDAX SI 20241220 CS;SIMPLE_INSTRUMENT;VOLA;EUR;671088651;20250.00000000;20;EXCHANGE_LAST;;1;1;XEUR;7296065;589;
04.12.2024;15:26:14.851;FDAX SI 20241220 CS;SIMPLE_INSTRUMENT;VOLA;EUR;671088663;20230.00000000;38;EXCHANGE_LAST;;1;1;XEUR;7296065;589;
04.12.2024;16:10:59.796;FDAX SI 20241220 CS;SIMPLE_INSTRUMENT;VOLA;EUR;671088672;20260.00000000;38;EXCHANGE_LAST;;1;1;XEUR;7296065;589;
04.12.2024;16:11:27.465;FDAX SI 20241220 CS;SIMPLE_INSTRUMENT;VOLA;EUR;671088674;20260.00000000;39;EXCHANGE_LAST;;1;1;XEUR;7296065;589;
04.12.2024;08:40:04.538;FEBD SI 20281215 CS;SIMPLE_INSTRUMENT;BLOCK;EUR;1;7.55000000;100;EXCHANGE_LAST;;1;1;XEUR;7776305;597;
04.12.2024;10:51:04.577;FEBD SI 20251219 CS;SIMPLE_INSTRUMENT;BLOCK;EUR;9;10.16000000;125;EXCHANGE_LAST;;1;1;XEUR;5914075;597;
04.12.2024;10:51:23.259;FEBD SI 20251219 CS;SIMPLE_INSTRUMENT;BLOCK;EUR;10;10.17000000;125;EXCHANGE_LAST;;1;1;XEUR;5914075;597;
04.12.2024;13:04:40.478;FEBD SI 20251219 CS;SIMPLE_INSTRUMENT;BLOCK;EUR;20;10.17000000;125;EXCHANGE_LAST;;1;1;XEUR;5914075;597;
04.12.2024;13:04:40.526;FEBD SI 20251219 CS;SIMPLE_INSTRUMENT;BLOCK;EUR;21;10.16000000;125;EXCHANGE_LAST;;1;1;XEUR;5914075;597;
04.12.2024;16:19:36.175;FES1 SI 20241220 PS;SIMPLE_INSTRUMENT;BLOCK;EUR;36;9.00000000;200;EXCHANGE_LAST;;1;1;XEUR;10869579;58959;
04.12.2024;11:40:42.089;FESB SI 20241220 CS;SIMPLE_INSTRUMENT;EFP_IDX;EUR;29;142.20000000;10000;EXCHANGE_LAST;;1;1;XEUR;10838895;605;
04.12.2024;12:17:41.866;FESB SI 20241220 CS;SIMPLE_INSTRUMENT;BLOCK;EUR;30;142.20000000;20000;EXCHANGE_LAST;;1;1;XEUR;10838895;605;
04.12.2024;13:50:31.168;FESB SI 20241220 CS;SIMPLE_INSTRUMENT;BLOCK;EUR;31;142.80000000;5280;EXCHANGE_LAST;;1;1;XEUR;10838895;605;
04.12.2024;15:41:56.933;FESB SI 20241220 CS;SIMPLE_INSTRUMENT;BLOCK;EUR;37;142.20000000;10000;EXCHANGE_LAST;;1;1;XEUR;10838895;605;
04.12.2024;16:55:19.060;FESB SI 20241220 CS;SIMPLE_INSTRUMENT;EFP_IDX;EUR;44;142.05000000;600;EXCHANGE_LAST;;1;1;XEUR;10838895;605;
04.12.2024;16:55:29.647;FESB SI 20241220 CS;SIMPLE_INSTRUMENT;EFP_IDX;EUR;45;142.10000000;400;EXCHANGE_LAST;;1;1;XEUR;10838895;605;
04.12.2024;11:05:37.223;FESB SI 20241220 CS;SIMPLE_INSTRUMENT;VOLA;EUR;603979793;142.30000000;1000;EXCHANGE_LAST;;1;1;XEUR;10838895;605;
04.12.2024;16:57:39.942;FESV SI 20241220 CS;SIMPLE_INSTRUMENT;EFP_IDX;EUR;8;240.60000000;223;EXCHANGE_LAST;;1;1;XEUR;10839065;672;
04.12.2024;16:57:21.077;FESV SI 20241220 CS;SIMPLE_INSTRUMENT;EFP_IDX;EUR;9;240.50000000;892;EXCHANGE_LAST;;1;1;XEUR;10839065;672;
04.12.2024;15:55:31.970;FESX SI 20241220 CS;SIMPLE_INSTRUMENT;BLOCK;EUR;4;4930.00000000;2000;EXCHANGE_LAST;;1;1;XEUR;7793479;675;
04.12.2024;15:50:57.945;FESX.S.DEC24.MAR25.SPD;FUTURES_SPREAD;BLOCK;EUR;5;-26.50000000;2000;EXCHANGE_LAST;;1;1;XEUR;72060493140861185;675;
04.12.2024;15:50:57.945;FESX SI 20250321 CS;SIMPLE_INSTRUMENT;BLOCK;EUR;5;4955.00000000;2000;PRC_DECOMP_EXCHANGE;;;;XEUR;7793482;675;EXCHANGE
04.12.2024;15:50:57.945;FESX SI 20241220 CS;SIMPLE_INSTRUMENT;BLOCK;EUR;5;4928.50000000;2000;PRC_DECOMP_EXCHANGE;;;;XEUR;7793479;675;EXCHANGE
04.12.2024;16:03:05.655;FESX SI 20241220 CS;SIMPLE_INSTRUMENT;BLOCK;EUR;6;4925.00000000;7820;EXCHANGE_LAST;;1;1;XEUR;7793479;675;
04.12.2024;16:20:39.518;FESX SI 20241220 CS;SIMPLE_INSTRUMENT;EFP_IDX;EUR;7;4930.00000000;1000;EXCHANGE_LAST;;1;1;XEUR;7793479;675;
04.12.2024;16:22:56.968;FESX SI 20241220 CS;SIMPLE_INSTRUMENT;EFP_IDX;EUR;8;4927.00000000;1000;EXCHANGE_LAST;;1;1;XEUR;7793479;675;
04.12.2024;16:49:49.587;FESX SI 20241220 CS;SIMPLE_INSTRUMENT;EFP_IDX;EUR;9;4929.00000000;138;EXCHANGE_LAST;;1;1;XEUR;7793479;675;
04.12.2024;16:49:50.818;FESX SI 20241220 CS;SIMPLE_INSTRUMENT;EFP_IDX;EUR;10;4928.00000000;212;EXCHANGE_LAST;;1;1;XEUR;7793479;675;
04.12.2024;16:54:55.073;FESX SI 20241220 CS;SIMPLE_INSTRUMENT;EFP_IDX;EUR;11;4928.00000000;665;EXCHANGE_LAST;;1;1;XEUR;7793479;675;
04.12.2024;16:54:44.448;FESX SI 20241220 CS;SIMPLE_INSTRUMENT;EFP_IDX;EUR;12;4929.00000000;435;EXCHANGE_LAST;;1;1;XEUR;7793479;675;
04.12.2024;16:56:06.745;FESX SI 20241220 CS;SIMPLE_INSTRUMENT;EFP_IDX;EUR;13;4928.00000000;907;EXCHANGE_LAST;;1;1;XEUR;7793479;675;
04.12.2024;16:56:19.315;FESX SI 20241220 CS;SIMPLE_INSTRUMENT;EFP_IDX;EUR;14;4929.00000000;593;EXCHANGE_LAST;;1;1;XEUR;7793479;675;
04.12.2024;17:02:58.598;FESX SI 20241220 CS;SIMPLE_INSTRUMENT;EFP_IDX;EUR;15;4928.00000000;456;EXCHANGE_LAST;;1;1;XEUR;7793479;675;
04.12.2024;17:02:59.604;FESX SI 20241220 CS;SIMPLE_INSTRUMENT;EFP_IDX;EUR;16;4929.00000000;494;EXCHANGE_LAST;;1;1;XEUR;7793479;675;
04.12.2024;09:37:08.947;FESX SI 20241220 CS;SIMPLE_INSTRUMENT;VOLA;EUR;637534237;4912.00000000;344;EXCHANGE_LAST;;1;1;XEUR;7793479;675;
04.12.2024;10:00:15.765;FESX SI 20241220 CS;SIMPLE_INSTRUMENT;VOLA;EUR;637534249;4911.00000000;910;EXCHANGE_LAST;;1;1;XEUR;7793479;675;
04.12.2024;10:00:26.121;FESX SI 20241220 CS;SIMPLE_INSTRUMENT;VOLA;EUR;637534250;4909.00000000;1006;EXCHANGE_LAST;;1;1;XEUR;7793479;675;
04.12.2024;11:45:54.137;FESX SI 20241220 CS;SIMPLE_INSTRUMENT;VOLA;EUR;637534278;4918.00000000;750;EXCHANGE_LAST;;1;1;XEUR;7793479;675;
04.12.2024;12:41:20.236;FESX SI 20241220 CS;SIMPLE_INSTRUMENT;VOLA;EUR;637534300;4927.00000000;280;EXCHANGE_LAST;;1;1;XEUR;7793479;675;
04.12.2024;13:04:55.858;FESX SI 20241220 CS;SIMPLE_INSTRUMENT;VOLA;EUR;637534306;4920.00000000;43;EXCHANGE_LAST;;1;1;XEUR;7793479;675;
04.12.2024;13:16:00.149;FESX SI 20241220 CS;SIMPLE_INSTRUMENT;VOLA;EUR;637534311;4900.00000000;624;EXCHANGE_LAST;;1;1;XEUR;7793479;675;
04.12.2024;13:17:01.017;FESX SI 20241220 CS;SIMPLE_INSTRUMENT;VOLA;EUR;637534312;4905.00000000;16;EXCHANGE_LAST;;1;1;XEUR;7793479;675;
04.12.2024;14:16:39.482;FESX SI 20241220 CS;SIMPLE_INSTRUMENT;VOLA;EUR;637534324;4930.00000000;200;EXCHANGE_LAST;;1;1;XEUR;7793479;675;
04.12.2024;15:20:01.424;FESX SI 20241220 CS;SIMPLE_INSTRUMENT;VOLA;EUR;637534337;4930.00000000;560;EXCHANGE_LAST;;1;1;XEUR;7793479;675;
04.12.2024;15:45:02.347;FESX SI 20241220 CS;SIMPLE_INSTRUMENT;VOLA;EUR;637534348;4925.00000000;120;EXCHANGE_LAST;;1;1;XEUR;7793479;675;
04.12.2024;15:54:48.849;FESX SI 20241220 CS;SIMPLE_INSTRUMENT;VOLA;EUR;637534351;4933.00000000;1770;EXCHANGE_LAST;;1;1;XEUR;7793479;675;
04.12.2024;16:11:56.348;FESX SI 20241220 CS;SIMPLE_INSTRUMENT;VOLA;EUR;637534364;4935.00000000;210;EXCHANGE_LAST;;1;1;XEUR;7793479;675;
04.12.2024;16:42:37.252;FESX SI 20241220 CS;SIMPLE_INSTRUMENT;VOLA;EUR;637534377;4927.00000000;800;EXCHANGE_LAST;;1;1;XEUR;7793479;675;
04.12.2024;16:54:25.555;FESZ SI 20241220 CS;SIMPLE_INSTRUMENT;EFP_IDX;EUR;10;1309.90000000;18;EXCHANGE_LAST;;1;1;XEUR;10839551;700;
04.12.2024;16:55:14.631;FESZ SI 20241220 CS;SIMPLE_INSTRUMENT;EFP_IDX;EUR;11;1310.00000000;9;EXCHANGE_LAST;;1;1;XEUR;10839551;700;
04.12.2024;17:00:00.772;FESZ SI 20241220 CS;SIMPLE_INSTRUMENT;EFP_IDX;EUR;12;1310.00000000;41;EXCHANGE_LAST;;1;1;XEUR;10839551;700;
04.12.2024;17:00:39.650;FESZ SI 20241220 CS;SIMPLE_INSTRUMENT;EFP_IDX;EUR;13;1310.10000000;63;EXCHANGE_LAST;;1;1;XEUR;10839551;700;
04.12.2024;17:01:10.139;FESZ SI 20241220 CS;SIMPLE_INSTRUMENT;EFP_IDX;EUR;14;1309.90000000;41;EXCHANGE_LAST;;1;1;XEUR;10839551;700;
04.12.2024;17:01:23.188;FESZ SI 20241220 CS;SIMPLE_INSTRUMENT;EFP_IDX;EUR;15;1310.00000000;94;EXCHANGE_LAST;;1;1;XEUR;10839551;700;
04.12.2024;16:41:37.261;FEU3 SI 20250616 CS;SIMPLE_INSTRUMENT;EFS;EUR;80;98.12000000;2000;EXCHANGE_LAST;;1;1;XEUR;4148223;702;
04.12.2024;08:53:42.655;FEXD.S.DEC25.DEC26.SPD;FUTURES_SPREAD;BLOCK;EUR;2;7.30000000;750;EXCHANGE_LAST;;2;1;XEUR;72060570450264144;693;
04.12.2024;08:53:42.655;FEXD SI 20261218 CS;SIMPLE_INSTRUMENT;BLOCK;EUR;2;151.10000000;750;PRC_DECOMP_EXCHANGE;;;;XEUR;2163053;693;EXCHANGE
04.12.2024;08:53:42.655;FEXD SI 20251219 CS;SIMPLE_INSTRUMENT;BLOCK;EUR;2;158.40000000;750;PRC_DECOMP_EXCHANGE;;;;XEUR;1548120;693;EXCHANGE
04.12.2024;09:31:24.730;FEXD.S.DEC25.DEC26.SPD;FUTURES_SPREAD;BLOCK;EUR;5;7.30000000;1000;EXCHANGE_LAST;;3;1;XEUR;72060570450264144;693;
04.12.2024;09:31:24.730;FEXD SI 20251219 CS;SIMPLE_INSTRUMENT;BLOCK;EUR;5;158.50000000;1000;PRC_DECOMP_MEMBER;;;;XEUR;1548120;693;MEMBER
04.12.2024;09:31:24.730;FEXD SI 20261218 CS;SIMPLE_INSTRUMENT;BLOCK;EUR;5;151.20000000;1000;PRC_DECOMP_MEMBER;;;;XEUR;2163053;693;MEMBER
04.12.2024;10:46:38.777;FEXD SI 20251219 CS;SIMPLE_INSTRUMENT;BLOCK;EUR;6;158.40000000;200;EXCHANGE_LAST;;1;1;XEUR;1548120;693;
04.12.2024;10:46:32.148;FEXD SI 20251219 CS;SIMPLE_INSTRUMENT;BLOCK;EUR;7;158.50000000;200;EXCHANGE_LAST;;1;1;XEUR;1548120;693;
04.12.2024;12:03:58.214;FEXD.S.DEC25.DEC26.SPD;FUTURES_SPREAD;BLOCK;EUR;13;7.50000000;400;EXCHANGE_LAST;;1;1;XEUR;72060570450264144;693;
04.12.2024;12:03:58.214;FEXD SI 20251219 CS;SIMPLE_INSTRUMENT;BLOCK;EUR;13;158.40000000;400;PRC_DECOMP_MEMBER;;;;XEUR;1548120;693;MEMBER
04.12.2024;12:03:58.214;FEXD SI 20261218 CS;SIMPLE_INSTRUMENT;BLOCK;EUR;13;150.90000000;400;PRC_DECOMP_MEMBER;;;;XEUR;2163053;693;MEMBER
04.12.2024;14:19:56.870;FEXD SI 20251219 CS;SIMPLE_INSTRUMENT;BLOCK;EUR;23;158.80000000;1000;EXCHANGE_LAST;;1;2;XEUR;1548120;693;
04.12.2024;14:24:49.369;FEXD SI 20261218 CS;SIMPLE_INSTRUMENT;BLOCK;EUR;24;151.60000000;250;EXCHANGE_LAST;;1;1;XEUR;2163053;693;
04.12.2024;14:34:51.682;FEXD SI 20251219 CS;SIMPLE_INSTRUMENT;BLOCK;EUR;26;158.80000000;250;EXCHANGE_LAST;;1;1;XEUR;1548120;693;
04.12.2024;15:37:45.163;FEXD.S.DEC25.DEC26.SPD;FUTURES_SPREAD;BLOCK;EUR;29;7.30000000;750;EXCHANGE_LAST;;1;1;XEUR;72060570450264144;693;
04.12.2024;15:37:45.163;FEXD SI 20251219 CS;SIMPLE_INSTRUMENT;BLOCK;EUR;29;158.70000000;750;PRC_DECOMP_MEMBER;;;;XEUR;1548120;693;MEMBER
04.12.2024;15:37:45.163;FEXD SI 20261218 CS;SIMPLE_INSTRUMENT;BLOCK;EUR;29;151.40000000;750;PRC_DECOMP_MEMBER;;;;XEUR;2163053;693;MEMBER
04.12.2024;15:45:48.666;FEXD SI 20251219 CS;SIMPLE_INSTRUMENT;BLOCK;EUR;30;158.70000000;250;EXCHANGE_LAST;;1;1;XEUR;1548120;693;
04.12.2024;16:43:16.402;FEXD.S.DEC25.DEC26.SPD;FUTURES_SPREAD;BLOCK;EUR;41;7.30000000;1000;EXCHANGE_LAST;;1;1;XEUR;72060570450264144;693;
04.12.2024;16:43:16.402;FEXD SI 20251219 CS;SIMPLE_INSTRUMENT;BLOCK;EUR;41;158.60000000;1000;PRC_DECOMP_MEMBER;;;;XEUR;1548120;693;MEMBER
04.12.2024;16:43:16.402;FEXD SI 20261218 CS;SIMPLE_INSTRUMENT;BLOCK;EUR;41;151.30000000;1000;PRC_DECOMP_MEMBER;;;;XEUR;2163053;693;MEMBER
04.12.2024;16:44:46.722;FEXF SI 20241220 CS;SIMPLE_INSTRUMENT;EFP_IDX;EUR;44;2666.00000000;160;EXCHANGE_LAST;;1;1;XEUR;10839550;694;
04.12.2024;17:02:57.569;FFOX SI 20241220 CS;SIMPLE_INSTRUMENT;BLOCK;EUR;16;4417.90000000;225;EXCHANGE_LAST;;1;1;XEUR;10839549;695;
04.12.2024;07:33:57.713;FGBL.S.DEC24.MAR25.SPD;FUTURES_SPREAD;BLOCK;EUR;1;-1.68000000;2000;EXCHANGE_LAST;;1;1;XEUR;72060548975427674;688;
04.12.2024;07:33:57.713;FGBL SI 20250306 PS;SIMPLE_INSTRUMENT;BLOCK;EUR;1;136.63000000;2000;PRC_DECOMP_EXCHANGE;;;;XEUR;11286679;688;EXCHANGE
04.12.2024;07:33:57.713;FGBL SI 20241206 PS;SIMPLE_INSTRUMENT;BLOCK;EUR;1;134.95000000;2000;PRC_DECOMP_EXCHANGE;;;;XEUR;10804524;688;EXCHANGE
04.12.2024;07:58:04.356;FGBL SI 20250306 PS;SIMPLE_INSTRUMENT;EFS;EUR;2;136.62000000;216;EXCHANGE_LAST;;1;1;XEUR;11286679;688;
04.12.2024;08:07:52.306;FGBL SI 20250306 PS;SIMPLE_INSTRUMENT;EFS;EUR;3;136.59000000;545;EXCHANGE_LAST;;1;1;XEUR;11286679;688;
04.12.2024;08:12:31.328;FGBL SI 20250306 PS;SIMPLE_INSTRUMENT;EFS;EUR;4;136.59000000;454;EXCHANGE_LAST;;1;1;XEUR;11286679;688;
04.12.2024;08:12:25.187;FGBL SI 20241206 PS;SIMPLE_INSTRUMENT;EFS;EUR;5;134.90000000;215;EXCHANGE_LAST;;1;1;XEUR;10804524;688;
04.12.2024;08:12:59.199;FGBL.S.DEC24.MAR25.SPD;FUTURES_SPREAD;BLOCK;EUR;6;-1.68000000;2083;EXCHANGE_LAST;;1;1;XEUR;72060548975427674;688;
04.12.2024;08:12:59.199;FGBL SI 20241206 PS;SIMPLE_INSTRUMENT;BLOCK;EUR;6;134.92000000;2083;PRC_DECOMP_EXCHANGE;;;;XEUR;10804524;688;EXCHANGE
04.12.2024;08:12:59.199;FGBL SI 20250306 PS;SIMPLE_INSTRUMENT;BLOCK;EUR;6;136.60000000;2083;PRC_DECOMP_EXCHANGE;;;;XEUR;11286679;688;EXCHANGE
04.12.2024;08:13:09.225;FGBL SI 20241206 PS;SIMPLE_INSTRUMENT;EFS;EUR;7;134.90000000;215;EXCHANGE_LAST;;1;1;XEUR;10804524;688;
04.12.2024;08:15:04.947;FGBL SI 20241206 PS;SIMPLE_INSTRUMENT;EFS;EUR;8;134.88000000;215;EXCHANGE_LAST;;1;1;XEUR;10804524;688;
04.12.2024;08:15:15.920;FGBL SI 20250306 PS;SIMPLE_INSTRUMENT;EFS;EUR;9;136.59000000;454;EXCHANGE_LAST;;1;1;XEUR;11286679;688;
04.12.2024;08:15:23.859;FGBL SI 20241206 PS;SIMPLE_INSTRUMENT;EFS;EUR;10;134.88000000;215;EXCHANGE_LAST;;1;1;XEUR;10804524;688;
04.12.2024;08:16:04.736;FGBL SI 20241206 PS;SIMPLE_INSTRUMENT;EFS;EUR;11;134.88000000;862;EXCHANGE_LAST;;1;1;XEUR;10804524;688;
04.12.2024;08:16:32.958;FGBL SI 20241206 PS;SIMPLE_INSTRUMENT;EFS;EUR;12;134.93000000;215;EXCHANGE_LAST;;1;1;XEUR;10804524;688;
04.12.2024;08:17:36.467;FGBL SI 20241206 PS;SIMPLE_INSTRUMENT;EFS;EUR;13;134.93000000;215;EXCHANGE_LAST;;1;1;XEUR;10804524;688;
04.12.2024;08:17:40.485;FGBL SI 20250306 PS;SIMPLE_INSTRUMENT;EFS;EUR;14;136.60000000;216;EXCHANGE_LAST;;1;1;XEUR;11286679;688;
04.12.2024;08:19:21.744;FGBL SI 20250306 PS;SIMPLE_INSTRUMENT;EFS;EUR;15;136.56000000;545;EXCHANGE_LAST;;1;1;XEUR;11286679;688;
04.12.2024;08:33:55.061;FGBL SI 20250306 PS;SIMPLE_INSTRUMENT;EFS;EUR;16;136.66000000;165;EXCHANGE_LAST;;1;1;XEUR;11286679;688;
04.12.2024;08:47:51.598;FGBL SI 20250306 PS;SIMPLE_INSTRUMENT;EFS;EUR;19;136.65000000;434;EXCHANGE_LAST;;1;1;XEUR;11286679;688;
04.12.2024;08:58:40.614;FGBL SI 20250306 PS;SIMPLE_INSTRUMENT;EFS;EUR;20;136.68000000;433;EXCHANGE_LAST;;1;1;XEUR;11286679;688;
04.12.2024;09:07:11.370;FGBL SI 20250306 PS;SIMPLE_INSTRUMENT;EFS;EUR;21;136.68000000;640;EXCHANGE_LAST;;1;1;XEUR;11286679;688;
04.12.2024;09:16:17.561;FGBL SI 20250306 PS;SIMPLE_INSTRUMENT;EFP_FIN;EUR;22;136.68000000;839;EXCHANGE_LAST;;1;1;XEUR;11286679;688;
04.12.2024;09:20:00.613;FGBL SI 20241206 PS;SIMPLE_INSTRUMENT;EFS;EUR;23;134.91000000;431;EXCHANGE_LAST;;1;1;XEUR;10804524;688;
04.12.2024;09:20:45.695;FGBL SI 20250306 PS;SIMPLE_INSTRUMENT;EFP_FIN;EUR;24;136.67000000;666;EXCHANGE_LAST;;1;1;XEUR;11286679;688;
04.12.2024;09:21:19.686;FGBL SI 20241206 PS;SIMPLE_INSTRUMENT;EFS;EUR;25;134.96000000;431;EXCHANGE_LAST;;1;1;XEUR;10804524;688;
04.12.2024;09:21:25.497;FGBL SI 20241206 PS;SIMPLE_INSTRUMENT;EFS;EUR;26;135.00000000;1354;EXCHANGE_LAST;;1;1;XEUR;10804524;688;
04.12.2024;09:21:37.816;FGBL SI 20250306 PS;SIMPLE_INSTRUMENT;EFS;EUR;27;136.67000000;363;EXCHANGE_LAST;;1;1;XEUR;11286679;688;
04.12.2024;09:21:35.705;FGBL SI 20241206 PS;SIMPLE_INSTRUMENT;EFS;EUR;28;134.91000000;215;EXCHANGE_LAST;;1;1;XEUR;10804524;688;
04.12.2024;09:22:17.368;FGBL SI 20250306 PS;SIMPLE_INSTRUMENT;EFS;EUR;29;136.64000000;1287;EXCHANGE_LAST;;1;1;XEUR;11286679;688;
04.12.2024;09:22:39.528;FGBL SI 20250306 PS;SIMPLE_INSTRUMENT;EFS;EUR;30;136.71000000;434;EXCHANGE_LAST;;1;1;XEUR;11286679;688;
04.12.2024;09:24:52.050;FGBL SI 20250306 PS;SIMPLE_INSTRUMENT;EFS;EUR;31;136.65000000;350;EXCHANGE_LAST;;1;1;XEUR;11286679;688;
04.12.2024;09:25:35.922;FGBL SI 20241206 PS;SIMPLE_INSTRUMENT;EFS;EUR;32;134.97000000;431;EXCHANGE_LAST;;1;1;XEUR;10804524;688;
04.12.2024;09:26:05.816;FGBL SI 20250306 PS;SIMPLE_INSTRUMENT;EFS;EUR;33;136.64000000;227;EXCHANGE_LAST;;1;1;XEUR;11286679;688;
04.12.2024;09:27:41.182;FGBL SI 20250306 PS;SIMPLE_INSTRUMENT;EFP_FIN;EUR;34;136.68000000;1486;EXCHANGE_LAST;;1;1;XEUR;11286679;688;
04.12.2024;09:30:01.158;FGBL SI 20241206 PS;SIMPLE_INSTRUMENT;EFS;EUR;35;134.98000000;300;EXCHANGE_LAST;;1;1;XEUR;10804524;688;
04.12.2024;09:37:05.298;FGBL SI 20250306 PS;SIMPLE_INSTRUMENT;BLOCK;EUR;36;136.61000000;2820;EXCHANGE_LAST;;1;1;XEUR;11286679;688;
04.12.2024;09:38:58.922;FGBL SI 20250306 PS;SIMPLE_INSTRUMENT;EFS;EUR;37;136.66000000;260;EXCHANGE_LAST;;1;1;XEUR;11286679;688;
04.12.2024;09:39:35.704;FGBL SI 20250306 PS;SIMPLE_INSTRUMENT;EFS;EUR;38;136.65000000;216;EXCHANGE_LAST;;1;1;XEUR;11286679;688;
04.12.2024;09:44:19.724;FGBL SI 20241206 PS;SIMPLE_INSTRUMENT;EFS;EUR;39;134.95000000;215;EXCHANGE_LAST;;1;1;XEUR;10804524;688;
04.12.2024;09:47:50.764;FGBL SI 20250306 PS;SIMPLE_INSTRUMENT;EFS;EUR;40;136.65000000;217;EXCHANGE_LAST;;1;1;XEUR;11286679;688;
04.12.2024;09:50:33.130;FGBL SI 20241206 PS;SIMPLE_INSTRUMENT;EFS;EUR;41;135.00000000;431;EXCHANGE_LAST;;1;1;XEUR;10804524;688;
04.12.2024;09:51:12.552;FGBL SI 20241206 PS;SIMPLE_INSTRUMENT;EFS;EUR;42;134.97000000;239;EXCHANGE_LAST;;1;1;XEUR;10804524;688;
04.12.2024;09:51:51.815;FGBL SI 20241206 PS;SIMPLE_INSTRUMENT;EFS;EUR;43;135.01000000;430;EXCHANGE_LAST;;1;1;XEUR;10804524;688;
04.12.2024;09:55:28.192;FGBL.S.DEC24.MAR25.SPD;FUTURES_SPREAD;BLOCK;EUR;44;-1.68000000;2000;EXCHANGE_LAST;;1;1;XEUR;72060548975427674;688;
04.12.2024;09:55:28.192;FGBL SI 20250306 PS;SIMPLE_INSTRUMENT;BLOCK;EUR;44;136.63000000;2000;PRC_DECOMP_EXCHANGE;;;;XEUR;11286679;688;EXCHANGE
04.12.2024;09:55:28.192;FGBL SI 20241206 PS;SIMPLE_INSTRUMENT;BLOCK;EUR;44;134.95000000;2000;PRC_DECOMP_EXCHANGE;;;;XEUR;10804524;688;EXCHANGE
04.12.2024;10:05:32.215;FGBL SI 20241206 PS;SIMPLE_INSTRUMENT;EFP_FIN;EUR;45;134.97000000;101;EXCHANGE_LAST;;1;1;XEUR;10804524;688;
04.12.2024;10:11:37.380;FGBL SI 20241206 PS;SIMPLE_INSTRUMENT;EFS;EUR;46;134.85000000;150;EXCHANGE_LAST;;1;1;XEUR;10804524;688;
04.12.2024;10:18:45.482;FGBL SI 20241206 PS;SIMPLE_INSTRUMENT;EFS;EUR;47;134.90000000;431;EXCHANGE_LAST;;1;1;XEUR;10804524;688;
04.12.2024;10:18:55.494;FGBL SI 20241206 PS;SIMPLE_INSTRUMENT;EFS;EUR;48;134.88000000;431;EXCHANGE_LAST;;1;1;XEUR;10804524;688;
04.12.2024;10:22:03.096;FGBL SI 20250306 PS;SIMPLE_INSTRUMENT;EFS;EUR;49;136.53000000;300;EXCHANGE_LAST;;1;1;XEUR;11286679;688;
04.12.2024;10:23:42.770;FGBL SI 20241206 PS;SIMPLE_INSTRUMENT;EFS;EUR;50;134.98000000;676;EXCHANGE_LAST;;1;1;XEUR;10804524;688;
04.12.2024;10:24:43.643;FGBL SI 20241206 PS;SIMPLE_INSTRUMENT;EFP_FIN;EUR;51;134.87000000;82;EXCHANGE_LAST;;1;1;XEUR;10804524;688;
04.12.2024;10:24:59.192;FGBL SI 20250306 PS;SIMPLE_INSTRUMENT;EFS;EUR;52;136.66000000;647;EXCHANGE_LAST;;1;1;XEUR;11286679;688;
04.12.2024;10:26:11.688;FGBL SI 20250306 PS;SIMPLE_INSTRUMENT;EFS;EUR;53;136.57000000;227;EXCHANGE_LAST;;1;1;XEUR;11286679;688;
04.12.2024;10:27:42.513;FGBL SI 20241206 PS;SIMPLE_INSTRUMENT;EFS;EUR;54;134.87000000;431;EXCHANGE_LAST;;1;1;XEUR;10804524;688;
04.12.2024;10:28:31.539;FGBL SI 20241206 PS;SIMPLE_INSTRUMENT;EFS;EUR;55;134.87000000;478;EXCHANGE_LAST;;1;1;XEUR;10804524;688;
04.12.2024;10:28:34.057;FGBL SI 20241206 PS;SIMPLE_INSTRUMENT;EFS;EUR;56;134.88000000;258;EXCHANGE_LAST;;1;1;XEUR;10804524;688;
04.12.2024;10:29:54.956;FGBL SI 20250306 PS;SIMPLE_INSTRUMENT;EFS;EUR;57;136.56000000;455;EXCHANGE_LAST;;1;1;XEUR;11286679;688;
04.12.2024;10:30:27.073;FGBL SI 20241206 PS;SIMPLE_INSTRUMENT;EFS;EUR;58;134.86000000;431;EXCHANGE_LAST;;1;1;XEUR;10804524;688;
04.12.2024;10:30:58.526;FGBL SI 20241206 PS;SIMPLE_INSTRUMENT;EFP_FIN;EUR;59;134.87000000;775;EXCHANGE_LAST;;1;1;XEUR;10804524;688;
04.12.2024;10:31:52.144;FGBL SI 20241206 PS;SIMPLE_INSTRUMENT;EFS;EUR;60;134.90000000;431;EXCHANGE_LAST;;1;1;XEUR;10804524;688;
04.12.2024;10:32:07.162;FGBL SI 20241206 PS;SIMPLE_INSTRUMENT;EFS;EUR;61;134.92000000;431;EXCHANGE_LAST;;1;1;XEUR;10804524;688;
04.12.2024;10:33:07.228;FGBL SI 20241206 PS;SIMPLE_INSTRUMENT;EFS;EUR;62;134.92000000;431;EXCHANGE_LAST;;1;1;XEUR;10804524;688;
04.12.2024;10:33:52.334;FGBL SI 20241206 PS;SIMPLE_INSTRUMENT;EFS;EUR;63;134.92000000;862;EXCHANGE_LAST;;1;1;XEUR;10804524;688;
04.12.2024;10:34:32.313;FGBL SI 20241206 PS;SIMPLE_INSTRUMENT;EFS;EUR;64;134.91000000;431;EXCHANGE_LAST;;1;1;XEUR;10804524;688;
04.12.2024;10:35:27.371;FGBL SI 20241206 PS;SIMPLE_INSTRUMENT;EFS;EUR;65;134.93000000;431;EXCHANGE_LAST;;1;1;XEUR;10804524;688;
04.12.2024;10:36:58.910;FGBL SI 20250306 PS;SIMPLE_INSTRUMENT;EFP_FIN;EUR;66;136.54000000;643;EXCHANGE_LAST;;1;1;XEUR;11286679;688;
04.12.2024;10:38:19.899;FGBL SI 20241206 PS;SIMPLE_INSTRUMENT;EFP_FIN;EUR;67;134.89000000;84;EXCHANGE_LAST;;1;1;XEUR;10804524;688;
04.12.2024;10:39:04.349;FGBL SI 20241206 PS;SIMPLE_INSTRUMENT;EFP_FIN;EUR;69;134.89000000;1162;EXCHANGE_LAST;;1;1;XEUR;10804524;688;
04.12.2024;10:41:37.200;FGBL SI 20241206 PS;SIMPLE_INSTRUMENT;EFP_FIN;EUR;70;134.92000000;1937;EXCHANGE_LAST;;1;1;XEUR;10804524;688;
04.12.2024;10:44:57.211;FGBL SI 20241206 PS;SIMPLE_INSTRUMENT;EFS;EUR;71;134.89000000;646;EXCHANGE_LAST;;1;1;XEUR;10804524;688;
04.12.2024;10:58:21.965;FGBL SI 20241206 PS;SIMPLE_INSTRUMENT;EFP_FIN;EUR;72;134.89000000;427;EXCHANGE_LAST;;1;1;XEUR;10804524;688;
04.12.2024;11:01:44.700;FGBL SI 20241206 PS;SIMPLE_INSTRUMENT;EFS;EUR;73;134.83000000;431;EXCHANGE_LAST;;1;1;XEUR;10804524;688;
04.12.2024;11:05:54.916;FGBL SI 20241206 PS;SIMPLE_INSTRUMENT;EFS;EUR;74;134.82000000;431;EXCHANGE_LAST;;1;1;XEUR;10804524;688;
04.12.2024;11:11:55.238;FGBL SI 20241206 PS;SIMPLE_INSTRUMENT;EFS;EUR;75;134.85000000;431;EXCHANGE_LAST;;1;1;XEUR;10804524;688;
04.12.2024;11:12:36.091;FGBL SI 20250306 PS;SIMPLE_INSTRUMENT;EFS;EUR;76;136.54000000;318;EXCHANGE_LAST;;1;1;XEUR;11286679;688;
04.12.2024;11:17:00.536;FGBL SI 20241206 PS;SIMPLE_INSTRUMENT;EFP_FIN;EUR;77;134.77000000;775;EXCHANGE_LAST;;1;1;XEUR;10804524;688;
04.12.2024;11:19:23.466;FGBL SI 20250306 PS;SIMPLE_INSTRUMENT;EFS;EUR;78;136.49000000;217;EXCHANGE_LAST;;1;1;XEUR;11286679;688;
04.12.2024;11:24:09.665;FGBL SI 20241206 PS;SIMPLE_INSTRUMENT;EFP_FIN;EUR;79;134.84000000;312;EXCHANGE_LAST;;1;1;XEUR;10804524;688;
04.12.2024;11:25:05.070;FGBL SI 20250306 PS;SIMPLE_INSTRUMENT;EFP_FIN;EUR;80;136.48000000;74;EXCHANGE_LAST;;1;1;XEUR;11286679;688;
04.12.2024;11:29:03.829;FGBL SI 20241206 PS;SIMPLE_INSTRUMENT;EFP_FIN;EUR;81;134.80000000;387;EXCHANGE_LAST;;1;1;XEUR;10804524;688;
04.12.2024;11:33:47.887;FGBL SI 20241206 PS;SIMPLE_INSTRUMENT;EFP_FIN;EUR;82;134.77000000;775;EXCHANGE_LAST;;1;1;XEUR;10804524;688;
04.12.2024;11:39:21.126;FGBL SI 20241206 PS;SIMPLE_INSTRUMENT;EFP_FIN;EUR;83;134.80000000;387;EXCHANGE_LAST;;1;1;XEUR;10804524;688;
04.12.2024;11:39:50.020;FGBL SI 20241206 PS;SIMPLE_INSTRUMENT;EFP_FIN;EUR;84;134.80000000;774;EXCHANGE_LAST;;1;1;XEUR;10804524;688;
04.12.2024;11:47:18.413;FGBL SI 20241206 PS;SIMPLE_INSTRUMENT;EFP_FIN;EUR;85;134.84000000;1550;EXCHANGE_LAST;;1;1;XEUR;10804524;688;
04.12.2024;11:48:11.790;FGBL.S.DEC24.MAR25.SPD;FUTURES_SPREAD;BLOCK;EUR;86;-1.68000000;2399;EXCHANGE_LAST;;1;1;XEUR;72060548975427674;688;
04.12.2024;11:48:11.790;FGBL SI 20250306 PS;SIMPLE_INSTRUMENT;BLOCK;EUR;86;136.51000000;2399;PRC_DECOMP_EXCHANGE;;;;XEUR;11286679;688;EXCHANGE
04.12.2024;11:48:11.790;FGBL SI 20241206 PS;SIMPLE_INSTRUMENT;BLOCK;EUR;86;134.83000000;2399;PRC_DECOMP_EXCHANGE;;;;XEUR;10804524;688;EXCHANGE
04.12.2024;11:56:37.597;FGBL SI 20241206 PS;SIMPLE_INSTRUMENT;EFS;EUR;87;134.84000000;431;EXCHANGE_LAST;;1;1;XEUR;10804524;688;
04.12.2024;12:09:13.735;FGBL SI 20241206 PS;SIMPLE_INSTRUMENT;EFS;EUR;89;134.84000000;431;EXCHANGE_LAST;;1;1;XEUR;10804524;688;
04.12.2024;12:11:09.914;FGBL SI 20250306 PS;SIMPLE_INSTRUMENT;EFP_FIN;EUR;90;136.50000000;186;EXCHANGE_LAST;;1;1;XEUR;11286679;688;
04.12.2024;12:11:30.442;FGBL SI 20250306 PS;SIMPLE_INSTRUMENT;EFS;EUR;91;136.49000000;318;EXCHANGE_LAST;;1;1;XEUR;11286679;688;
04.12.2024;12:15:18.853;FGBL SI 20241206 PS;SIMPLE_INSTRUMENT;EFP_FIN;EUR;92;134.85000000;369;EXCHANGE_LAST;;1;1;XEUR;10804524;688;
04.12.2024;12:18:33.014;FGBL SI 20250306 PS;SIMPLE_INSTRUMENT;EFP_FIN;EUR;93;136.51000000;446;EXCHANGE_LAST;;1;1;XEUR;11286679;688;
04.12.2024;12:16:34.902;FGBL SI 20241206 PS;SIMPLE_INSTRUMENT;EFS;EUR;94;134.83000000;431;EXCHANGE_LAST;;1;1;XEUR;10804524;688;
04.12.2024;12:16:52.787;FGBL SI 20241206 PS;SIMPLE_INSTRUMENT;EFP_FIN;EUR;95;134.84000000;81;EXCHANGE_LAST;;1;1;XEUR;10804524;688;
04.12.2024;12:17:37.994;FGBL SI 20250306 PS;SIMPLE_INSTRUMENT;EFP_FIN;EUR;96;136.51000000;520;EXCHANGE_LAST;;1;1;XEUR;11286679;688;
04.12.2024;12:17:52.934;FGBL SI 20241206 PS;SIMPLE_INSTRUMENT;EFS;EUR;97;134.83000000;215;EXCHANGE_LAST;;1;1;XEUR;10804524;688;
04.12.2024;12:18:27.818;FGBL SI 20250306 PS;SIMPLE_INSTRUMENT;EFP_FIN;EUR;99;136.51000000;74;EXCHANGE_LAST;;1;1;XEUR;11286679;688;
04.12.2024;12:18:47.534;FGBL SI 20241206 PS;SIMPLE_INSTRUMENT;EFS;EUR;100;134.84000000;431;EXCHANGE_LAST;;1;1;XEUR;10804524;688;
04.12.2024;12:23:47.664;FGBL SI 20241206 PS;SIMPLE_INSTRUMENT;EFS;EUR;101;134.84000000;215;EXCHANGE_LAST;;1;1;XEUR;10804524;688;
04.12.2024;12:26:26.814;FGBL SI 20250306 PS;SIMPLE_INSTRUMENT;EFS;EUR;102;136.49000000;867;EXCHANGE_LAST;;1;1;XEUR;11286679;688;
04.12.2024;12:42:54.523;FGBL SI 20241206 PS;SIMPLE_INSTRUMENT;EFS;EUR;103;134.82000000;431;EXCHANGE_LAST;;1;1;XEUR;10804524;688;
04.12.2024;12:29:37.772;FGBL SI 20250306 PS;SIMPLE_INSTRUMENT;EFP_FIN;EUR;104;136.52000000;446;EXCHANGE_LAST;;1;1;XEUR;11286679;688;
04.12.2024;12:34:03.428;FGBL SI 20241206 PS;SIMPLE_INSTRUMENT;EFS;EUR;105;134.83000000;431;EXCHANGE_LAST;;1;1;XEUR;10804524;688;
04.12.2024;12:35:38.513;FGBL SI 20241206 PS;SIMPLE_INSTRUMENT;EFS;EUR;106;134.83000000;215;EXCHANGE_LAST;;1;1;XEUR;10804524;688;
04.12.2024;12:37:26.466;FGBL SI 20241206 PS;SIMPLE_INSTRUMENT;EFP_FIN;EUR;107;134.89000000;287;EXCHANGE_LAST;;1;1;XEUR;10804524;688;
04.12.2024;12:38:08.637;FGBL SI 20241206 PS;SIMPLE_INSTRUMENT;EFS;EUR;108;134.83000000;431;EXCHANGE_LAST;;1;1;XEUR;10804524;688;
04.12.2024;12:38:13.644;FGBL SI 20241206 PS;SIMPLE_INSTRUMENT;EFS;EUR;109;134.83000000;431;EXCHANGE_LAST;;1;1;XEUR;10804524;688;
04.12.2024;12:44:44.995;FGBL SI 20241206 PS;SIMPLE_INSTRUMENT;EFS;EUR;110;134.77000000;431;EXCHANGE_LAST;;1;1;XEUR;10804524;688;
04.12.2024;12:51:20.419;FGBL SI 20250306 PS;SIMPLE_INSTRUMENT;EFS;EUR;111;136.44000000;867;EXCHANGE_LAST;;1;1;XEUR;11286679;688;
04.12.2024;12:51:50.366;FGBL SI 20241206 PS;SIMPLE_INSTRUMENT;EFS;EUR;112;134.74000000;431;EXCHANGE_LAST;;1;1;XEUR;10804524;688;
04.12.2024;12:58:05.427;FGBL SI 20241206 PS;SIMPLE_INSTRUMENT;EFS;EUR;113;134.72000000;431;EXCHANGE_LAST;;1;1;XEUR;10804524;688;
04.12.2024;12:59:17.150;FGBL SI 20241206 PS;SIMPLE_INSTRUMENT;EFS;EUR;114;134.71000000;431;EXCHANGE_LAST;;1;1;XEUR;10804524;688;
04.12.2024;13:00:10.803;FGBL SI 20241206 PS;SIMPLE_INSTRUMENT;EFS;EUR;115;134.71000000;215;EXCHANGE_LAST;;1;1;XEUR;10804524;688;
04.12.2024;13:01:36.179;FGBL SI 20241206 PS;SIMPLE_INSTRUMENT;EFS;EUR;116;134.70000000;368;EXCHANGE_LAST;;1;1;XEUR;10804524;688;
04.12.2024;13:02:25.358;FGBL SI 20241206 PS;SIMPLE_INSTRUMENT;EFS;EUR;117;134.69000000;613;EXCHANGE_LAST;;1;1;XEUR;10804524;688;
04.12.2024;13:03:42.463;FGBL SI 20241206 PS;SIMPLE_INSTRUMENT;EFS;EUR;118;134.68000000;69;EXCHANGE_LAST;;1;1;XEUR;10804524;688;
04.12.2024;13:05:01.804;FGBL SI 20241206 PS;SIMPLE_INSTRUMENT;EFS;EUR;119;134.66000000;300;EXCHANGE_LAST;;1;1;XEUR;10804524;688;
04.12.2024;13:08:34.476;FGBL SI 20241206 PS;SIMPLE_INSTRUMENT;EFP_FIN;EUR;120;134.71000000;728;EXCHANGE_LAST;;1;1;XEUR;10804524;688;
04.12.2024;13:14:30.011;FGBL SI 20250306 PS;SIMPLE_INSTRUMENT;EFP_FIN;EUR;121;136.37000000;650;EXCHANGE_LAST;;1;1;XEUR;11286679;688;
04.12.2024;13:14:33.837;FGBL SI 20250306 PS;SIMPLE_INSTRUMENT;EFS;EUR;122;136.46000000;455;EXCHANGE_LAST;;1;1;XEUR;11286679;688;
04.12.2024;13:14:47.539;FGBL SI 20241206 PS;SIMPLE_INSTRUMENT;EFS;EUR;123;134.72000000;431;EXCHANGE_LAST;;1;1;XEUR;10804524;688;
04.12.2024;13:15:02.555;FGBL SI 20241206 PS;SIMPLE_INSTRUMENT;EFS;EUR;124;134.72000000;431;EXCHANGE_LAST;;1;1;XEUR;10804524;688;
04.12.2024;13:16:02.616;FGBL SI 20241206 PS;SIMPLE_INSTRUMENT;EFS;EUR;125;134.71000000;431;EXCHANGE_LAST;;1;1;XEUR;10804524;688;
04.12.2024;13:17:19.441;FGBL SI 20250306 PS;SIMPLE_INSTRUMENT;EFP_FIN;EUR;126;136.36000000;1486;EXCHANGE_LAST;;1;1;XEUR;11286679;688;
04.12.2024;13:19:52.195;FGBL SI 20250306 PS;SIMPLE_INSTRUMENT;EFP_FIN;EUR;127;136.40000000;3714;EXCHANGE_LAST;;1;1;XEUR;11286679;688;
04.12.2024;13:22:34.158;FGBL SI 20250306 PS;SIMPLE_INSTRUMENT;EFP_FIN;EUR;128;136.38000000;186;EXCHANGE_LAST;;1;1;XEUR;11286679;688;
04.12.2024;13:23:41.734;FGBL SI 20250306 PS;SIMPLE_INSTRUMENT;EFP_FIN;EUR;129;136.40000000;912;EXCHANGE_LAST;;1;1;XEUR;11286679;688;
04.12.2024;13:24:16.223;FGBL SI 20241206 PS;SIMPLE_INSTRUMENT;EFS;EUR;130;134.73000000;1278;EXCHANGE_LAST;;1;1;XEUR;10804524;688;
04.12.2024;13:26:56.232;FGBL SI 20250306 PS;SIMPLE_INSTRUMENT;EFP_FIN;EUR;131;136.38000000;744;EXCHANGE_LAST;;1;1;XEUR;11286679;688;
04.12.2024;13:26:23.393;FGBL SI 20250306 PS;SIMPLE_INSTRUMENT;EFP_FIN;EUR;132;136.38000000;1115;EXCHANGE_LAST;;1;1;XEUR;11286679;688;
04.12.2024;13:35:09.586;FGBL SI 20241206 PS;SIMPLE_INSTRUMENT;EFS;EUR;133;134.75000000;431;EXCHANGE_LAST;;1;1;XEUR;10804524;688;
04.12.2024;13:36:09.640;FGBL SI 20241206 PS;SIMPLE_INSTRUMENT;EFS;EUR;134;134.77000000;215;EXCHANGE_LAST;;1;1;XEUR;10804524;688;
04.12.2024;13:38:48.798;FGBL SI 20241206 PS;SIMPLE_INSTRUMENT;EFS;EUR;135;134.77000000;241;EXCHANGE_LAST;;1;1;XEUR;10804524;688;
04.12.2024;13:39:18.057;FGBL SI 20250306 PS;SIMPLE_INSTRUMENT;EFP_FIN;EUR;136;136.36000000;1486;EXCHANGE_LAST;;1;1;XEUR;11286679;688;
04.12.2024;13:43:36.304;FGBL SI 20250306 PS;SIMPLE_INSTRUMENT;EFP_FIN;EUR;137;136.44000000;1486;EXCHANGE_LAST;;1;1;XEUR;11286679;688;
04.12.2024;13:44:56.626;FGBL SI 20241206 PS;SIMPLE_INSTRUMENT;EFP_FIN;EUR;138;134.90000000;1163;EXCHANGE_LAST;;1;1;XEUR;10804524;688;
04.12.2024;13:45:24.259;FGBL SI 20241206 PS;SIMPLE_INSTRUMENT;EFP_FIN;EUR;139;134.71000000;775;EXCHANGE_LAST;;1;1;XEUR;10804524;688;
04.12.2024;13:49:00.546;FGBL SI 20250306 PS;SIMPLE_INSTRUMENT;EFS;EUR;140;136.44000000;455;EXCHANGE_LAST;;1;1;XEUR;11286679;688;
04.12.2024;13:50:19.120;FGBL SI 20241206 PS;SIMPLE_INSTRUMENT;EFS;EUR;141;134.80000000;200;EXCHANGE_LAST;;1;1;XEUR;10804524;688;
04.12.2024;13:50:41.938;FGBL SI 20250306 PS;SIMPLE_INSTRUMENT;EFS;EUR;142;136.38000000;225;EXCHANGE_LAST;;1;1;XEUR;11286679;688;
04.12.2024;13:51:16.356;FGBL SI 20241206 PS;SIMPLE_INSTRUMENT;EFS;EUR;143;134.78000000;379;EXCHANGE_LAST;;1;1;XEUR;10804524;688;
04.12.2024;13:51:51.333;FGBL SI 20250306 PS;SIMPLE_INSTRUMENT;EFP_FIN;EUR;144;136.40000000;3714;EXCHANGE_LAST;;1;1;XEUR;11286679;688;
04.12.2024;13:54:15.327;FGBL SI 20250306 PS;SIMPLE_INSTRUMENT;EFP_FIN;EUR;145;136.36000000;1486;EXCHANGE_LAST;;1;1;XEUR;11286679;688;
04.12.2024;13:56:16.800;FGBL SI 20250306 PS;SIMPLE_INSTRUMENT;EFP_FIN;EUR;146;136.40000000;2972;EXCHANGE_LAST;;1;1;XEUR;11286679;688;
04.12.2024;14:00:58.075;FGBL SI 20250306 PS;SIMPLE_INSTRUMENT;EFS;EUR;147;136.66000000;216;EXCHANGE_LAST;;1;1;XEUR;11286679;688;
04.12.2024;14:08:40.873;FGBL SI 20250306 PS;SIMPLE_INSTRUMENT;EFP_FIN;EUR;148;136.40000000;371;EXCHANGE_LAST;;1;1;XEUR;11286679;688;
04.12.2024;14:07:39.362;FGBL SI 20250306 PS;SIMPLE_INSTRUMENT;EFP_FIN;EUR;149;136.40000000;1115;EXCHANGE_LAST;;1;1;XEUR;11286679;688;
04.12.2024;14:08:27.846;FGBL SI 20250306 PS;SIMPLE_INSTRUMENT;EFP_FIN;EUR;150;136.40000000;6797;EXCHANGE_LAST;;1;1;XEUR;11286679;688;
04.12.2024;14:08:54.334;FGBL SI 20241206 PS;SIMPLE_INSTRUMENT;EFS;EUR;151;134.68000000;225;EXCHANGE_LAST;;1;1;XEUR;10804524;688;
04.12.2024;14:09:50.419;FGBL SI 20250306 PS;SIMPLE_INSTRUMENT;EFP_FIN;EUR;152;136.36000000;2228;EXCHANGE_LAST;;1;1;XEUR;11286679;688;
04.12.2024;14:09:53.530;FGBL SI 20250306 PS;SIMPLE_INSTRUMENT;EFS;EUR;153;136.35000000;214;EXCHANGE_LAST;;1;1;XEUR;11286679;688;
04.12.2024;14:09:57.389;FGBL SI 20241206 PS;SIMPLE_INSTRUMENT;EFS;EUR;154;134.77000000;431;EXCHANGE_LAST;;1;1;XEUR;10804524;688;
04.12.2024;14:12:14.250;FGBL SI 20250306 PS;SIMPLE_INSTRUMENT;EFP_FIN;EUR;155;136.34000000;1486;EXCHANGE_LAST;;1;1;XEUR;11286679;688;
04.12.2024;14:12:41.529;FGBL SI 20250306 PS;SIMPLE_INSTRUMENT;BLOCK;EUR;156;136.38000000;5606;EXCHANGE_LAST;;1;1;XEUR;11286679;688;
04.12.2024;14:15:13.581;FGBL SI 20250306 PS;SIMPLE_INSTRUMENT;EFP_FIN;EUR;157;136.41000000;743;EXCHANGE_LAST;;1;1;XEUR;11286679;688;
04.12.2024;14:18:10.565;FGBL SI 20241206 PS;SIMPLE_INSTRUMENT;EFS;EUR;158;134.84000000;431;EXCHANGE_LAST;;1;1;XEUR;10804524;688;
04.12.2024;14:21:39.219;FGBL SI 20250306 PS;SIMPLE_INSTRUMENT;EFP_FIN;EUR;159;136.43000000;260;EXCHANGE_LAST;;1;1;XEUR;11286679;688;
04.12.2024;14:22:30.548;FGBL SI 20250306 PS;SIMPLE_INSTRUMENT;EFP_FIN;EUR;160;136.41000000;197;EXCHANGE_LAST;;1;1;XEUR;11286679;688;
04.12.2024;14:23:58.242;FGBL SI 20241206 PS;SIMPLE_INSTRUMENT;EFS;EUR;161;134.70000000;545;EXCHANGE_LAST;;1;1;XEUR;10804524;688;
04.12.2024;14:25:28.713;FGBL SI 20250306 PS;SIMPLE_INSTRUMENT;EFS;EUR;162;136.38000000;517;EXCHANGE_LAST;;1;1;XEUR;11286679;688;
04.12.2024;14:26:59.864;FGBL SI 20241206 PS;SIMPLE_INSTRUMENT;EFP_FIN;EUR;163;134.81000000;256;EXCHANGE_LAST;;1;1;XEUR;10804524;688;
04.12.2024;14:27:14.739;FGBL SI 20241206 PS;SIMPLE_INSTRUMENT;EFP_FIN;EUR;164;134.81000000;140;EXCHANGE_LAST;;1;1;XEUR;10804524;688;
04.12.2024;14:28:58.143;FGBL SI 20250306 PS;SIMPLE_INSTRUMENT;EFS;EUR;165;136.37000000;455;EXCHANGE_LAST;;1;1;XEUR;11286679;688;
04.12.2024;14:29:27.146;FGBL SI 20250306 PS;SIMPLE_INSTRUMENT;EFS;EUR;166;136.37000000;455;EXCHANGE_LAST;;1;1;XEUR;11286679;688;
04.12.2024;14:34:49.183;FGBL SI 20250306 PS;SIMPLE_INSTRUMENT;EFS;EUR;167;136.48000000;182;EXCHANGE_LAST;;1;1;XEUR;11286679;688;
04.12.2024;14:37:30.737;FGBL SI 20241206 PS;SIMPLE_INSTRUMENT;EFS;EUR;168;134.84000000;300;EXCHANGE_LAST;;1;1;XEUR;10804524;688;
04.12.2024;14:38:27.660;FGBL SI 20241206 PS;SIMPLE_INSTRUMENT;EFP_FIN;EUR;169;134.81000000;1281;EXCHANGE_LAST;;1;1;XEUR;10804524;688;
04.12.2024;14:42:30.990;FGBL SI 20241206 PS;SIMPLE_INSTRUMENT;EFS;EUR;170;134.86000000;431;EXCHANGE_LAST;;1;1;XEUR;10804524;688;
04.12.2024;14:43:41.108;FGBL SI 20241206 PS;SIMPLE_INSTRUMENT;EFS;EUR;171;134.89000000;861;EXCHANGE_LAST;;1;1;XEUR;10804524;688;
04.12.2024;14:45:01.129;FGBL SI 20241206 PS;SIMPLE_INSTRUMENT;EFS;EUR;172;134.86000000;431;EXCHANGE_LAST;;1;1;XEUR;10804524;688;
04.12.2024;14:45:51.224;FGBL SI 20241206 PS;SIMPLE_INSTRUMENT;EFS;EUR;173;134.84000000;431;EXCHANGE_LAST;;1;1;XEUR;10804524;688;
04.12.2024;14:46:25.582;FGBL SI 20250306 PS;SIMPLE_INSTRUMENT;EFS;EUR;174;136.51000000;650;EXCHANGE_LAST;;1;1;XEUR;11286679;688;
04.12.2024;14:46:46.226;FGBL SI 20241206 PS;SIMPLE_INSTRUMENT;EFS;EUR;175;134.87000000;431;EXCHANGE_LAST;;1;1;XEUR;10804524;688;
04.12.2024;14:50:05.238;FGBL SI 20241206 PS;SIMPLE_INSTRUMENT;EFS;EUR;176;134.87000000;431;EXCHANGE_LAST;;1;1;XEUR;10804524;688;
04.12.2024;14:51:03.479;FGBL SI 20241206 PS;SIMPLE_INSTRUMENT;EFS;EUR;177;134.87000000;215;EXCHANGE_LAST;;1;1;XEUR;10804524;688;
04.12.2024;14:52:17.567;FGBL SI 20241206 PS;SIMPLE_INSTRUMENT;EFS;EUR;178;134.87000000;861;EXCHANGE_LAST;;1;1;XEUR;10804524;688;
04.12.2024;14:53:47.556;FGBL SI 20250306 PS;SIMPLE_INSTRUMENT;EFS;EUR;179;136.48000000;1282;EXCHANGE_LAST;;1;1;XEUR;11286679;688;
04.12.2024;14:54:08.041;FGBL SI 20241206 PS;SIMPLE_INSTRUMENT;EFS;EUR;180;134.88000000;613;EXCHANGE_LAST;;1;1;XEUR;10804524;688;
04.12.2024;14:55:20.116;FGBL SI 20250306 PS;SIMPLE_INSTRUMENT;EFS;EUR;181;136.50000000;217;EXCHANGE_LAST;;1;1;XEUR;11286679;688;
04.12.2024;15:03:38.484;FGBL SI 20241206 PS;SIMPLE_INSTRUMENT;EFS;EUR;182;134.82000000;238;EXCHANGE_LAST;;1;1;XEUR;10804524;688;
04.12.2024;15:03:08.482;FGBL SI 20250306 PS;SIMPLE_INSTRUMENT;EFS;EUR;183;136.47000000;226;EXCHANGE_LAST;;1;1;XEUR;11286679;688;
04.12.2024;15:03:35.205;FGBL SI 20241206 PS;SIMPLE_INSTRUMENT;EFS;EUR;184;134.88000000;500;EXCHANGE_LAST;;1;1;XEUR;10804524;688;
04.12.2024;15:14:58.678;FGBL SI 20241206 PS;SIMPLE_INSTRUMENT;EFS;EUR;185;134.89000000;431;EXCHANGE_LAST;;1;1;XEUR;10804524;688;
04.12.2024;15:18:08.115;FGBL SI 20250306 PS;SIMPLE_INSTRUMENT;EFS;EUR;186;136.54000000;216;EXCHANGE_LAST;;1;1;XEUR;11286679;688;
04.12.2024;15:21:46.051;FGBL SI 20241206 PS;SIMPLE_INSTRUMENT;EFP_FIN;EUR;187;134.90000000;310;EXCHANGE_LAST;;1;1;XEUR;10804524;688;
04.12.2024;15:27:03.872;FGBL SI 20250306 PS;SIMPLE_INSTRUMENT;EFP_FIN;EUR;188;136.52000000;260;EXCHANGE_LAST;;1;1;XEUR;11286679;688;
04.12.2024;15:28:57.700;FGBL SI 20250306 PS;SIMPLE_INSTRUMENT;EFS;EUR;189;136.52000000;455;EXCHANGE_LAST;;1;1;XEUR;11286679;688;
04.12.2024;15:30:30.776;FGBL SI 20250306 PS;SIMPLE_INSTRUMENT;EFP_FIN;EUR;190;136.50000000;1991;EXCHANGE_LAST;;1;1;XEUR;11286679;688;
04.12.2024;15:37:26.040;FGBL SI 20241206 PS;SIMPLE_INSTRUMENT;EFS;EUR;191;134.90000000;430;EXCHANGE_LAST;;1;1;XEUR;10804524;688;
04.12.2024;15:37:55.127;FGBL SI 20250306 PS;SIMPLE_INSTRUMENT;EFP_FIN;EUR;192;136.54000000;312;EXCHANGE_LAST;;1;1;XEUR;11286679;688;
04.12.2024;15:43:06.097;FGBL SI 20241206 PS;SIMPLE_INSTRUMENT;EFS;EUR;193;134.94000000;431;EXCHANGE_LAST;;1;1;XEUR;10804524;688;
04.12.2024;15:44:21.172;FGBL SI 20241206 PS;SIMPLE_INSTRUMENT;EFS;EUR;194;134.95000000;431;EXCHANGE_LAST;;1;1;XEUR;10804524;688;
04.12.2024;15:47:50.610;FGBL SI 20241206 PS;SIMPLE_INSTRUMENT;BLOCK;EUR;195;134.95000000;2243;EXCHANGE_LAST;;1;1;XEUR;10804524;688;
04.12.2024;15:47:56.362;FGBL SI 20241206 PS;SIMPLE_INSTRUMENT;EFS;EUR;196;134.96000000;431;EXCHANGE_LAST;;1;1;XEUR;10804524;688;
04.12.2024;15:48:06.374;FGBL SI 20241206 PS;SIMPLE_INSTRUMENT;EFS;EUR;197;134.95000000;431;EXCHANGE_LAST;;1;1;XEUR;10804524;688;
04.12.2024;15:48:38.407;FGBL SI 20241206 PS;SIMPLE_INSTRUMENT;EFS;EUR;198;134.97000000;431;EXCHANGE_LAST;;1;1;XEUR;10804524;688;
04.12.2024;15:50:18.836;FGBL SI 20250306 PS;SIMPLE_INSTRUMENT;EFP_FIN;EUR;199;136.58000000;929;EXCHANGE_LAST;;1;1;XEUR;11286679;688;
04.12.2024;15:52:14.331;FGBL SI 20250306 PS;SIMPLE_INSTRUMENT;EFP_FIN;EUR;200;136.58000000;743;EXCHANGE_LAST;;1;1;XEUR;11286679;688;
04.12.2024;15:56:01.237;FGBL SI 20250306 PS;SIMPLE_INSTRUMENT;EFP_FIN;EUR;201;136.59000000;888;EXCHANGE_LAST;;1;1;XEUR;11286679;688;
04.12.2024;15:57:47.878;FGBL SI 20241206 PS;SIMPLE_INSTRUMENT;EFS;EUR;202;135.02000000;430;EXCHANGE_LAST;;1;1;XEUR;10804524;688;
04.12.2024;16:03:16.656;FGBL SI 20250306 PS;SIMPLE_INSTRUMENT;EFS;EUR;203;136.55000000;182;EXCHANGE_LAST;;1;1;XEUR;11286679;688;
04.12.2024;16:11:59.261;FGBL SI 20250306 PS;SIMPLE_INSTRUMENT;EFP_FIN;EUR;204;136.56000000;115;EXCHANGE_LAST;;1;1;XEUR;11286679;688;
04.12.2024;16:06:52.058;FGBL SI 20250306 PS;SIMPLE_INSTRUMENT;EFS;EUR;205;136.65000000;100;EXCHANGE_LAST;;1;1;XEUR;11286679;688;
04.12.2024;16:09:56.452;FGBL SI 20250306 PS;SIMPLE_INSTRUMENT;EFS;EUR;206;136.65000000;900;EXCHANGE_LAST;;1;1;XEUR;11286679;688;
04.12.2024;16:20:58.743;FGBL SI 20250306 PS;SIMPLE_INSTRUMENT;EFP_FIN;EUR;207;136.64000000;198;EXCHANGE_LAST;;1;1;XEUR;11286679;688;
04.12.2024;16:28:18.328;FGBL SI 20250306 PS;SIMPLE_INSTRUMENT;EFP_FIN;EUR;209;136.58000000;743;EXCHANGE_LAST;;1;1;XEUR;11286679;688;
04.12.2024;16:30:18.477;FGBL SI 20250306 PS;SIMPLE_INSTRUMENT;EFP_FIN;EUR;210;136.75000000;79;EXCHANGE_LAST;;1;1;XEUR;11286679;688;
04.12.2024;16:32:40.915;FGBL SI 20241206 PS;SIMPLE_INSTRUMENT;EFS;EUR;211;135.19000000;860;EXCHANGE_LAST;;1;1;XEUR;10804524;688;
04.12.2024;16:32:41.917;FGBL SI 20241206 PS;SIMPLE_INSTRUMENT;EFS;EUR;212;135.19000000;215;EXCHANGE_LAST;;1;1;XEUR;10804524;688;
04.12.2024;16:32:45.922;FGBL SI 20241206 PS;SIMPLE_INSTRUMENT;EFS;EUR;213;135.14000000;215;EXCHANGE_LAST;;1;1;XEUR;10804524;688;
04.12.2024;16:32:50.928;FGBL SI 20241206 PS;SIMPLE_INSTRUMENT;EFS;EUR;214;135.16000000;215;EXCHANGE_LAST;;1;1;XEUR;10804524;688;
04.12.2024;16:35:18.297;FGBL SI 20250306 PS;SIMPLE_INSTRUMENT;EFP_FIN;EUR;215;136.81000000;510;EXCHANGE_LAST;;1;1;XEUR;11286679;688;
04.12.2024;16:35:21.666;FGBL SI 20250306 PS;SIMPLE_INSTRUMENT;EFS;EUR;216;136.80000000;108;EXCHANGE_LAST;;1;1;XEUR;11286679;688;
04.12.2024;16:35:36.128;FGBL SI 20241206 PS;SIMPLE_INSTRUMENT;EFS;EUR;217;135.22000000;215;EXCHANGE_LAST;;1;1;XEUR;10804524;688;
04.12.2024;16:37:26.984;FGBL SI 20250306 PS;SIMPLE_INSTRUMENT;EFS;EUR;218;136.78000000;431;EXCHANGE_LAST;;1;1;XEUR;11286679;688;
04.12.2024;16:39:23.280;FGBL SI 20241206 PS;SIMPLE_INSTRUMENT;EFP_FIN;EUR;219;135.07000000;804;EXCHANGE_LAST;;1;1;XEUR;10804524;688;
04.12.2024;16:54:53.050;FGBL SI 20241206 PS;SIMPLE_INSTRUMENT;EFS;EUR;220;135.14000000;430;EXCHANGE_LAST;;1;1;XEUR;10804524;688;
04.12.2024;17:00:17.010;FGBL SI 20241206 PS;SIMPLE_INSTRUMENT;EFS;EUR;221;135.12000000;215;EXCHANGE_LAST;;1;1;XEUR;10804524;688;
04.12.2024;17:02:09.465;FGBL SI 20241206 PS;SIMPLE_INSTRUMENT;EFS;EUR;222;135.10000000;430;EXCHANGE_LAST;;1;1;XEUR;10804524;688;
04.12.2024;17:03:04.521;FGBL SI 20241206 PS;SIMPLE_INSTRUMENT;EFS;EUR;223;135.11000000;215;EXCHANGE_LAST;;1;1;XEUR;10804524;688;
04.12.2024;17:04:04.526;FGBL SI 20241206 PS;SIMPLE_INSTRUMENT;EFS;EUR;224;135.10000000;215;EXCHANGE_LAST;;1;1;XEUR;10804524;688;
04.12.2024;17:04:13.537;FGBL SI 20241206 PS;SIMPLE_INSTRUMENT;EFS;EUR;225;135.10000000;430;EXCHANGE_LAST;;1;1;XEUR;10804524;688;
04.12.2024;17:14:55.602;FGBL SI 20241206 PS;SIMPLE_INSTRUMENT;EFS;EUR;226;135.13000000;215;EXCHANGE_LAST;;1;1;XEUR;10804524;688;
04.12.2024;17:16:04.201;FGBL SI 20241206 PS;SIMPLE_INSTRUMENT;EFS;EUR;227;135.15000000;430;EXCHANGE_LAST;;1;1;XEUR;10804524;688;
04.12.2024;17:22:06.079;FGBL SI 20250306 PS;SIMPLE_INSTRUMENT;EFS;EUR;228;136.83000000;910;EXCHANGE_LAST;;1;1;XEUR;11286679;688;
04.12.2024;17:27:47.882;FGBL SI 20250306 PS;SIMPLE_INSTRUMENT;EFS;EUR;229;136.79000000;215;EXCHANGE_LAST;;1;1;XEUR;11286679;688;
04.12.2024;13:20:40.571;FGBL SI 20250306 PS;SIMPLE_INSTRUMENT;VOLA;EUR;268435482;136.37000000;30;EXCHANGE_LAST;;1;1;XEUR;11286679;688;
04.12.2024;15:40:38.551;FGBL SI 20250306 PS;SIMPLE_INSTRUMENT;VOLA;EUR;268435499;136.55000000;307;EXCHANGE_LAST;;1;1;XEUR;11286679;688;
04.12.2024;15:41:30.133;FGBL SI 20250306 PS;SIMPLE_INSTRUMENT;VOLA;EUR;268435500;136.55000000;308;EXCHANGE_LAST;;1;1;XEUR;11286679;688;
04.12.2024;16:22:16.342;FGBL SI 20250306 PS;SIMPLE_INSTRUMENT;VOLA;EUR;268435508;136.74000000;30;EXCHANGE_LAST;;1;1;XEUR;11286679;688;
04.12.2024;16:29:47.874;FGBL SI 20250306 PS;SIMPLE_INSTRUMENT;VOLA;EUR;268435511;136.66000000;55;EXCHANGE_LAST;;1;1;XEUR;11286679;688;
04.12.2024;16:30:26.108;FGBL SI 20250306 PS;SIMPLE_INSTRUMENT;VOLA;EUR;268435512;136.66000000;55;EXCHANGE_LAST;;1;1;XEUR;11286679;688;
04.12.2024;16:53:12.085;FGBL SI 20250306 PS;SIMPLE_INSTRUMENT;VOLA;EUR;268435521;136.87000000;117;EXCHANGE_LAST;;1;1;XEUR;11286679;688;
04.12.2024;08:20:45.024;FGBM SI 20250306 PS;SIMPLE_INSTRUMENT;EFS;EUR;2;119.11000000;486;EXCHANGE_LAST;;1;1;XEUR;11286680;689;
04.12.2024;08:23:38.920;FGBM SI 20241206 PS;SIMPLE_INSTRUMENT;EFP_FIN;EUR;3;119.86000000;1285;EXCHANGE_LAST;;1;1;XEUR;10804525;689;
04.12.2024;08:40:02.518;FGBM.S.DEC24.MAR25.SPD;FUTURES_SPREAD;BLOCK;EUR;4;0.71000000;3000;EXCHANGE_LAST;;1;1;XEUR;72060553270394970;689;
04.12.2024;08:40:02.518;FGBM SI 20241206 PS;SIMPLE_INSTRUMENT;BLOCK;EUR;4;119.84000000;3000;PRC_DECOMP_EXCHANGE;;;;XEUR;10804525;689;EXCHANGE
04.12.2024;08:40:02.518;FGBM SI 20250306 PS;SIMPLE_INSTRUMENT;BLOCK;EUR;4;119.13000000;3000;PRC_DECOMP_EXCHANGE;;;;XEUR;11286680;689;EXCHANGE
04.12.2024;08:40:06.966;FGBM.S.DEC24.MAR25.SPD;FUTURES_SPREAD;BLOCK;EUR;5;0.72000000;3000;EXCHANGE_LAST;;1;1;XEUR;72060553270394970;689;
04.12.2024;08:40:06.966;FGBM SI 20250306 PS;SIMPLE_INSTRUMENT;BLOCK;EUR;5;119.13000000;3000;PRC_DECOMP_EXCHANGE;;;;XEUR;11286680;689;EXCHANGE
04.12.2024;08:40:06.966;FGBM SI 20241206 PS;SIMPLE_INSTRUMENT;BLOCK;EUR;5;119.85000000;3000;PRC_DECOMP_EXCHANGE;;;;XEUR;10804525;689;EXCHANGE
04.12.2024;08:52:16.793;FGBM SI 20241206 PS;SIMPLE_INSTRUMENT;EFP_FIN;EUR;6;119.89000000;835;EXCHANGE_LAST;;1;1;XEUR;10804525;689;
04.12.2024;09:09:35.031;FGBM SI 20241206 PS;SIMPLE_INSTRUMENT;EFS;EUR;7;119.86000000;869;EXCHANGE_LAST;;1;1;XEUR;10804525;689;
04.12.2024;09:10:24.810;FGBM SI 20241206 PS;SIMPLE_INSTRUMENT;EFP_FIN;EUR;8;119.86000000;856;EXCHANGE_LAST;;1;1;XEUR;10804525;689;
04.12.2024;09:14:25.339;FGBM SI 20241206 PS;SIMPLE_INSTRUMENT;EFS;EUR;9;119.86000000;869;EXCHANGE_LAST;;1;1;XEUR;10804525;689;
04.12.2024;09:14:35.317;FGBM SI 20241206 PS;SIMPLE_INSTRUMENT;EFP_FIN;EUR;10;119.82000000;214;EXCHANGE_LAST;;1;1;XEUR;10804525;689;
04.12.2024;09:14:54.317;FGBM SI 20241206 PS;SIMPLE_INSTRUMENT;EFP_FIN;EUR;11;119.82000000;352;EXCHANGE_LAST;;1;1;XEUR;10804525;689;
04.12.2024;09:18:22.872;FGBM.S.DEC24.MAR25.SPD;FUTURES_SPREAD;BLOCK;EUR;12;0.71000000;3600;EXCHANGE_LAST;;1;1;XEUR;72060553270394970;689;
04.12.2024;09:18:22.872;FGBM SI 20241206 PS;SIMPLE_INSTRUMENT;BLOCK;EUR;12;119.86000000;3600;PRC_DECOMP_MEMBER;;;;XEUR;10804525;689;MEMBER
04.12.2024;09:18:22.872;FGBM SI 20250306 PS;SIMPLE_INSTRUMENT;BLOCK;EUR;12;119.15000000;3600;PRC_DECOMP_MEMBER;;;;XEUR;11286680;689;MEMBER
04.12.2024;09:18:30.538;FGBM SI 20241206 PS;SIMPLE_INSTRUMENT;EFS;EUR;13;119.88000000;868;EXCHANGE_LAST;;1;1;XEUR;10804525;689;
04.12.2024;09:26:29.427;FGBM SI 20241206 PS;SIMPLE_INSTRUMENT;EFS;EUR;14;119.86000000;868;EXCHANGE_LAST;;1;1;XEUR;10804525;689;
04.12.2024;09:33:34.074;FGBM SI 20250306 PS;SIMPLE_INSTRUMENT;EFS;EUR;15;119.12000000;971;EXCHANGE_LAST;;1;1;XEUR;11286680;689;
04.12.2024;09:35:07.728;FGBM SI 20250306 PS;SIMPLE_INSTRUMENT;EFS;EUR;16;119.14000000;971;EXCHANGE_LAST;;1;1;XEUR;11286680;689;
04.12.2024;09:35:32.687;FGBM SI 20250306 PS;SIMPLE_INSTRUMENT;EFS;EUR;17;119.16000000;485;EXCHANGE_LAST;;1;1;XEUR;11286680;689;
04.12.2024;09:35:50.904;FGBM SI 20241206 PS;SIMPLE_INSTRUMENT;EFP_FIN;EUR;18;119.87000000;856;EXCHANGE_LAST;;1;1;XEUR;10804525;689;
04.12.2024;09:47:53.384;FGBM SI 20250306 PS;SIMPLE_INSTRUMENT;EFS;EUR;19;119.15000000;194;EXCHANGE_LAST;;1;1;XEUR;11286680;689;
04.12.2024;10:01:10.910;FGBM SI 20241206 PS;SIMPLE_INSTRUMENT;EFP_FIN;EUR;20;119.85000000;157;EXCHANGE_LAST;;1;1;XEUR;10804525;689;
04.12.2024;10:11:30.564;FGBM SI 20241206 PS;SIMPLE_INSTRUMENT;EFP_FIN;EUR;21;119.85000000;260;EXCHANGE_LAST;;1;1;XEUR;10804525;689;
04.12.2024;10:12:10.341;FGBM SI 20250306 PS;SIMPLE_INSTRUMENT;EFP_FIN;EUR;22;119.09000000;2000;EXCHANGE_LAST;;1;1;XEUR;11286680;689;
04.12.2024;10:15:38.887;FGBM SI 20241206 PS;SIMPLE_INSTRUMENT;EFP_FIN;EUR;23;119.82000000;428;EXCHANGE_LAST;;1;1;XEUR;10804525;689;
04.12.2024;10:22:24.066;FGBM SI 20241206 PS;SIMPLE_INSTRUMENT;EFP_FIN;EUR;24;119.87000000;428;EXCHANGE_LAST;;1;1;XEUR;10804525;689;
04.12.2024;10:22:26.681;FGBM SI 20241206 PS;SIMPLE_INSTRUMENT;EFS;EUR;25;119.82000000;434;EXCHANGE_LAST;;1;1;XEUR;10804525;689;
04.12.2024;10:26:41.148;FGBM SI 20241206 PS;SIMPLE_INSTRUMENT;EFS;EUR;26;119.81000000;224;EXCHANGE_LAST;;1;1;XEUR;10804525;689;
04.12.2024;10:26:41.148;FGBM SI 20250306 PS;SIMPLE_INSTRUMENT;EFS;EUR;27;119.10000000;237;EXCHANGE_LAST;;1;1;XEUR;11286680;689;
04.12.2024;10:29:47.715;FGBM SI 20250306 PS;SIMPLE_INSTRUMENT;EFP_FIN;EUR;28;119.10000000;1726;EXCHANGE_LAST;;1;1;XEUR;11286680;689;
04.12.2024;10:33:52.289;FGBM SI 20241206 PS;SIMPLE_INSTRUMENT;EFS;EUR;29;119.82000000;1655;EXCHANGE_LAST;;1;1;XEUR;10804525;689;
04.12.2024;10:36:27.420;FGBM SI 20241206 PS;SIMPLE_INSTRUMENT;EFS;EUR;30;119.81000000;434;EXCHANGE_LAST;;1;1;XEUR;10804525;689;
04.12.2024;10:40:19.566;FGBM SI 20241206 PS;SIMPLE_INSTRUMENT;EFS;EUR;31;119.81000000;920;EXCHANGE_LAST;;1;1;XEUR;10804525;689;
04.12.2024;10:39:18.669;FGBM SI 20241206 PS;SIMPLE_INSTRUMENT;EFP_FIN;EUR;32;119.82000000;2588;EXCHANGE_LAST;;1;1;XEUR;10804525;689;
04.12.2024;11:09:40.716;FGBM SI 20241206 PS;SIMPLE_INSTRUMENT;EFS;EUR;33;119.75000000;827;EXCHANGE_LAST;;1;1;XEUR;10804525;689;
04.12.2024;11:25:58.657;FGBM SI 20241206 PS;SIMPLE_INSTRUMENT;EFP_FIN;EUR;34;119.74000000;774;EXCHANGE_LAST;;1;1;XEUR;10804525;689;
04.12.2024;11:21:47.099;FGBM SI 20241206 PS;SIMPLE_INSTRUMENT;EFS;EUR;35;119.74000000;434;EXCHANGE_LAST;;1;1;XEUR;10804525;689;
04.12.2024;11:22:31.770;FGBM SI 20241206 PS;SIMPLE_INSTRUMENT;EFS;EUR;36;119.74000000;434;EXCHANGE_LAST;;1;1;XEUR;10804525;689;
04.12.2024;11:42:02.972;FGBM SI 20250306 PS;SIMPLE_INSTRUMENT;EFP_FIN;EUR;37;119.05000000;450;EXCHANGE_LAST;;1;1;XEUR;11286680;689;
04.12.2024;12:01:10.001;FGBM SI 20250306 PS;SIMPLE_INSTRUMENT;EFS;EUR;38;119.04000000;1944;EXCHANGE_LAST;;1;1;XEUR;11286680;689;
04.12.2024;12:20:58.688;FGBM SI 20250306 PS;SIMPLE_INSTRUMENT;EFS;EUR;39;119.04000000;463;EXCHANGE_LAST;;1;1;XEUR;11286680;689;
04.12.2024;12:31:09.591;FGBM SI 20250306 PS;SIMPLE_INSTRUMENT;EFS;EUR;40;119.04000000;486;EXCHANGE_LAST;;1;1;XEUR;11286680;689;
04.12.2024;12:44:43.682;FGBM SI 20241206 PS;SIMPLE_INSTRUMENT;EFP_FIN;EUR;41;119.73000000;573;EXCHANGE_LAST;;1;1;XEUR;10804525;689;
04.12.2024;12:46:20.619;FGBM SI 20241206 PS;SIMPLE_INSTRUMENT;EFS;EUR;42;119.72000000;868;EXCHANGE_LAST;;1;1;XEUR;10804525;689;
04.12.2024;12:57:00.621;FGBM SI 20241206 PS;SIMPLE_INSTRUMENT;EFS;EUR;43;119.70000000;435;EXCHANGE_LAST;;1;1;XEUR;10804525;689;
04.12.2024;13:00:52.683;FGBM SI 20250306 PS;SIMPLE_INSTRUMENT;EFS;EUR;44;118.95000000;973;EXCHANGE_LAST;;1;1;XEUR;11286680;689;
04.12.2024;13:11:32.331;FGBM SI 20250306 PS;SIMPLE_INSTRUMENT;EFP_FIN;EUR;45;119.05000000;356;EXCHANGE_LAST;;1;1;XEUR;11286680;689;
04.12.2024;13:15:42.598;FGBM SI 20241206 PS;SIMPLE_INSTRUMENT;EFS;EUR;46;119.70000000;869;EXCHANGE_LAST;;1;1;XEUR;10804525;689;
04.12.2024;13:16:22.641;FGBM SI 20241206 PS;SIMPLE_INSTRUMENT;EFS;EUR;47;119.69000000;435;EXCHANGE_LAST;;1;1;XEUR;10804525;689;
04.12.2024;13:22:27.716;FGBM SI 20241206 PS;SIMPLE_INSTRUMENT;EFS;EUR;48;119.69000000;1228;EXCHANGE_LAST;;1;1;XEUR;10804525;689;
04.12.2024;13:30:04.330;FGBM SI 20241206 PS;SIMPLE_INSTRUMENT;EFP_FIN;EUR;49;119.70000000;1850;EXCHANGE_LAST;;1;1;XEUR;10804525;689;
04.12.2024;13:35:23.140;FGBM SI 20250306 PS;SIMPLE_INSTRUMENT;EFP_FIN;EUR;50;118.97000000;269;EXCHANGE_LAST;;1;1;XEUR;11286680;689;
04.12.2024;13:57:09.834;FGBM SI 20250306 PS;SIMPLE_INSTRUMENT;EFP_FIN;EUR;51;119.02000000;1307;EXCHANGE_LAST;;1;1;XEUR;11286680;689;
04.12.2024;13:58:33.808;FGBM SI 20241206 PS;SIMPLE_INSTRUMENT;EFP_FIN;EUR;52;119.75000000;1713;EXCHANGE_LAST;;1;1;XEUR;10804525;689;
04.12.2024;13:59:52.464;FGBM SI 20250306 PS;SIMPLE_INSTRUMENT;EFS;EUR;53;119.03000000;486;EXCHANGE_LAST;;1;1;XEUR;11286680;689;
04.12.2024;14:01:26.596;FGBM SI 20241206 PS;SIMPLE_INSTRUMENT;EFP_FIN;EUR;54;119.75000000;2569;EXCHANGE_LAST;;1;1;XEUR;10804525;689;
04.12.2024;14:02:49.347;FGBM SI 20241206 PS;SIMPLE_INSTRUMENT;EFP_FIN;EUR;55;119.75000000;856;EXCHANGE_LAST;;1;1;XEUR;10804525;689;
04.12.2024;14:03:54.328;FGBM SI 20250306 PS;SIMPLE_INSTRUMENT;EFS;EUR;56;119.01000000;486;EXCHANGE_LAST;;1;1;XEUR;11286680;689;
04.12.2024;14:04:23.303;FGBM SI 20241206 PS;SIMPLE_INSTRUMENT;EFP_FIN;EUR;57;119.75000000;480;EXCHANGE_LAST;;1;1;XEUR;10804525;689;
04.12.2024;14:07:51.576;FGBM SI 20241206 PS;SIMPLE_INSTRUMENT;EFP_FIN;EUR;58;119.74000000;428;EXCHANGE_LAST;;1;1;XEUR;10804525;689;
04.12.2024;14:13:43.470;FGBM SI 20241206 PS;SIMPLE_INSTRUMENT;EFP_FIN;EUR;59;119.76000000;480;EXCHANGE_LAST;;1;1;XEUR;10804525;689;
04.12.2024;14:16:54.347;FGBM SI 20241206 PS;SIMPLE_INSTRUMENT;EFP_FIN;EUR;60;119.75000000;856;EXCHANGE_LAST;;1;1;XEUR;10804525;689;
04.12.2024;14:17:12.416;FGBM SI 20250306 PS;SIMPLE_INSTRUMENT;EFP_FIN;EUR;61;119.03000000;402;EXCHANGE_LAST;;1;1;XEUR;11286680;689;
04.12.2024;14:18:12.107;FGBM SI 20241206 PS;SIMPLE_INSTRUMENT;EFS;EUR;62;119.74000000;2201;EXCHANGE_LAST;;1;1;XEUR;10804525;689;
04.12.2024;14:18:18.181;FGBM SI 20250306 PS;SIMPLE_INSTRUMENT;EFP_FIN;EUR;63;119.01000000;899;EXCHANGE_LAST;;1;1;XEUR;11286680;689;
04.12.2024;14:19:09.111;FGBM SI 20250306 PS;SIMPLE_INSTRUMENT;EFS;EUR;64;119.01000000;2325;EXCHANGE_LAST;;1;1;XEUR;11286680;689;
04.12.2024;14:25:17.924;FGBM SI 20241206 PS;SIMPLE_INSTRUMENT;EFP_FIN;EUR;65;119.74000000;259;EXCHANGE_LAST;;1;1;XEUR;10804525;689;
04.12.2024;14:21:53.537;FGBM SI 20250306 PS;SIMPLE_INSTRUMENT;EFS;EUR;66;119.03000000;486;EXCHANGE_LAST;;1;1;XEUR;11286680;689;
04.12.2024;14:26:01.927;FGBM SI 20241206 PS;SIMPLE_INSTRUMENT;EFP_FIN;EUR;67;119.74000000;259;EXCHANGE_LAST;;1;1;XEUR;10804525;689;
04.12.2024;14:24:18.870;FGBM SI 20250306 PS;SIMPLE_INSTRUMENT;EFP_FIN;EUR;68;119.03000000;402;EXCHANGE_LAST;;1;1;XEUR;11286680;689;
04.12.2024;14:25:15.638;FGBM SI 20241206 PS;SIMPLE_INSTRUMENT;EFP_FIN;EUR;69;119.75000000;1086;EXCHANGE_LAST;;1;1;XEUR;10804525;689;
04.12.2024;14:31:52.211;FGBM SI 20250306 PS;SIMPLE_INSTRUMENT;EFP_FIN;EUR;70;119.06000000;450;EXCHANGE_LAST;;1;1;XEUR;11286680;689;
04.12.2024;14:34:02.447;FGBM SI 20250306 PS;SIMPLE_INSTRUMENT;EFS;EUR;71;119.08000000;389;EXCHANGE_LAST;;1;1;XEUR;11286680;689;
04.12.2024;14:36:23.963;FGBM SI 20241206 PS;SIMPLE_INSTRUMENT;EFS;EUR;72;119.78000000;442;EXCHANGE_LAST;;1;1;XEUR;10804525;689;
04.12.2024;14:37:05.645;FGBM SI 20241206 PS;SIMPLE_INSTRUMENT;BLOCK;EUR;73;119.81000000;6000;EXCHANGE_LAST;;1;1;XEUR;10804525;689;
04.12.2024;14:37:25.967;FGBM SI 20250306 PS;SIMPLE_INSTRUMENT;EFS;EUR;74;119.06000000;467;EXCHANGE_LAST;;1;1;XEUR;11286680;689;
04.12.2024;14:37:45.116;FGBM SI 20250306 PS;SIMPLE_INSTRUMENT;BLOCK;EUR;75;119.07000000;3000;EXCHANGE_LAST;;1;1;XEUR;11286680;689;
04.12.2024;14:38:20.466;FGBM SI 20250306 PS;SIMPLE_INSTRUMENT;BLOCK;EUR;76;119.08000000;3000;EXCHANGE_LAST;;1;1;XEUR;11286680;689;
04.12.2024;14:39:17.128;FGBM SI 20250306 PS;SIMPLE_INSTRUMENT;EFP_FIN;EUR;77;119.00000000;597;EXCHANGE_LAST;;1;1;XEUR;11286680;689;
04.12.2024;14:42:40.999;FGBM SI 20241206 PS;SIMPLE_INSTRUMENT;EFS;EUR;78;119.82000000;868;EXCHANGE_LAST;;1;1;XEUR;10804525;689;
04.12.2024;14:43:41.063;FGBM SI 20241206 PS;SIMPLE_INSTRUMENT;EFS;EUR;79;119.84000000;1654;EXCHANGE_LAST;;1;1;XEUR;10804525;689;
04.12.2024;14:43:42.007;FGBM SI 20250306 PS;SIMPLE_INSTRUMENT;EFS;EUR;80;119.09000000;1853;EXCHANGE_LAST;;1;1;XEUR;11286680;689;
04.12.2024;14:45:51.179;FGBM SI 20241206 PS;SIMPLE_INSTRUMENT;EFS;EUR;81;119.81000000;827;EXCHANGE_LAST;;1;1;XEUR;10804525;689;
04.12.2024;14:46:55.459;FGBM SI 20241206 PS;SIMPLE_INSTRUMENT;EFS;EUR;82;119.84000000;651;EXCHANGE_LAST;;1;1;XEUR;10804525;689;
04.12.2024;14:50:31.883;FGBM SI 20250306 PS;SIMPLE_INSTRUMENT;EFS;EUR;83;119.10000000;486;EXCHANGE_LAST;;1;1;XEUR;11286680;689;
04.12.2024;14:53:21.157;FGBM SI 20250306 PS;SIMPLE_INSTRUMENT;EFS;EUR;84;119.09000000;973;EXCHANGE_LAST;;1;1;XEUR;11286680;689;
04.12.2024;14:55:00.393;FGBM SI 20250306 PS;SIMPLE_INSTRUMENT;BLOCK;EUR;85;119.08000000;4858;EXCHANGE_LAST;;1;1;XEUR;11286680;689;
04.12.2024;14:55:56.568;FGBM SI 20241206 PS;SIMPLE_INSTRUMENT;EFS;EUR;86;119.83000000;868;EXCHANGE_LAST;;1;1;XEUR;10804525;689;
04.12.2024;14:57:33.647;FGBM SI 20241206 PS;SIMPLE_INSTRUMENT;EFS;EUR;87;119.82000000;868;EXCHANGE_LAST;;1;1;XEUR;10804525;689;
04.12.2024;15:08:41.291;FGBM SI 20250306 PS;SIMPLE_INSTRUMENT;EFS;EUR;88;119.08000000;1943;EXCHANGE_LAST;;1;1;XEUR;11286680;689;
04.12.2024;15:09:50.121;FGBM SI 20241206 PS;SIMPLE_INSTRUMENT;EFP_FIN;EUR;89;119.80000000;596;EXCHANGE_LAST;;1;1;XEUR;10804525;689;
04.12.2024;15:14:13.630;FGBM SI 20241206 PS;SIMPLE_INSTRUMENT;EFS;EUR;90;119.85000000;868;EXCHANGE_LAST;;1;1;XEUR;10804525;689;
04.12.2024;15:27:39.936;FGBM SI 20250306 PS;SIMPLE_INSTRUMENT;EFS;EUR;91;119.10000000;4856;EXCHANGE_LAST;;1;1;XEUR;11286680;689;
04.12.2024;15:28:04.108;FGBM SI 20241206 PS;SIMPLE_INSTRUMENT;EFP_FIN;EUR;92;119.80000000;255;EXCHANGE_LAST;;1;1;XEUR;10804525;689;
04.12.2024;15:40:21.315;FGBM SI 20250306 PS;SIMPLE_INSTRUMENT;EFS;EUR;93;119.09000000;1853;EXCHANGE_LAST;;1;1;XEUR;11286680;689;
04.12.2024;15:47:27.608;FGBM SI 20241206 PS;SIMPLE_INSTRUMENT;BLOCK;EUR;94;119.85000000;6377;EXCHANGE_LAST;;1;1;XEUR;10804525;689;
04.12.2024;15:52:11.566;FGBM SI 20250306 PS;SIMPLE_INSTRUMENT;EFS;EUR;95;119.12000000;2914;EXCHANGE_LAST;;1;1;XEUR;11286680;689;
04.12.2024;15:57:38.337;FGBM SI 20250306 PS;SIMPLE_INSTRUMENT;EFS;EUR;99;119.11000000;3604;EXCHANGE_LAST;;1;1;XEUR;11286680;689;
04.12.2024;16:05:57.327;FGBM SI 20250306 PS;SIMPLE_INSTRUMENT;EFS;EUR;100;119.11000000;560;EXCHANGE_LAST;;1;1;XEUR;11286680;689;
04.12.2024;16:10:09.559;FGBM SI 20241206 PS;SIMPLE_INSTRUMENT;EFS;EUR;101;119.86000000;434;EXCHANGE_LAST;;1;1;XEUR;10804525;689;
04.12.2024;16:19:01.055;FGBM SI 20241206 PS;SIMPLE_INSTRUMENT;EFS;EUR;102;119.86000000;867;EXCHANGE_LAST;;1;1;XEUR;10804525;689;
04.12.2024;16:19:51.909;FGBM SI 20241206 PS;SIMPLE_INSTRUMENT;EFS;EUR;103;119.89000000;434;EXCHANGE_LAST;;1;1;XEUR;10804525;689;
04.12.2024;16:20:31.892;FGBM SI 20241206 PS;SIMPLE_INSTRUMENT;EFS;EUR;104;119.89000000;867;EXCHANGE_LAST;;1;1;XEUR;10804525;689;
04.12.2024;16:32:21.623;FGBM SI 20241206 PS;SIMPLE_INSTRUMENT;EFS;EUR;105;119.89000000;1000;EXCHANGE_LAST;;1;1;XEUR;10804525;689;
04.12.2024;16:35:36.083;FGBM SI 20241206 PS;SIMPLE_INSTRUMENT;EFS;EUR;106;119.96000000;414;EXCHANGE_LAST;;1;1;XEUR;10804525;689;
04.12.2024;16:38:05.617;FGBM SI 20241206 PS;SIMPLE_INSTRUMENT;EFS;EUR;107;119.96000000;737;EXCHANGE_LAST;;1;1;XEUR;10804525;689;
04.12.2024;16:39:23.300;FGBM SI 20241206 PS;SIMPLE_INSTRUMENT;EFP_FIN;EUR;108;119.89000000;246;EXCHANGE_LAST;;1;1;XEUR;10804525;689;
04.12.2024;16:50:04.992;FGBM SI 20250306 PS;SIMPLE_INSTRUMENT;EFS;EUR;109;119.19000000;1941;EXCHANGE_LAST;;1;1;XEUR;11286680;689;
04.12.2024;17:02:09.420;FGBM SI 20241206 PS;SIMPLE_INSTRUMENT;EFS;EUR;110;119.90000000;827;EXCHANGE_LAST;;1;1;XEUR;10804525;689;
04.12.2024;17:03:04.476;FGBM SI 20241206 PS;SIMPLE_INSTRUMENT;EFS;EUR;111;119.90000000;414;EXCHANGE_LAST;;1;1;XEUR;10804525;689;
04.12.2024;08:13:08.470;FGBS SI 20241206 PS;SIMPLE_INSTRUMENT;EFS;EUR;1;107.02500000;3878;EXCHANGE_LAST;;1;1;XEUR;10804527;690;
04.12.2024;08:13:25.472;FGBS SI 20241206 PS;SIMPLE_INSTRUMENT;EFS;EUR;2;107.02500000;1328;EXCHANGE_LAST;;1;1;XEUR;10804527;690;
04.12.2024;08:14:16.335;FGBS SI 20241206 PS;SIMPLE_INSTRUMENT;EFS;EUR;3;107.03000000;3878;EXCHANGE_LAST;;1;1;XEUR;10804527;690;
04.12.2024;08:14:24.335;FGBS SI 20241206 PS;SIMPLE_INSTRUMENT;EFS;EUR;4;107.03000000;1327;EXCHANGE_LAST;;1;1;XEUR;10804527;690;
04.12.2024;08:54:25.949;FGBS.S.DEC24.MAR25.SPD;FUTURES_SPREAD;BLOCK;EUR;5;-0.30500000;4000;EXCHANGE_LAST;;1;1;XEUR;72060557565362266;690;
04.12.2024;08:54:25.949;FGBS SI 20250306 PS;SIMPLE_INSTRUMENT;BLOCK;EUR;5;107.33000000;4000;PRC_DECOMP_EXCHANGE;;;;XEUR;11286681;690;EXCHANGE
04.12.2024;08:54:25.949;FGBS SI 20241206 PS;SIMPLE_INSTRUMENT;BLOCK;EUR;5;107.02500000;4000;PRC_DECOMP_EXCHANGE;;;;XEUR;10804527;690;EXCHANGE
04.12.2024;08:54:28.950;FGBS.S.DEC24.MAR25.SPD;FUTURES_SPREAD;BLOCK;EUR;6;-0.30000000;4000;EXCHANGE_LAST;;1;1;XEUR;72060557565362266;690;
04.12.2024;08:54:28.950;FGBS SI 20241206 PS;SIMPLE_INSTRUMENT;BLOCK;EUR;6;107.03000000;4000;PRC_DECOMP_EXCHANGE;;;;XEUR;10804527;690;EXCHANGE
04.12.2024;08:54:28.950;FGBS SI 20250306 PS;SIMPLE_INSTRUMENT;BLOCK;EUR;6;107.33000000;4000;PRC_DECOMP_EXCHANGE;;;;XEUR;11286681;690;EXCHANGE
04.12.2024;08:57:28.373;FGBS SI 20241206 PS;SIMPLE_INSTRUMENT;EFP_FIN;EUR;7;107.02000000;280;EXCHANGE_LAST;;1;1;XEUR;10804527;690;
04.12.2024;08:57:52.406;FGBS SI 20241206 PS;SIMPLE_INSTRUMENT;EFP_FIN;EUR;8;107.02000000;280;EXCHANGE_LAST;;1;1;XEUR;10804527;690;
04.12.2024;08:58:00.611;FGBS SI 20250306 PS;SIMPLE_INSTRUMENT;EFS;EUR;9;107.32000000;2589;EXCHANGE_LAST;;1;1;XEUR;11286681;690;
04.12.2024;09:01:44.255;FGBS SI 20250306 PS;SIMPLE_INSTRUMENT;EFP_FIN;EUR;10;107.33500000;750;EXCHANGE_LAST;;1;1;XEUR;11286681;690;
04.12.2024;09:08:32.644;FGBS SI 20250306 PS;SIMPLE_INSTRUMENT;EFS;EUR;11;107.33000000;5437;EXCHANGE_LAST;;1;1;XEUR;11286681;690;
04.12.2024;09:10:22.986;FGBS SI 20250306 PS;SIMPLE_INSTRUMENT;EFS;EUR;12;107.32000000;466;EXCHANGE_LAST;;1;1;XEUR;11286681;690;
04.12.2024;09:16:51.254;FGBS SI 20241206 PS;SIMPLE_INSTRUMENT;EFP_FIN;EUR;13;107.03000000;2100;EXCHANGE_LAST;;1;1;XEUR;10804527;690;
04.12.2024;09:21:12.968;FGBS.S.DEC24.MAR25.SPD;FUTURES_SPREAD;BLOCK;EUR;14;-0.30500000;4000;EXCHANGE_LAST;;1;1;XEUR;72060557565362266;690;
04.12.2024;09:21:12.968;FGBS SI 20250306 PS;SIMPLE_INSTRUMENT;BLOCK;EUR;14;107.33000000;4000;PRC_DECOMP_EXCHANGE;;;;XEUR;11286681;690;EXCHANGE
04.12.2024;09:21:12.968;FGBS SI 20241206 PS;SIMPLE_INSTRUMENT;BLOCK;EUR;14;107.02500000;4000;PRC_DECOMP_EXCHANGE;;;;XEUR;10804527;690;EXCHANGE
04.12.2024;09:21:19.669;FGBS.S.DEC24.MAR25.SPD;FUTURES_SPREAD;BLOCK;EUR;15;-0.30000000;4000;EXCHANGE_LAST;;1;1;XEUR;72060557565362266;690;
04.12.2024;09:21:19.669;FGBS SI 20241206 PS;SIMPLE_INSTRUMENT;BLOCK;EUR;15;107.03000000;4000;PRC_DECOMP_EXCHANGE;;;;XEUR;10804527;690;EXCHANGE
04.12.2024;09:21:19.669;FGBS SI 20250306 PS;SIMPLE_INSTRUMENT;BLOCK;EUR;15;107.33000000;4000;PRC_DECOMP_EXCHANGE;;;;XEUR;11286681;690;EXCHANGE
04.12.2024;09:23:40.450;FGBS SI 20250306 PS;SIMPLE_INSTRUMENT;EFS;EUR;16;107.32000000;5438;EXCHANGE_LAST;;1;1;XEUR;11286681;690;
04.12.2024;09:24:37.513;FGBS SI 20250306 PS;SIMPLE_INSTRUMENT;EFS;EUR;17;107.33500000;2881;EXCHANGE_LAST;;1;1;XEUR;11286681;690;
04.12.2024;09:25:41.698;FGBS SI 20250306 PS;SIMPLE_INSTRUMENT;EFS;EUR;18;107.33000000;2881;EXCHANGE_LAST;;1;1;XEUR;11286681;690;
04.12.2024;09:31:25.725;FGBS SI 20241206 PS;SIMPLE_INSTRUMENT;EFS;EUR;19;107.10000000;1543;EXCHANGE_LAST;;1;1;XEUR;10804527;690;
04.12.2024;09:31:43.853;FGBS SI 20250306 PS;SIMPLE_INSTRUMENT;EFS;EUR;20;107.32500000;2719;EXCHANGE_LAST;;1;1;XEUR;11286681;690;
04.12.2024;09:33:57.724;FGBS SI 20250306 PS;SIMPLE_INSTRUMENT;EFS;EUR;21;107.32000000;2718;EXCHANGE_LAST;;1;1;XEUR;11286681;690;
04.12.2024;09:34:55.285;FGBS SI 20241206 PS;SIMPLE_INSTRUMENT;EFS;EUR;22;107.02500000;1355;EXCHANGE_LAST;;1;1;XEUR;10804527;690;
04.12.2024;09:37:28.742;FGBS SI 20241206 PS;SIMPLE_INSTRUMENT;EFS;EUR;23;107.06000000;1355;EXCHANGE_LAST;;1;1;XEUR;10804527;690;
04.12.2024;09:38:45.671;FGBS SI 20250306 PS;SIMPLE_INSTRUMENT;EFS;EUR;24;107.32500000;1295;EXCHANGE_LAST;;1;1;XEUR;11286681;690;
04.12.2024;10:22:49.949;FGBS SI 20250306 PS;SIMPLE_INSTRUMENT;EFS;EUR;25;107.32500000;2718;EXCHANGE_LAST;;1;1;XEUR;11286681;690;
04.12.2024;10:55:06.671;FGBS SI 20250306 PS;SIMPLE_INSTRUMENT;EFS;EUR;26;107.29000000;1761;EXCHANGE_LAST;;1;1;XEUR;11286681;690;
04.12.2024;11:24:06.850;FGBS SI 20250306 PS;SIMPLE_INSTRUMENT;EFS;EUR;27;107.28000000;2590;EXCHANGE_LAST;;1;1;XEUR;11286681;690;
04.12.2024;11:25:19.868;FGBS SI 20250306 PS;SIMPLE_INSTRUMENT;EFP_FIN;EUR;28;107.27000000;1135;EXCHANGE_LAST;;1;1;XEUR;11286681;690;
04.12.2024;12:16:48.734;FGBS SI 20250306 PS;SIMPLE_INSTRUMENT;EFS;EUR;29;107.28000000;2590;EXCHANGE_LAST;;1;1;XEUR;11286681;690;
04.12.2024;12:18:58.359;FGBS SI 20250306 PS;SIMPLE_INSTRUMENT;EFS;EUR;30;107.29000000;2720;EXCHANGE_LAST;;1;1;XEUR;11286681;690;
04.12.2024;12:24:32.021;FGBS SI 20250306 PS;SIMPLE_INSTRUMENT;BLOCK;EUR;31;107.28500000;5182;EXCHANGE_LAST;;1;1;XEUR;11286681;690;
04.12.2024;12:27:36.400;FGBS SI 20250306 PS;SIMPLE_INSTRUMENT;EFS;EUR;32;107.28000000;4080;EXCHANGE_LAST;;1;1;XEUR;11286681;690;
04.12.2024;12:53:59.582;FGBS SI 20241206 PS;SIMPLE_INSTRUMENT;EFS;EUR;33;106.98000000;1291;EXCHANGE_LAST;;1;1;XEUR;10804527;690;
04.12.2024;12:54:03.340;FGBS SI 20250306 PS;SIMPLE_INSTRUMENT;EFS;EUR;34;107.27000000;1296;EXCHANGE_LAST;;1;1;XEUR;11286681;690;
04.12.2024;12:59:26.891;FGBS SI 20250306 PS;SIMPLE_INSTRUMENT;EFS;EUR;35;107.25500000;2721;EXCHANGE_LAST;;1;1;XEUR;11286681;690;
04.12.2024;13:01:58.707;FGBS SI 20250306 PS;SIMPLE_INSTRUMENT;EFS;EUR;36;107.26000000;7000;EXCHANGE_LAST;;1;1;XEUR;11286681;690;
04.12.2024;13:04:44.655;FGBS SI 20250306 PS;SIMPLE_INSTRUMENT;EFP_FIN;EUR;37;107.26000000;397;EXCHANGE_LAST;;1;1;XEUR;11286681;690;
04.12.2024;13:08:53.888;FGBS SI 20250306 PS;SIMPLE_INSTRUMENT;EFS;EUR;39;107.25000000;8164;EXCHANGE_LAST;;1;1;XEUR;11286681;690;
04.12.2024;13:13:23.909;FGBS SI 20250306 PS;SIMPLE_INSTRUMENT;EFS;EUR;40;107.27000000;2721;EXCHANGE_LAST;;1;1;XEUR;11286681;690;
04.12.2024;13:28:09.738;FGBS SI 20250306 PS;SIMPLE_INSTRUMENT;EFP_FIN;EUR;41;107.26000000;397;EXCHANGE_LAST;;1;1;XEUR;11286681;690;
04.12.2024;13:43:39.127;FGBS SI 20241206 PS;SIMPLE_INSTRUMENT;EFS;EUR;42;107.00000000;1293;EXCHANGE_LAST;;1;1;XEUR;10804527;690;
04.12.2024;13:49:56.240;FGBS SI 20250306 PS;SIMPLE_INSTRUMENT;EFP_FIN;EUR;43;107.27500000;993;EXCHANGE_LAST;;1;1;XEUR;11286681;690;
04.12.2024;13:54:56.682;FGBS SI 20250306 PS;SIMPLE_INSTRUMENT;EFS;EUR;44;107.28000000;1360;EXCHANGE_LAST;;1;1;XEUR;11286681;690;
04.12.2024;14:04:44.033;FGBS SI 20250306 PS;SIMPLE_INSTRUMENT;EFP_FIN;EUR;45;107.29000000;1214;EXCHANGE_LAST;;1;1;XEUR;11286681;690;
04.12.2024;14:12:08.107;FGBS SI 20241206 PS;SIMPLE_INSTRUMENT;EFS;EUR;46;106.99500000;1138;EXCHANGE_LAST;;1;1;XEUR;10804527;690;
04.12.2024;14:13:18.490;FGBS SI 20250306 PS;SIMPLE_INSTRUMENT;EFS;EUR;47;107.28500000;1142;EXCHANGE_LAST;;1;1;XEUR;11286681;690;
04.12.2024;14:17:35.495;FGBS SI 20250306 PS;SIMPLE_INSTRUMENT;EFS;EUR;48;107.31000000;2719;EXCHANGE_LAST;;1;1;XEUR;11286681;690;
04.12.2024;14:19:39.814;FGBS SI 20250306 PS;SIMPLE_INSTRUMENT;EFS;EUR;49;107.30500000;2720;EXCHANGE_LAST;;1;1;XEUR;11286681;690;
04.12.2024;14:25:25.339;FGBS SI 20250306 PS;SIMPLE_INSTRUMENT;EFS;EUR;50;107.29500000;8000;EXCHANGE_LAST;;1;1;XEUR;11286681;690;
