#Date;TrdTime;Contract;ContractType;TrdTyp;Currency;TesId;Prc;Qty;TrdInd;Aggressor;Buy;Sell;Exch;InstrumentId;RelatedProdId;PrcDecomp
16.01.2025;12:31:44.761;A2LV SI 20261218 CS;SIMPLE_INSTRUMENT;BLOCK;EUR;32;15.38000000;80;EXCHANGE_LAST;;2;1;XEUR;4632085;12;
16.01.2025;12:22:36.476;A2LV SI 20251219 CS;SIMPLE_INSTRUMENT;BLOCK;EUR;34;15.18000000;50;EXCHANGE_LAST;;2;1;XEUR;3681050;12;
16.01.2025;12:46:31.442;A2LV SI 20271217 CS;SIMPLE_INSTRUMENT;BLOCK;EUR;39;15.30000000;50;EXCHANGE_LAST;;1;1;XEUR;5914253;12;
16.01.2025;15:02:31.829;A2SG SI 20250620 CS;SIMPLE_INSTRUMENT;BLOCK;EUR;73;1.38000000;613;EXCHANGE_LAST;;1;1;XEUR;10827627;14;
16.01.2025;11:58:51.345;A2XA SI 20271217 CS;SIMPLE_INSTRUMENT;BLOCK;EUR;28;2.02000000;350;EXCHANGE_LAST;;1;2;XEUR;5914267;17;
16.01.2025;12:44:16.690;A2XA SI 20271217 CS;SIMPLE_INSTRUMENT;BLOCK;EUR;38;2.02000000;250;EXCHANGE_LAST;;1;1;XEUR;5914267;17;
16.01.2025;15:48:24.826;A3BB SI 20250620 CS;SIMPLE_INSTRUMENT;BLOCK;CHF;85;0.90000000;680;EXCHANGE_LAST;;1;1;XEUR;10886738;574519;
16.01.2025;15:47:47.130;ABBG.S.MAR25.JUN25.SPD;FUTURES_SPREAD;BLOCK;CHF;84;0.56750000;10000;EXCHANGE_LAST;;1;1;XEUR;74525138648825905;574520;
16.01.2025;15:47:47.130;ABBG SI 20250321 CS;SIMPLE_INSTRUMENT;BLOCK;CHF;84;49.60290000;10000;PRC_DECOMP_EXCHANGE;;;;XEUR;10736154;574520;EXCHANGE
16.01.2025;15:47:47.130;ABBG SI 20250620 CS;SIMPLE_INSTRUMENT;BLOCK;CHF;84;49.03540000;10000;PRC_DECOMP_EXCHANGE;;;;XEUR;11209548;574520;EXCHANGE
16.01.2025;09:32:53.796;ABBN FI 20250219 CS EU C 52.1500 0;FLEXIBLE_INSTRUMENT;BLOCK;CHF;11;0.45000000;1200;EXCHANGE_LAST;;1;1;XEUR;1155389036332854029;574517;
16.01.2025;10:50:52.305;ABBN.O.250116.BRT.000001;STANDARD_OPTION_STRATEGY;BLOCK;CHF;37;0.94000000;2000;EXCHANGE_LAST;;1;1;XEUR;74525125763937587;574517;
16.01.2025;10:50:52.305;ABBN SI 20250221 PS AM P 50.50 0;SIMPLE_INSTRUMENT;BLOCK;CHF;37;2.18000000;2000;PRC_DECOMP_EXCHANGE;;;;XEUR;12279676;574517;EXCHANGE
16.01.2025;10:50:52.305;ABBN SI 20250117 PS AM P 50.50 0;SIMPLE_INSTRUMENT;BLOCK;CHF;37;1.24000000;2000;PRC_DECOMP_EXCHANGE;;;;XEUR;12109182;574517;EXCHANGE
16.01.2025;12:54:31.258;ABBN.O.250116.BER.000004;STANDARD_OPTION_STRATEGY;BLOCK;CHF;52;5.15000000;5000;EXCHANGE_LAST;;1;1;XEUR;74525125763937590;574517;
16.01.2025;12:54:31.258;ABBN SI 20250919 PS AM P 46.00 0;SIMPLE_INSTRUMENT;BLOCK;CHF;52;2.40000000;5000;PRC_DECOMP_EXCHANGE;;;;XEUR;11927913;574517;EXCHANGE
16.01.2025;12:54:31.258;ABBN SI 20250919 PS AM P 55.00 0;SIMPLE_INSTRUMENT;BLOCK;CHF;52;7.55000000;5000;PRC_DECOMP_EXCHANGE;;;;XEUR;12393047;574517;EXCHANGE
16.01.2025;14:35:31.152;ABBN.O.250116.PDIA.000006;STANDARD_OPTION_STRATEGY;BLOCK;CHF;63;0.93000000;1250;EXCHANGE_LAST;;1;1;XEUR;74525125763937592;574517;
16.01.2025;14:35:31.152;ABBN SI 20261218 PS AM P 34.00 0;SIMPLE_INSTRUMENT;BLOCK;CHF;63;1.39000000;1250;PRC_DECOMP_EXCHANGE;;;;XEUR;9388677;574517;EXCHANGE
16.01.2025;14:35:31.152;ABBN SI 20250620 PS AM P 38.00 0;SIMPLE_INSTRUMENT;BLOCK;CHF;63;0.46000000;1250;PRC_DECOMP_EXCHANGE;;;;XEUR;9388724;574517;EXCHANGE
16.01.2025;15:55:13.257;ABBN.O.250116.CDIA.000008;STANDARD_OPTION_STRATEGY;BLOCK;CHF;81;0.34000000;3000;EXCHANGE_LAST;;1;1;XEUR;74525125763937594;574517;
16.01.2025;15:55:13.257;ABBN SI 20250117 PS AM C 50.50 0;SIMPLE_INSTRUMENT;BLOCK;CHF;81;0.03000000;3000;PRC_DECOMP_EXCHANGE;;;;XEUR;12109165;574517;EXCHANGE
16.01.2025;15:55:13.257;ABBN SI 20250221 PS AM C 53.00 0;SIMPLE_INSTRUMENT;BLOCK;CHF;81;0.37000000;3000;PRC_DECOMP_EXCHANGE;;;;XEUR;12279657;574517;EXCHANGE
16.01.2025;09:27:51.589;ADEN FI 20250219 CS EU C 22.3500 0;FLEXIBLE_INSTRUMENT;BLOCK;CHF;9;0.27000000;700;EXCHANGE_LAST;;1;1;XEUR;1152921693585424010;44;
16.01.2025;11:34:02.612;ADS SI 20250221 PS AM C 250.00 0;SIMPLE_INSTRUMENT;BLOCK;EUR;8;6.35000000;800;EXCHANGE_LAST;;2;1;XEUR;12237444;50;
16.01.2025;15:38:51.972;ADS SI 20250117 PS AM P 240.00 0;SIMPLE_INSTRUMENT;BLOCK;EUR;13;1.30000000;250;EXCHANGE_LAST;;1;1;XEUR;12067275;50;
16.01.2025;16:33:01.144;ADS SI 20250117 PS AM C 250.00 0;SIMPLE_INSTRUMENT;BLOCK;EUR;16;0.18000000;750;EXCHANGE_LAST;;1;1;XEUR;12067271;50;
16.01.2025;16:42:00.907;ADS.O.250116.BUL.000007;STANDARD_OPTION_STRATEGY;BLOCK;EUR;18;2.15000000;250;EXCHANGE_LAST;;1;1;XEUR;72057808786332354;50;
16.01.2025;16:42:00.907;ADS SI 20250117 PS AM C 245.00 0;SIMPLE_INSTRUMENT;BLOCK;EUR;18;0.39000000;250;PRC_DECOMP_EXCHANGE;;;;XEUR;12067279;50;EXCHANGE
16.01.2025;16:42:00.907;ADS SI 20250117 PS AM C 240.00 0;SIMPLE_INSTRUMENT;BLOCK;EUR;18;2.54000000;250;PRC_DECOMP_EXCHANGE;;;;XEUR;12067255;50;EXCHANGE
16.01.2025;09:59:39.648;ALC FI 20250219 CS EU C 79.8500 0;FLEXIBLE_INSTRUMENT;BLOCK;CHF;19;0.48000000;940;EXCHANGE_LAST;;1;1;XEUR;1153480425880956657;130134;
16.01.2025;09:43:29.949;ALV SI 20250321 PS AM P 300.00 0;SIMPLE_INSTRUMENT;BLOCK;EUR;4;7.90000000;300;EXCHANGE_LAST;;1;1;XEUR;10829577;74;
16.01.2025;12:14:57.171;ALV SI 20250919 PS AM P 200.00 0;SIMPLE_INSTRUMENT;BLOCK;EUR;7;1.70000000;1500;EXCHANGE_LAST;;1;1;XEUR;11871523;74;
16.01.2025;14:56:39.713;ASGF SI 20250619 CS;SIMPLE_INSTRUMENT;BLOCK;EUR;72;28.27000000;7000;EXCHANGE_LAST;;1;1;XEUR;12186943;949862;
16.01.2025;14:01:44.515;ASGG SI 20250320 CS;SIMPLE_INSTRUMENT;BLOCK;EUR;61;29.25750000;860;EXCHANGE_LAST;;1;1;XEUR;10687433;106;
16.01.2025;10:09:52.838;ASM SI 20250620 PS AM C 920.00 0;SIMPLE_INSTRUMENT;BLOCK;EUR;4;19.40000000;150;EXCHANGE_LAST;;1;1;XEUR;11349927;107;
16.01.2025;15:46:01.135;ASM SI 20250117 PS AM C 740.00 0;SIMPLE_INSTRUMENT;BLOCK;EUR;17;3.60000000;150;EXCHANGE_LAST;;1;1;XEUR;12068372;107;
16.01.2025;09:29:03.453;ASMH SI 20250117 CS;SIMPLE_INSTRUMENT;BLOCK;EUR;7;735.10000000;348;EXCHANGE_LAST;;1;2;XEUR;10429623;3979;
16.01.2025;12:51:08.018;AXA SI 20250321 PS AM P 28.00 0;SIMPLE_INSTRUMENT;BLOCK;EUR;18;0.16000000;2500;EXCHANGE_LAST;;1;1;XEUR;10830426;127;
16.01.2025;13:00:46.607;AXA SI 20261218 PS AM P 26.00 0;SIMPLE_INSTRUMENT;BLOCK;EUR;19;1.55000000;1500;EXCHANGE_LAST;;1;1;XEUR;10100699;127;
16.01.2025;15:10:07.899;AXA SI 20291221 PS AM P 24.00 0;SIMPLE_INSTRUMENT;BLOCK;EUR;24;2.90000000;5000;EXCHANGE_LAST;;1;2;XEUR;12432647;127;
16.01.2025;12:42:03.661;B2MW SI 20251219 CS;SIMPLE_INSTRUMENT;BLOCK;EUR;36;4.30700000;500;EXCHANGE_LAST;;1;1;XEUR;3681121;128;
16.01.2025;12:42:10.913;B2MW SI 20251219 CS;SIMPLE_INSTRUMENT;BLOCK;EUR;37;4.30800000;500;EXCHANGE_LAST;;1;1;XEUR;3681121;128;
16.01.2025;13:20:01.338;B2MW SI 20251219 CS;SIMPLE_INSTRUMENT;BLOCK;EUR;47;4.30700000;63;EXCHANGE_LAST;;1;1;XEUR;3681121;128;
16.01.2025;13:20:02.003;B2MW SI 20251219 CS;SIMPLE_INSTRUMENT;BLOCK;EUR;48;4.30800000;62;EXCHANGE_LAST;;1;1;XEUR;3681121;128;
16.01.2025;13:45:46.333;B2MW SI 20251219 CS;SIMPLE_INSTRUMENT;BLOCK;EUR;53;4.30800000;318;EXCHANGE_LAST;;1;1;XEUR;3681121;128;
16.01.2025;13:45:47.103;B2MW SI 20251219 CS;SIMPLE_INSTRUMENT;BLOCK;EUR;54;4.30700000;317;EXCHANGE_LAST;;1;1;XEUR;3681121;128;
16.01.2025;14:20:51.371;B2MW SI 20251219 CS;SIMPLE_INSTRUMENT;BLOCK;EUR;64;4.30700000;375;EXCHANGE_LAST;;2;2;XEUR;3681121;128;
16.01.2025;14:22:05.534;B2MW SI 20251219 CS;SIMPLE_INSTRUMENT;BLOCK;EUR;65;4.30800000;375;EXCHANGE_LAST;;2;2;XEUR;3681121;128;
16.01.2025;16:48:13.027;B2MW SI 20251219 CS;SIMPLE_INSTRUMENT;BLOCK;EUR;104;4.30700000;50;EXCHANGE_LAST;;1;1;XEUR;3681121;128;
16.01.2025;16:48:22.516;B2MW SI 20251219 CS;SIMPLE_INSTRUMENT;BLOCK;EUR;105;4.30800000;50;EXCHANGE_LAST;;1;1;XEUR;3681121;128;
16.01.2025;16:48:35.643;B2MW SI 20261218 CS;SIMPLE_INSTRUMENT;BLOCK;EUR;106;4.00000000;70;EXCHANGE_LAST;;1;1;XEUR;4632168;128;
16.01.2025;11:06:43.038;B2NP SI 20271217 CS;SIMPLE_INSTRUMENT;BLOCK;EUR;12;3.93000000;500;EXCHANGE_LAST;;1;1;XEUR;7086925;131;
16.01.2025;11:12:15.562;B2NP SI 20261218 CS;SIMPLE_INSTRUMENT;BLOCK;EUR;14;4.68000000;200;EXCHANGE_LAST;;1;1;XEUR;6798320;131;
16.01.2025;11:12:30.337;B2NP SI 20271217 CS;SIMPLE_INSTRUMENT;BLOCK;EUR;16;3.96000000;400;EXCHANGE_LAST;;1;1;XEUR;7086925;131;
16.01.2025;11:22:45.641;B2NP SI 20271217 CS;SIMPLE_INSTRUMENT;BLOCK;EUR;17;3.90000000;100;EXCHANGE_LAST;;1;1;XEUR;7086925;131;
16.01.2025;11:32:40.212;B2NP SI 20261218 CS;SIMPLE_INSTRUMENT;BLOCK;EUR;20;4.68000000;100;EXCHANGE_LAST;;1;1;XEUR;6798320;131;
16.01.2025;13:43:54.571;B2NP SI 20251219 CS;SIMPLE_INSTRUMENT;BLOCK;EUR;52;5.28000000;300;EXCHANGE_LAST;;1;1;XEUR;5914355;131;
16.01.2025;13:56:44.576;B2NP SI 20251219 CS;SIMPLE_INSTRUMENT;BLOCK;EUR;59;5.28000000;300;EXCHANGE_LAST;;1;1;XEUR;5914355;131;
16.01.2025;15:02:20.628;B2NP SI 20281215 CS;SIMPLE_INSTRUMENT;BLOCK;EUR;74;3.60000000;150;EXCHANGE_LAST;;1;1;XEUR;7086921;131;
16.01.2025;15:09:20.027;B2NP SI 20251219 CS;SIMPLE_INSTRUMENT;BLOCK;EUR;75;5.28000000;625;EXCHANGE_LAST;;1;1;XEUR;5914355;131;
16.01.2025;15:52:05.527;B2NP SI 20250620 CS;SIMPLE_INSTRUMENT;BLOCK;EUR;83;4.77000000;200;EXCHANGE_LAST;;2;1;XEUR;10830225;131;
16.01.2025;16:43:27.040;B2NP SI 20261218 CS;SIMPLE_INSTRUMENT;BLOCK;EUR;102;4.68000000;145;EXCHANGE_LAST;;1;1;XEUR;6798320;131;
16.01.2025;16:49:19.543;B2NP SI 20251219 CS;SIMPLE_INSTRUMENT;BLOCK;EUR;107;5.36000000;120;EXCHANGE_LAST;;1;1;XEUR;5914355;131;
16.01.2025;17:52:02.319;B2NP SI 20251219 CS;SIMPLE_INSTRUMENT;BLOCK;EUR;113;5.28000000;500;EXCHANGE_LAST;;1;1;XEUR;5914355;131;
16.01.2025;11:56:16.553;B3BV SI 20251219 CS;SIMPLE_INSTRUMENT;BLOCK;EUR;26;0.77700000;1000;EXCHANGE_LAST;;1;1;XEUR;5914370;135;
16.01.2025;11:56:24.553;B3BV SI 20251219 CS;SIMPLE_INSTRUMENT;BLOCK;EUR;27;0.77800000;1000;EXCHANGE_LAST;;1;1;XEUR;5914370;135;
16.01.2025;12:48:48.666;B3BV SI 20251219 CS;SIMPLE_INSTRUMENT;BLOCK;EUR;40;0.77700000;1000;EXCHANGE_LAST;;1;1;XEUR;5914370;135;
16.01.2025;12:48:55.667;B3BV SI 20251219 CS;SIMPLE_INSTRUMENT;BLOCK;EUR;41;0.77800000;1000;EXCHANGE_LAST;;1;1;XEUR;5914370;135;
16.01.2025;13:46:48.116;B3BV SI 20251219 CS;SIMPLE_INSTRUMENT;BLOCK;EUR;55;0.77000000;2000;EXCHANGE_LAST;;1;1;XEUR;5914370;135;
16.01.2025;13:59:50.882;B3BV SI 20251219 CS;SIMPLE_INSTRUMENT;BLOCK;EUR;60;0.77000000;2000;EXCHANGE_LAST;;1;1;XEUR;5914370;135;
16.01.2025;16:31:42.715;B3BV SI 20251219 CS;SIMPLE_INSTRUMENT;BLOCK;EUR;98;0.77500000;1000;EXCHANGE_LAST;;2;1;XEUR;5914370;135;
16.01.2025;10:43:36.618;BAEN FI 20250219 CS EU C 63.5000 0;FLEXIBLE_INSTRUMENT;BLOCK;CHF;35;0.75000000;400;EXCHANGE_LAST;;1;1;XEUR;1152922187506660059;159;
16.01.2025;11:16:10.515;BAS SI 20250321 PS AM C 50.00 0;SIMPLE_INSTRUMENT;BLOCK;EUR;4;0.53000000;1100;EXCHANGE_LAST;;1;2;XEUR;10831042;150;
16.01.2025;12:43:54.651;BAS SI 20250321 PS AM C 46.00 0;SIMPLE_INSTRUMENT;BLOCK;EUR;5;1.54000000;1000;EXCHANGE_LAST;;1;1;XEUR;10831043;150;
16.01.2025;11:37:28.155;BASG SI 20250321 CS;SIMPLE_INSTRUMENT;BLOCK;EUR;22;44.78750000;6000;EXCHANGE_LAST;;1;1;XEUR;10694474;171;
16.01.2025;11:46:09.408;BASG SI 20250321 CS;SIMPLE_INSTRUMENT;BLOCK;EUR;25;44.73750000;2000;EXCHANGE_LAST;;1;1;XEUR;10694474;171;
16.01.2025;08:39:19.577;BAY.O.250116.BLT.000007;STANDARD_OPTION_STRATEGY;BLOCK;EUR;1;0.60000000;2500;EXCHANGE_LAST;;1;1;XEUR;72058315592508184;168;
16.01.2025;08:39:19.577;BAY SI 20250221 PS AM C 20.00 0;SIMPLE_INSTRUMENT;BLOCK;EUR;1;1.39000000;2500;PRC_DECOMP_EXCHANGE;;;;XEUR;12239346;168;EXCHANGE
16.01.2025;08:39:19.577;BAY SI 20250117 PS AM C 20.00 0;SIMPLE_INSTRUMENT;BLOCK;EUR;1;0.79000000;2500;PRC_DECOMP_EXCHANGE;;;;XEUR;12069117;168;EXCHANGE
16.01.2025;15:58:45.382;BAY SI 20250221 PS AM C 22.50 0;SIMPLE_INSTRUMENT;BLOCK;EUR;6;0.31000000;1800;EXCHANGE_LAST;;1;1;XEUR;12239450;168;
16.01.2025;10:10:33.930;BMW SI 20250620 PS AM C 84.00 0;SIMPLE_INSTRUMENT;BLOCK;EUR;8;2.92000000;1200;EXCHANGE_LAST;;1;1;XEUR;7899911;210;
16.01.2025;10:20:05.139;BMW SI 20250117 PS AM C 77.00 0;SIMPLE_INSTRUMENT;BLOCK;EUR;9;0.69000000;500;EXCHANGE_LAST;;1;1;XEUR;12070032;210;
16.01.2025;12:45:35.202;BMW.O.250116.STG.000010;STANDARD_OPTION_STRATEGY;BLOCK;EUR;14;7.29000000;500;EXCHANGE_LAST;;1;1;XEUR;72058495981109110;210;
16.01.2025;12:45:35.202;BMW SI 20250321 PS AM P 80.00 0;SIMPLE_INSTRUMENT;BLOCK;EUR;14;5.49000000;500;PRC_DECOMP_MEMBER;;;;XEUR;10832597;210;MEMBER
16.01.2025;12:45:35.202;BMW SI 20250321 PS AM C 84.00 0;SIMPLE_INSTRUMENT;BLOCK;EUR;14;1.80000000;500;PRC_DECOMP_MEMBER;;;;XEUR;10832542;210;MEMBER
16.01.2025;12:58:46.457;BMW SI 20250221 PS AM C 94.00 0;SIMPLE_INSTRUMENT;BLOCK;EUR;15;0.11000000;1000;EXCHANGE_LAST;;1;1;XEUR;12372320;210;
16.01.2025;13:19:38.383;BMW.O.250116.BLT.000013;STANDARD_OPTION_STRATEGY;BLOCK;EUR;16;1.70000000;1000;EXCHANGE_LAST;;1;1;XEUR;72058495981109113;210;
16.01.2025;13:19:38.383;BMW SI 20251219 PS AM C 84.00 0;SIMPLE_INSTRUMENT;BLOCK;EUR;16;4.44000000;1000;PRC_DECOMP_EXCHANGE;;;;XEUR;5923233;210;EXCHANGE
16.01.2025;13:19:38.383;BMW SI 20250620 PS AM C 84.00 0;SIMPLE_INSTRUMENT;BLOCK;EUR;16;2.74000000;1000;PRC_DECOMP_EXCHANGE;;;;XEUR;7899911;210;EXCHANGE
16.01.2025;13:28:59.967;BMW.O.250116.COMBO.000008;STANDARD_OPTION_STRATEGY;BLOCK;EUR;17;3.15000000;25500;EXCHANGE_LAST;;5;2;XEUR;72058495981109108;210;
16.01.2025;13:28:59.967;BMW SI 20261218 PS AM C 92.00 0;SIMPLE_INSTRUMENT;BLOCK;EUR;17;4.95000000;25500;PRC_DECOMP_MEMBER;;;;XEUR;7154232;210;MEMBER
16.01.2025;13:28:59.967;BMW SI 20261218 PS AM P 68.00 0;SIMPLE_INSTRUMENT;BLOCK;EUR;17;8.10000000;25500;PRC_DECOMP_MEMBER;;;;XEUR;7154238;210;MEMBER
16.01.2025;13:29:23.308;BMW SI 20250221 PS AM C 83.00 0;SIMPLE_INSTRUMENT;BLOCK;EUR;19;1.03000000;1000;EXCHANGE_LAST;;1;1;XEUR;12339267;210;
16.01.2025;13:39:01.800;BMW.O.250116.BER.000014;STANDARD_OPTION_STRATEGY;BLOCK;EUR;20;1.42000000;1500;EXCHANGE_LAST;;1;1;XEUR;72058495981109114;210;
16.01.2025;13:39:01.800;BMW SI 20250321 PS AM P 64.00 0;SIMPLE_INSTRUMENT;BLOCK;EUR;20;0.68000000;1500;PRC_DECOMP_EXCHANGE;;;;XEUR;10832577;210;EXCHANGE
16.01.2025;13:39:01.800;BMW SI 20250321 PS AM P 72.00 0;SIMPLE_INSTRUMENT;BLOCK;EUR;20;2.10000000;1500;PRC_DECOMP_EXCHANGE;;;;XEUR;10832605;210;EXCHANGE
16.01.2025;14:21:31.668;BMW.O.250116.COMBO.000008;STANDARD_OPTION_STRATEGY;BLOCK;EUR;22;3.15000000;5000;EXCHANGE_LAST;;1;1;XEUR;72058495981109108;210;
16.01.2025;14:21:31.668;BMW SI 20261218 PS AM C 92.00 0;SIMPLE_INSTRUMENT;BLOCK;EUR;22;4.95000000;5000;PRC_DECOMP_MEMBER;;;;XEUR;7154232;210;MEMBER
16.01.2025;14:21:31.668;BMW SI 20261218 PS AM P 68.00 0;SIMPLE_INSTRUMENT;BLOCK;EUR;22;8.10000000;5000;PRC_DECOMP_MEMBER;;;;XEUR;7154238;210;MEMBER
16.01.2025;15:43:58.500;BMW.O.250116.COMBO.000008;STANDARD_OPTION_STRATEGY;BLOCK;EUR;31;3.15000000;3000;EXCHANGE_LAST;;2;1;XEUR;72058495981109108;210;
16.01.2025;15:43:58.500;BMW SI 20261218 PS AM C 92.00 0;SIMPLE_INSTRUMENT;BLOCK;EUR;31;4.95000000;3000;PRC_DECOMP_MEMBER;;;;XEUR;7154232;210;MEMBER
16.01.2025;15:43:58.500;BMW SI 20261218 PS AM P 68.00 0;SIMPLE_INSTRUMENT;BLOCK;EUR;31;8.10000000;3000;PRC_DECOMP_MEMBER;;;;XEUR;7154238;210;MEMBER
16.01.2025;09:30:30.639;BNP SI 20251219 PS AM C 52.00 0;SIMPLE_INSTRUMENT;BLOCK;EUR;3;11.65000000;3150;EXCHANGE_LAST;;1;1;XEUR;5923363;237;
16.01.2025;09:30:42.969;BNP SI 20251219 PS AM P 52.00 0;SIMPLE_INSTRUMENT;BLOCK;EUR;4;3.00000000;3150;EXCHANGE_LAST;;1;1;XEUR;5923364;237;
16.01.2025;09:30:56.275;BNP SI 20251219 PS AM P 56.00 0;SIMPLE_INSTRUMENT;BLOCK;EUR;5;4.25000000;6000;EXCHANGE_LAST;;1;1;XEUR;5923366;237;
16.01.2025;10:15:44.490;BNP SI 20250321 PS AM C 66.00 0;SIMPLE_INSTRUMENT;BLOCK;EUR;6;1.33000000;2500;EXCHANGE_LAST;;1;1;XEUR;12372326;237;
16.01.2025;11:00:36.634;BNP SI 20250321 PS AM P 65.00 0;SIMPLE_INSTRUMENT;BLOCK;EUR;9;3.91000000;1000;EXCHANGE_LAST;;1;1;XEUR;12435419;237;
16.01.2025;11:20:32.618;BNP.O.250116.BER.000006;STANDARD_OPTION_STRATEGY;BLOCK;EUR;12;2.83000000;7500;EXCHANGE_LAST;;3;2;XEUR;72058611945199794;237;
16.01.2025;11:20:32.618;BNP SI 20250620 PS AM P 60.00 0;SIMPLE_INSTRUMENT;BLOCK;EUR;12;4.36000000;7500;PRC_DECOMP_EXCHANGE;;;;XEUR;7900161;237;EXCHANGE
16.01.2025;11:20:32.618;BNP SI 20250620 PS AM P 52.00 0;SIMPLE_INSTRUMENT;BLOCK;EUR;12;1.53000000;7500;PRC_DECOMP_EXCHANGE;;;;XEUR;7900150;237;EXCHANGE
16.01.2025;11:16:11.297;BNP SI 20260619 PS AM C 68.00 0;SIMPLE_INSTRUMENT;BLOCK;EUR;13;3.33000000;725;EXCHANGE_LAST;;1;1;XEUR;11479994;237;
16.01.2025;14:23:09.170;BNP SI 20250321 PS AM P 65.00 0;SIMPLE_INSTRUMENT;BLOCK;EUR;22;3.91000000;500;EXCHANGE_LAST;;1;1;XEUR;12435419;237;
16.01.2025;10:38:17.068;BSI.O.250116.BUL.000001;STANDARD_OPTION_STRATEGY;BLOCK;EUR;8;9.80000000;250;EXCHANGE_LAST;;1;1;XEUR;72385373057061367;76317;
16.01.2025;10:38:17.068;BSI SI 20250117 PS AM C 130.00 0;SIMPLE_INSTRUMENT;BLOCK;EUR;8;18.73000000;250;PRC_DECOMP_EXCHANGE;;;;XEUR;12097622;76317;EXCHANGE
16.01.2025;10:38:17.068;BSI SI 20250117 PS AM C 140.00 0;SIMPLE_INSTRUMENT;BLOCK;EUR;8;8.93000000;250;PRC_DECOMP_EXCHANGE;;;;XEUR;12097612;76317;EXCHANGE
16.01.2025;10:38:22.053;BSI.O.250116.BUL.000001;STANDARD_OPTION_STRATEGY;BLOCK;EUR;9;9.80000000;250;EXCHANGE_LAST;;1;1;XEUR;72385373057061367;76317;
16.01.2025;10:38:22.053;BSI SI 20250117 PS AM C 140.00 0;SIMPLE_INSTRUMENT;BLOCK;EUR;9;8.93000000;250;PRC_DECOMP_MEMBER;;;;XEUR;12097612;76317;MEMBER
16.01.2025;10:38:22.053;BSI SI 20250117 PS AM C 130.00 0;SIMPLE_INSTRUMENT;BLOCK;EUR;9;18.73000000;250;PRC_DECOMP_MEMBER;;;;XEUR;12097622;76317;MEMBER
16.01.2025;15:18:59.833;C2GM SI 20251219 CS;SIMPLE_INSTRUMENT;BLOCK;EUR;77;3.50000000;50;EXCHANGE_LAST;;1;1;XEUR;5914442;151313;
16.01.2025;16:57:20.592;C2GM SI 20261218 CS;SIMPLE_INSTRUMENT;BLOCK;EUR;103;3.60000000;50;EXCHANGE_LAST;;1;1;XEUR;6825171;151313;
16.01.2025;12:53:59.701;C4RI SI 20261218 CS;SIMPLE_INSTRUMENT;BLOCK;EUR;44;2.85000000;250;EXCHANGE_LAST;;1;1;XEUR;6821680;50862;
16.01.2025;13:29:21.372;C4RI SI 20251219 CS;SIMPLE_INSTRUMENT;BLOCK;EUR;49;2.64000000;500;EXCHANGE_LAST;;1;1;XEUR;5914459;50862;
16.01.2025;10:47:40.811;CBK SI 20250321 PS AM C 18.00 0;SIMPLE_INSTRUMENT;BLOCK;EUR;5;0.65000000;12500;EXCHANGE_LAST;;1;4;XEUR;10833957;268;
16.01.2025;14:19:12.192;CBK SI 20250919 PS AM C 19.00 0;SIMPLE_INSTRUMENT;BLOCK;EUR;12;0.93000000;5000;EXCHANGE_LAST;;1;1;XEUR;11875664;268;
16.01.2025;08:42:20.524;CFR.O.250116.BER.000013;STANDARD_OPTION_STRATEGY;BLOCK;CHF;1;12.40000000;600;EXCHANGE_LAST;;1;1;XEUR;72058938362728367;313;
16.01.2025;08:42:20.524;CFR SI 20251219 PS AM P 130.00 0;SIMPLE_INSTRUMENT;BLOCK;CHF;1;6.65000000;600;PRC_DECOMP_EXCHANGE;;;;XEUR;10944845;313;EXCHANGE
16.01.2025;08:42:20.524;CFR SI 20251219 PS AM P 160.00 0;SIMPLE_INSTRUMENT;BLOCK;CHF;1;19.05000000;600;PRC_DECOMP_EXCHANGE;;;;XEUR;9996452;313;EXCHANGE
16.01.2025;08:50:03.872;CFR SI 20250117 PS AM C 150.00 0;SIMPLE_INSTRUMENT;BLOCK;CHF;4;9.94000000;1900;EXCHANGE_LAST;;1;1;XEUR;12361725;313;
16.01.2025;09:01:38.859;CFR.O.250116.STG.000020;STANDARD_OPTION_STRATEGY;BLOCK;CHF;5;16.30000000;750;EXCHANGE_LAST;;1;1;XEUR;72058938362728374;313;
16.01.2025;09:01:38.859;CFR SI 20250620 PS AM P 150.00 0;SIMPLE_INSTRUMENT;BLOCK;CHF;5;8.24000000;750;PRC_DECOMP_EXCHANGE;;;;XEUR;11354569;313;EXCHANGE
16.01.2025;09:01:38.859;CFR SI 20250620 PS AM C 170.00 0;SIMPLE_INSTRUMENT;BLOCK;CHF;5;8.06000000;750;PRC_DECOMP_EXCHANGE;;;;XEUR;11354567;313;EXCHANGE
16.01.2025;09:25:11.746;CFR SI 20250117 PS AM C 148.00 0;SIMPLE_INSTRUMENT;BLOCK;CHF;6;12.92000000;400;EXCHANGE_LAST;;1;1;XEUR;12071553;313;
16.01.2025;09:28:27.877;CFR.O.250116.STG.000021;STANDARD_OPTION_STRATEGY;BLOCK;CHF;8;28.95000000;300;EXCHANGE_LAST;;1;1;XEUR;72058938362728375;313;
16.01.2025;09:28:27.877;CFR SI 20251219 PS AM C 180.00 0;SIMPLE_INSTRUMENT;BLOCK;CHF;8;11.68000000;300;PRC_DECOMP_EXCHANGE;;;;XEUR;9996453;313;EXCHANGE
16.01.2025;09:28:27.877;CFR SI 20251219 PS AM P 160.00 0;SIMPLE_INSTRUMENT;BLOCK;CHF;8;17.27000000;300;PRC_DECOMP_EXCHANGE;;;;XEUR;9996452;313;EXCHANGE
16.01.2025;09:35:02.675;CFR FI 20250219 CS EU C 171.0000 0;FLEXIBLE_INSTRUMENT;BLOCK;CHF;12;3.43000000;400;EXCHANGE_LAST;;1;1;XEUR;1152922848931627655;313;
16.01.2025;09:40:44.322;CFR SI 20250117 PS AM C 148.00 0;SIMPLE_INSTRUMENT;BLOCK;CHF;16;14.70000000;400;EXCHANGE_LAST;;1;1;XEUR;12071553;313;
16.01.2025;10:19:17.314;CFR SI 20250321 PS AM P 140.00 0;SIMPLE_INSTRUMENT;BLOCK;CHF;23;1.30000000;700;EXCHANGE_LAST;;1;1;XEUR;10834902;313;
16.01.2025;10:16:04.947;CFR.O.250116.BER.000023;STANDARD_OPTION_STRATEGY;BLOCK;CHF;24;4.15000000;1600;EXCHANGE_LAST;;1;1;XEUR;72058938362728377;313;
16.01.2025;10:16:04.947;CFR SI 20250321 PS AM P 146.00 0;SIMPLE_INSTRUMENT;BLOCK;CHF;24;2.28000000;1600;PRC_DECOMP_EXCHANGE;;;;XEUR;12209365;313;EXCHANGE
16.01.2025;10:16:04.947;CFR SI 20250321 PS AM P 160.00 0;SIMPLE_INSTRUMENT;BLOCK;CHF;24;6.43000000;1600;PRC_DECOMP_EXCHANGE;;;;XEUR;10834861;313;EXCHANGE
16.01.2025;11:01:56.287;CFR SI 20251219 PS AM C 180.00 0;SIMPLE_INSTRUMENT;BLOCK;CHF;42;11.00000000;900;EXCHANGE_LAST;;2;2;XEUR;9996453;313;
16.01.2025;12:32:55.518;CFR SI 20250321 PS AM P 140.00 0;SIMPLE_INSTRUMENT;BLOCK;CHF;50;1.60000000;500;EXCHANGE_LAST;;1;1;XEUR;10834902;313;
16.01.2025;14:44:51.004;CFR SI 20250620 PS AM C 140.00 0;SIMPLE_INSTRUMENT;BLOCK;CHF;65;25.80000000;500;EXCHANGE_LAST;;1;1;XEUR;9996498;313;
16.01.2025;16:25:38.272;CFR SI 20250620 PS AM P 138.78 1;SIMPLE_INSTRUMENT;BLOCK;CHF;84;4.30000000;350;EXCHANGE_LAST;;1;1;XEUR;8440616;313;
16.01.2025;09:25:42.730;CGM SI 20250117 PS AM C 162.00 0;SIMPLE_INSTRUMENT;BLOCK;EUR;2;0.42000000;500;EXCHANGE_LAST;;1;1;XEUR;12071360;317;
16.01.2025;13:30:48.217;CGM SI 20250117 PS AM C 162.00 0;SIMPLE_INSTRUMENT;BLOCK;EUR;20;1.10000000;836;EXCHANGE_LAST;;1;1;XEUR;12071360;317;
16.01.2025;12:43:59.987;CON SI 20250620 PS AM C 72.00 0;SIMPLE_INSTRUMENT;BLOCK;EUR;13;3.35000000;400;EXCHANGE_LAST;;1;1;XEUR;11406227;414620;
16.01.2025;13:30:21.000;CON SI 20250620 PS AM C 72.00 0;SIMPLE_INSTRUMENT;BLOCK;EUR;18;3.35000000;600;EXCHANGE_LAST;;1;1;XEUR;11406227;414620;
16.01.2025;09:37:34.952;D3AI SI 20261218 CS;SIMPLE_INSTRUMENT;BLOCK;EUR;6;3.15000000;50;EXCHANGE_LAST;;1;1;XEUR;7144051;443197;
16.01.2025;13:55:14.913;D3AI SI 20251219 CS;SIMPLE_INSTRUMENT;BLOCK;EUR;58;4.18000000;100;EXCHANGE_LAST;;1;1;XEUR;7144062;443197;
16.01.2025;09:39:13.544;DAI SI 20250117 PS AM C 57.00 0;SIMPLE_INSTRUMENT;BLOCK;EUR;3;0.18000000;1000;EXCHANGE_LAST;;1;1;XEUR;12107438;443196;
16.01.2025;09:38:51.194;DAI SI 20250117 PS AM C 57.00 0;SIMPLE_INSTRUMENT;BLOCK;EUR;4;0.19000000;1000;EXCHANGE_LAST;;1;1;XEUR;12107438;443196;
16.01.2025;10:03:47.142;DAI.O.250116.BLT.000007;STANDARD_OPTION_STRATEGY;BLOCK;EUR;7;0.69000000;1000;EXCHANGE_LAST;;1;1;XEUR;73961106363663678;443196;
16.01.2025;10:03:47.142;DAI SI 20250321 PS AM C 60.00 0;SIMPLE_INSTRUMENT;BLOCK;EUR;7;1.26000000;1000;PRC_DECOMP_EXCHANGE;;;;XEUR;10884520;443196;EXCHANGE
16.01.2025;10:03:47.142;DAI SI 20250620 PS AM C 60.00 0;SIMPLE_INSTRUMENT;BLOCK;EUR;7;1.95000000;1000;PRC_DECOMP_EXCHANGE;;;;XEUR;7934293;443196;EXCHANGE
16.01.2025;10:48:33.605;DAI SI 20250321 PS AM C 58.00 0;SIMPLE_INSTRUMENT;BLOCK;EUR;10;2.05000000;750;EXCHANGE_LAST;;1;1;XEUR;12490194;443196;
16.01.2025;15:32:21.513;DAI.O.250116.STD.000016;STANDARD_OPTION_STRATEGY;BLOCK;EUR;30;10.20000000;750;EXCHANGE_LAST;;1;1;XEUR;73961106363663687;443196;
16.01.2025;15:32:21.513;DAI SI 20250620 PS AM P 60.00 0;SIMPLE_INSTRUMENT;BLOCK;EUR;30;8.45000000;750;PRC_DECOMP_EXCHANGE;;;;XEUR;7934298;443196;EXCHANGE
16.01.2025;15:32:21.513;DAI SI 20250620 PS AM C 60.00 0;SIMPLE_INSTRUMENT;BLOCK;EUR;30;1.75000000;750;PRC_DECOMP_EXCHANGE;;;;XEUR;7934293;443196;EXCHANGE
16.01.2025;10:09:23.686;DBK SI 20261218 PS AM C 20.00 0;SIMPLE_INSTRUMENT;BLOCK;EUR;3;2.15000000;2500;EXCHANGE_LAST;;1;1;XEUR;7356549;362;
16.01.2025;16:22:38.006;DTE SI 20251219 PS AM P 26.00 0;SIMPLE_INSTRUMENT;BLOCK;EUR;14;0.72000000;5000;EXCHANGE_LAST;;1;2;XEUR;12057162;424;
16.01.2025;16:43:59.556;DTEF SI 20250321 CS;SIMPLE_INSTRUMENT;BLOCK;EUR;101;30.31500000;3500;EXCHANGE_LAST;;1;1;XEUR;10698021;430;
16.01.2025;09:05:31.033;DTG SI 20250117 PS AM C 39.50 0;SIMPLE_INSTRUMENT;BLOCK;EUR;1;0.14000000;750;EXCHANGE_LAST;;1;1;XEUR;12490511;455942;
16.01.2025;13:35:25.178;E2NL SI 20250321 CS;SIMPLE_INSTRUMENT;BLOCK;EUR;50;0.21500000;1305;EXCHANGE_LAST;;1;2;XEUR;10403435;471;
16.01.2025;14:48:09.180;E2NL SI 20250321 CS;SIMPLE_INSTRUMENT;BLOCK;EUR;71;0.21500000;870;EXCHANGE_LAST;;1;1;XEUR;10403435;471;
16.01.2025;09:11:44.915;EADG SI 20250117 CS;SIMPLE_INSTRUMENT;BLOCK;EUR;3;155.26000000;3000;EXCHANGE_LAST;;1;1;XEUR;11420370;840008;
16.01.2025;13:10:49.283;ENR SI 20250221 PS AM P 42.00 0;SIMPLE_INSTRUMENT;BLOCK;EUR;5;0.57000000;500;EXCHANGE_LAST;;1;1;XEUR;12273399;298530;
16.01.2025;13:10:49.634;ENR SI 20250221 PS AM P 48.00 0;SIMPLE_INSTRUMENT;BLOCK;EUR;6;2.25000000;500;EXCHANGE_LAST;;1;1;XEUR;12273374;298530;
16.01.2025;13:39:12.922;ENR SI 20250221 PS AM C 54.00 0;SIMPLE_INSTRUMENT;BLOCK;EUR;7;2.43000000;600;EXCHANGE_LAST;;1;1;XEUR;12273411;298530;
16.01.2025;13:39:13.590;ENR SI 20250221 PS AM C 54.00 0;SIMPLE_INSTRUMENT;BLOCK;EUR;8;2.44000000;600;EXCHANGE_LAST;;1;1;XEUR;12273411;298530;
16.01.2025;13:39:20.082;ENR SI 20250221 PS AM C 62.00 0;SIMPLE_INSTRUMENT;BLOCK;EUR;9;0.73000000;1800;EXCHANGE_LAST;;1;1;XEUR;12327356;298530;
16.01.2025;14:35:55.406;ENR SI 20250221 PS AM C 52.00 0;SIMPLE_INSTRUMENT;BLOCK;EUR;11;3.10000000;1125;EXCHANGE_LAST;;1;1;XEUR;12273423;298530;
16.01.2025;14:36:06.229;ENR SI 20250221 PS AM C 56.00 0;SIMPLE_INSTRUMENT;BLOCK;EUR;12;1.55000000;2250;EXCHANGE_LAST;;1;1;XEUR;12273415;298530;
16.01.2025;15:49:16.233;ENR SI 20251219 PS AM P 52.00 0;SIMPLE_INSTRUMENT;BLOCK;EUR;13;10.03000000;600;EXCHANGE_LAST;;1;1;XEUR;11254321;298530;
16.01.2025;16:33:12.624;ENR SI 20250919 PS AM P 46.00 0;SIMPLE_INSTRUMENT;BLOCK;EUR;15;5.60000000;2000;EXCHANGE_LAST;;1;2;XEUR;11919393;298530;
16.01.2025;13:48:24.911;F3IA SI 20251219 CS;SIMPLE_INSTRUMENT;BLOCK;EUR;57;0.52000000;1000;EXCHANGE_LAST;;1;1;XEUR;6633988;390387;
16.01.2025;14:19:20.451;F3IA SI 20251219 CS;SIMPLE_INSTRUMENT;BLOCK;EUR;66;0.52000000;400;EXCHANGE_LAST;;1;1;XEUR;6633988;390387;
16.01.2025;10:04:28.679;FBTP SI 20250306 PS;SIMPLE_INSTRUMENT;BLOCK;EUR;1;118.45000000;2000;EXCHANGE_LAST;;1;1;XEUR;11286675;636;
16.01.2025;10:11:47.370;FBTP SI 20250306 PS;SIMPLE_INSTRUMENT;EFP_FIN;EUR;2;118.38000000;896;EXCHANGE_LAST;;1;1;XEUR;11286675;636;
16.01.2025;10:15:00.098;FBTP SI 20250306 PS;SIMPLE_INSTRUMENT;EFP_FIN;EUR;3;118.47000000;793;EXCHANGE_LAST;;1;1;XEUR;11286675;636;
16.01.2025;10:15:54.126;FBTP SI 20250306 PS;SIMPLE_INSTRUMENT;EFP_FIN;EUR;4;118.46000000;695;EXCHANGE_LAST;;1;1;XEUR;11286675;636;
16.01.2025;10:35:36.197;FBTP SI 20250306 PS;SIMPLE_INSTRUMENT;EFP_FIN;EUR;5;118.50000000;112;EXCHANGE_LAST;;1;1;XEUR;11286675;636;
16.01.2025;10:38:58.208;FBTP SI 20250306 PS;SIMPLE_INSTRUMENT;EFP_FIN;EUR;6;118.50000000;178;EXCHANGE_LAST;;1;1;XEUR;11286675;636;
16.01.2025;10:48:41.193;FBTP SI 20250306 PS;SIMPLE_INSTRUMENT;EFP_FIN;EUR;7;118.53000000;1172;EXCHANGE_LAST;;1;1;XEUR;11286675;636;
16.01.2025;10:59:02.063;FBTP SI 20250306 PS;SIMPLE_INSTRUMENT;EFP_FIN;EUR;8;118.55000000;434;EXCHANGE_LAST;;1;1;XEUR;11286675;636;
16.01.2025;11:35:42.523;FBTP SI 20250306 PS;SIMPLE_INSTRUMENT;EFP_FIN;EUR;9;118.47000000;224;EXCHANGE_LAST;;1;1;XEUR;11286675;636;
16.01.2025;11:48:22.872;FBTP SI 20250306 PS;SIMPLE_INSTRUMENT;EFP_FIN;EUR;10;118.45000000;484;EXCHANGE_LAST;;1;1;XEUR;11286675;636;
16.01.2025;11:48:22.872;FBTP SI 20250306 PS;SIMPLE_INSTRUMENT;EFP_FIN;EUR;11;118.45000000;484;EXCHANGE_LAST;;1;1;XEUR;11286675;636;
16.01.2025;11:51:51.437;FBTP SI 20250306 PS;SIMPLE_INSTRUMENT;EFP_FIN;EUR;12;118.45000000;1343;EXCHANGE_LAST;;1;1;XEUR;11286675;636;
16.01.2025;12:26:21.777;FBTP SI 20250306 PS;SIMPLE_INSTRUMENT;BLOCK;EUR;13;118.49000000;671;EXCHANGE_LAST;;1;1;XEUR;11286675;636;
16.01.2025;12:59:06.066;FBTP SI 20250306 PS;SIMPLE_INSTRUMENT;EFP_FIN;EUR;14;118.46000000;968;EXCHANGE_LAST;;1;1;XEUR;11286675;636;
16.01.2025;13:15:54.965;FBTP SI 20250306 PS;SIMPLE_INSTRUMENT;EFP_FIN;EUR;15;118.44000000;896;EXCHANGE_LAST;;1;1;XEUR;11286675;636;
16.01.2025;14:07:18.532;FBTP SI 20250306 PS;SIMPLE_INSTRUMENT;BLOCK;EUR;16;118.44000000;1192;EXCHANGE_LAST;;1;1;XEUR;11286675;636;
16.01.2025;14:11:41.539;FBTP SI 20250306 PS;SIMPLE_INSTRUMENT;EFP_FIN;EUR;17;118.38000000;160;EXCHANGE_LAST;;1;1;XEUR;11286675;636;
16.01.2025;14:30:20.793;FBTP SI 20250306 PS;SIMPLE_INSTRUMENT;EFP_FIN;EUR;18;118.31000000;102;EXCHANGE_LAST;;1;1;XEUR;11286675;636;
16.01.2025;14:48:47.935;FBTP SI 20250306 PS;SIMPLE_INSTRUMENT;EFP_FIN;EUR;19;118.46000000;212;EXCHANGE_LAST;;1;1;XEUR;11286675;636;
16.01.2025;15:03:41.147;FBTP SI 20250306 PS;SIMPLE_INSTRUMENT;EFP_FIN;EUR;20;118.57000000;475;EXCHANGE_LAST;;1;1;XEUR;11286675;636;
16.01.2025;15:10:37.923;FBTP SI 20250306 PS;SIMPLE_INSTRUMENT;EFP_FIN;EUR;21;118.57000000;573;EXCHANGE_LAST;;1;1;XEUR;11286675;636;
16.01.2025;15:33:19.265;FBTP SI 20250306 PS;SIMPLE_INSTRUMENT;EFP_FIN;EUR;22;118.66000000;849;EXCHANGE_LAST;;1;1;XEUR;11286675;636;
16.01.2025;16:08:46.602;FBTP SI 20250306 PS;SIMPLE_INSTRUMENT;BLOCK;EUR;23;118.74000000;2491;EXCHANGE_LAST;;1;1;XEUR;11286675;636;
16.01.2025;16:29:09.611;FBTP SI 20250306 PS;SIMPLE_INSTRUMENT;EFP_FIN;EUR;24;118.86000000;556;EXCHANGE_LAST;;1;1;XEUR;11286675;636;
16.01.2025;16:38:12.160;FBTP SI 20250306 PS;SIMPLE_INSTRUMENT;EFP_FIN;EUR;25;118.86000000;1790;EXCHANGE_LAST;;1;1;XEUR;11286675;636;
16.01.2025;16:41:02.247;FBTP SI 20250306 PS;SIMPLE_INSTRUMENT;EFP_FIN;EUR;26;118.86000000;145;EXCHANGE_LAST;;1;1;XEUR;11286675;636;
16.01.2025;16:57:29.107;FBTP SI 20250306 PS;SIMPLE_INSTRUMENT;EFP_FIN;EUR;27;118.87000000;248;EXCHANGE_LAST;;1;1;XEUR;11286675;636;
16.01.2025;17:02:33.295;FBTP SI 20250306 PS;SIMPLE_INSTRUMENT;EFP_FIN;EUR;28;118.90000000;448;EXCHANGE_LAST;;1;1;XEUR;11286675;636;
16.01.2025;17:04:27.734;FBTP SI 20250306 PS;SIMPLE_INSTRUMENT;EFP_FIN;EUR;29;118.90000000;1790;EXCHANGE_LAST;;1;1;XEUR;11286675;636;
16.01.2025;10:24:52.140;FBTS SI 20250306 PS;SIMPLE_INSTRUMENT;EFP_FIN;EUR;8;106.99000000;908;EXCHANGE_LAST;;1;1;XEUR;11286677;639;
16.01.2025;10:50:58.655;FBTS SI 20250306 PS;SIMPLE_INSTRUMENT;EFP_FIN;EUR;10;107.01000000;457;EXCHANGE_LAST;;1;1;XEUR;11286677;639;
16.01.2025;11:04:27.204;FBTS SI 20250306 PS;SIMPLE_INSTRUMENT;EFP_FIN;EUR;11;107.02000000;1588;EXCHANGE_LAST;;1;1;XEUR;11286677;639;
16.01.2025;11:27:37.558;FBTS SI 20250306 PS;SIMPLE_INSTRUMENT;EFP_FIN;EUR;12;106.98000000;1589;EXCHANGE_LAST;;1;1;XEUR;11286677;639;
16.01.2025;12:26:02.604;FBTS SI 20250306 PS;SIMPLE_INSTRUMENT;EFP_FIN;EUR;15;107.02000000;439;EXCHANGE_LAST;;1;1;XEUR;11286677;639;
16.01.2025;13:40:19.828;FBTS SI 20250306 PS;SIMPLE_INSTRUMENT;EFP_FIN;EUR;21;107.01000000;940;EXCHANGE_LAST;;1;1;XEUR;11286677;639;
16.01.2025;13:58:31.734;FBTS SI 20250306 PS;SIMPLE_INSTRUMENT;EFP_FIN;EUR;22;107.02000000;363;EXCHANGE_LAST;;1;1;XEUR;11286677;639;
16.01.2025;14:14:49.639;FBTS SI 20250306 PS;SIMPLE_INSTRUMENT;EFP_FIN;EUR;24;107.02000000;2664;EXCHANGE_LAST;;1;1;XEUR;11286677;639;
16.01.2025;15:52:01.853;FBTS SI 20250306 PS;SIMPLE_INSTRUMENT;EFP_FIN;EUR;29;107.11000000;681;EXCHANGE_LAST;;1;1;XEUR;11286677;639;
16.01.2025;15:55:23.451;FBTS SI 20250306 PS;SIMPLE_INSTRUMENT;EFP_FIN;EUR;30;107.11000000;1816;EXCHANGE_LAST;;1;1;XEUR;11286677;639;
16.01.2025;15:56:19.936;FBTS SI 20250306 PS;SIMPLE_INSTRUMENT;BLOCK;EUR;31;107.02000000;363;EXCHANGE_LAST;;1;1;XEUR;11286677;639;
16.01.2025;16:07:21.531;FBTS SI 20250306 PS;SIMPLE_INSTRUMENT;EFP_FIN;EUR;32;107.09000000;134;EXCHANGE_LAST;;1;1;XEUR;11286677;639;
16.01.2025;16:41:02.842;FBTS SI 20250306 PS;SIMPLE_INSTRUMENT;EFS;EUR;36;107.13000000;936;EXCHANGE_LAST;;1;1;XEUR;11286677;639;
16.01.2025;08:29:57.249;FCMU SI 20250317 CS;SIMPLE_INSTRUMENT;BLOCK;USD;3;0.04817000;170;EXCHANGE_LAST;;1;1;XEUR;11329545;570874;
16.01.2025;15:45:07.768;FCMU SI 20250317 CS;SIMPLE_INSTRUMENT;BLOCK;USD;5;0.04777000;150;EXCHANGE_LAST;;1;1;XEUR;11329545;570874;
16.01.2025;15:54:08.020;FCMU SI 20250317 CS;SIMPLE_INSTRUMENT;BLOCK;USD;6;0.04772000;150;EXCHANGE_LAST;;1;1;XEUR;11329545;570874;
16.01.2025;10:49:40.822;FCNS SI 20250317 PS;SIMPLE_INSTRUMENT;EFP_IDX;SEK;4;0.97957000;336;EXCHANGE_LAST;;1;1;XEUR;9136391;402911;
16.01.2025;08:20:35.637;FCZU SI 20250317 CS;SIMPLE_INSTRUMENT;BLOCK;USD;1;0.05288000;25;EXCHANGE_LAST;;1;1;XEUR;11329546;570872;
16.01.2025;08:28:03.478;FCZU SI 20250317 CS;SIMPLE_INSTRUMENT;BLOCK;USD;2;0.05281000;100;EXCHANGE_LAST;;1;1;XEUR;11329546;570872;
16.01.2025;09:32:52.914;FD3D SI 20251219 CS;SIMPLE_INSTRUMENT;BLOCK;EUR;7;105.00000000;500;EXCHANGE_LAST;;1;1;XEUR;5914068;588;
16.01.2025;09:43:11.963;FD3D SI 20261218 CS;SIMPLE_INSTRUMENT;BLOCK;EUR;10;102.60000000;250;EXCHANGE_LAST;;1;1;XEUR;7158183;588;
16.01.2025;10:32:56.959;FD3D SI 20251219 CS;SIMPLE_INSTRUMENT;BLOCK;EUR;11;105.00000000;506;EXCHANGE_LAST;;1;1;XEUR;5914068;588;
16.01.2025;11:20:20.621;FDAX SI 20250321 CS;SIMPLE_INSTRUMENT;VOLA;EUR;671088646;20740.00000000;90;EXCHANGE_LAST;;1;1;XEUR;7561255;589;
16.01.2025;16:36:14.642;FDAX SI 20250321 CS;SIMPLE_INSTRUMENT;VOLA;EUR;671088654;20735.00000000;42;EXCHANGE_LAST;;1;1;XEUR;7561255;589;
16.01.2025;16:36:56.998;FDAX SI 20250321 CS;SIMPLE_INSTRUMENT;VOLA;EUR;671088655;20735.00000000;33;EXCHANGE_LAST;;1;1;XEUR;7561255;589;
16.01.2025;09:28:02.862;FEBD SI 20271217 CS;SIMPLE_INSTRUMENT;BLOCK;EUR;6;9.06000000;750;EXCHANGE_LAST;;2;1;XEUR;7776307;597;
16.01.2025;09:45:58.748;FEBD SI 20271217 CS;SIMPLE_INSTRUMENT;BLOCK;EUR;8;9.06000000;200;EXCHANGE_LAST;;1;1;XEUR;7776307;597;
16.01.2025;14:55:32.306;FEBD SI 20261218 CS;SIMPLE_INSTRUMENT;BLOCK;EUR;29;9.93000000;450;EXCHANGE_LAST;;1;2;XEUR;7158212;597;
16.01.2025;15:11:45.030;FEBD SI 20261218 CS;SIMPLE_INSTRUMENT;BLOCK;EUR;31;9.93000000;300;EXCHANGE_LAST;;1;1;XEUR;7158212;597;
16.01.2025;15:06:09.228;FECX SI 20250321 CS;SIMPLE_INSTRUMENT;BLOCK;EUR;30;164.80000000;790;EXCHANGE_LAST;;1;1;XEUR;11427948;410158;
16.01.2025;16:11:21.955;FECX SI 20250321 CS;SIMPLE_INSTRUMENT;BLOCK;EUR;34;165.06000000;38;EXCHANGE_LAST;;1;1;XEUR;11427948;410158;
16.01.2025;16:30:21.819;FECX SI 20250321 CS;SIMPLE_INSTRUMENT;BLOCK;EUR;36;165.00000000;130;EXCHANGE_LAST;;1;1;XEUR;11427948;410158;
16.01.2025;10:56:28.311;FESB SI 20250321 CS;SIMPLE_INSTRUMENT;BLOCK;EUR;38;156.50000000;10000;EXCHANGE_LAST;;1;1;XEUR;11359072;605;
16.01.2025;14:29:11.810;FESB SI 20250321 CS;SIMPLE_INSTRUMENT;BLOCK;EUR;42;156.00000000;1920;EXCHANGE_LAST;;1;1;XEUR;11359072;605;
16.01.2025;14:54:20.879;FESB SI 20250321 CS;SIMPLE_INSTRUMENT;BLOCK;EUR;44;156.10000000;2550;EXCHANGE_LAST;;1;1;XEUR;11359072;605;
16.01.2025;14:25:51.594;FESB SI 20250321 CS;SIMPLE_INSTRUMENT;VOLA;EUR;603979824;154.50000000;300;EXCHANGE_LAST;;1;1;XEUR;11359072;605;
16.01.2025;16:06:50.063;FESK SI 20250321 CS;SIMPLE_INSTRUMENT;BLOCK;EUR;4;469.60000000;516;EXCHANGE_LAST;;1;1;XEUR;11399139;285660;
16.01.2025;16:06:40.148;FESK SI 20250321 CS;SIMPLE_INSTRUMENT;BLOCK;EUR;5;469.70000000;344;EXCHANGE_LAST;;1;1;XEUR;11399139;285660;
16.01.2025;08:59:00.987;FESN SI 20250321 CS;SIMPLE_INSTRUMENT;VOLA;EUR;603979785;633.40000000;21;EXCHANGE_LAST;;1;1;XEUR;11359655;682;
16.01.2025;09:00:59.410;FESN SI 20250321 CS;SIMPLE_INSTRUMENT;VOLA;EUR;603979787;633.40000000;20;EXCHANGE_LAST;;1;1;XEUR;11359655;682;
16.01.2025;10:49:38.733;FESX SI 20250321 CS;SIMPLE_INSTRUMENT;BLOCK;EUR;1;5111.00000000;2000;EXCHANGE_LAST;;1;1;XEUR;7793482;675;
16.01.2025;11:33:28.507;FESX SI 20250321 CS;SIMPLE_INSTRUMENT;BLOCK;EUR;2;5112.00000000;13000;EXCHANGE_LAST;;1;1;XEUR;7793482;675;
16.01.2025;12:42:00.491;FESX SI 20250321 CS;SIMPLE_INSTRUMENT;BLOCK;EUR;3;5110.00000000;2000;EXCHANGE_LAST;;1;1;XEUR;7793482;675;
16.01.2025;12:50:44.329;FESX SI 20250321 CS;SIMPLE_INSTRUMENT;BLOCK;EUR;4;5115.00000000;5000;EXCHANGE_LAST;;1;1;XEUR;7793482;675;
16.01.2025;13:02:48.703;FESX SI 20250321 CS;SIMPLE_INSTRUMENT;EFP_IDX;EUR;5;5115.00000000;1000;EXCHANGE_LAST;;1;1;XEUR;7793482;675;
16.01.2025;13:01:34.011;FESX SI 20250321 CS;SIMPLE_INSTRUMENT;EFP_IDX;EUR;6;5115.00000000;1000;EXCHANGE_LAST;;1;1;XEUR;7793482;675;
16.01.2025;13:49:26.788;FESX SI 20250321 CS;SIMPLE_INSTRUMENT;BLOCK;EUR;7;5115.00000000;5000;EXCHANGE_LAST;;1;1;XEUR;7793482;675;
16.01.2025;13:52:55.437;FESX SI 20250321 CS;SIMPLE_INSTRUMENT;BLOCK;EUR;8;5118.00000000;2000;EXCHANGE_LAST;;1;1;XEUR;7793482;675;
16.01.2025;14:14:56.459;FESX SI 20250321 CS;SIMPLE_INSTRUMENT;BLOCK;EUR;9;5115.00000000;2000;EXCHANGE_LAST;;1;1;XEUR;7793482;675;
16.01.2025;15:25:19.297;FESX SI 20250321 CS;SIMPLE_INSTRUMENT;BLOCK;EUR;10;5106.00000000;2109;EXCHANGE_LAST;;1;1;XEUR;7793482;675;
16.01.2025;16:34:36.865;FESX SI 20250321 CS;SIMPLE_INSTRUMENT;BLOCK;EUR;11;5113.00000000;2500;EXCHANGE_LAST;;1;1;XEUR;7793482;675;
16.01.2025;16:48:49.610;FESX SI 20250321 CS;SIMPLE_INSTRUMENT;EFP_IDX;EUR;12;5122.00000000;494;EXCHANGE_LAST;;1;1;XEUR;7793482;675;
16.01.2025;16:48:58.835;FESX SI 20250321 CS;SIMPLE_INSTRUMENT;EFP_IDX;EUR;13;5123.00000000;109;EXCHANGE_LAST;;1;1;XEUR;7793482;675;
16.01.2025;16:43:12.162;FESX SI 20250321 CS;SIMPLE_INSTRUMENT;EFP_IDX;EUR;14;5122.00000000;268;EXCHANGE_LAST;;1;1;XEUR;7793482;675;
16.01.2025;16:43:24.538;FESX SI 20250321 CS;SIMPLE_INSTRUMENT;EFP_IDX;EUR;15;5123.00000000;132;EXCHANGE_LAST;;1;1;XEUR;7793482;675;
16.01.2025;16:46:08.732;FESX SI 20250321 CS;SIMPLE_INSTRUMENT;EFP_IDX;EUR;16;5123.00000000;180;EXCHANGE_LAST;;1;1;XEUR;7793482;675;
16.01.2025;16:46:10.203;FESX SI 20250321 CS;SIMPLE_INSTRUMENT;EFP_IDX;EUR;17;5122.00000000;820;EXCHANGE_LAST;;1;1;XEUR;7793482;675;
16.01.2025;16:48:09.662;FESX SI 20250321 CS;SIMPLE_INSTRUMENT;EFP_IDX;EUR;18;5123.00000000;34;EXCHANGE_LAST;;1;1;XEUR;7793482;675;
16.01.2025;16:48:31.387;FESX SI 20250321 CS;SIMPLE_INSTRUMENT;EFP_IDX;EUR;19;5122.00000000;113;EXCHANGE_LAST;;1;1;XEUR;7793482;675;
16.01.2025;16:52:14.897;FESX SI 20250321 CS;SIMPLE_INSTRUMENT;EFP_IDX;EUR;20;5122.00000000;1538;EXCHANGE_LAST;;1;1;XEUR;7793482;675;
16.01.2025;16:51:59.333;FESX SI 20250321 CS;SIMPLE_INSTRUMENT;EFP_IDX;EUR;21;5123.00000000;338;EXCHANGE_LAST;;1;1;XEUR;7793482;675;
16.01.2025;16:59:15.747;FESX SI 20250321 CS;SIMPLE_INSTRUMENT;EFP_IDX;EUR;22;5122.00000000;347;EXCHANGE_LAST;;1;1;XEUR;7793482;675;
16.01.2025;16:53:51.142;FESX SI 20250321 CS;SIMPLE_INSTRUMENT;EFP_IDX;EUR;23;5122.00000000;63;EXCHANGE_LAST;;1;1;XEUR;7793482;675;
16.01.2025;16:59:32.601;FESX SI 20250321 CS;SIMPLE_INSTRUMENT;EFP_IDX;EUR;24;5123.00000000;90;EXCHANGE_LAST;;1;1;XEUR;7793482;675;
16.01.2025;16:59:44.293;FESX SI 20250321 CS;SIMPLE_INSTRUMENT;EFP_IDX;EUR;25;5123.00000000;63;EXCHANGE_LAST;;1;1;XEUR;7793482;675;
16.01.2025;17:01:29.302;FESX SI 20250321 CS;SIMPLE_INSTRUMENT;EFP_IDX;EUR;26;5123.00000000;90;EXCHANGE_LAST;;1;1;XEUR;7793482;675;
16.01.2025;17:01:43.084;FESX SI 20250321 CS;SIMPLE_INSTRUMENT;EFP_IDX;EUR;27;5122.00000000;410;EXCHANGE_LAST;;1;1;XEUR;7793482;675;
16.01.2025;16:54:46.980;FESX SI 20250321 CS;SIMPLE_INSTRUMENT;EFP_IDX;EUR;28;5122.00000000;82;EXCHANGE_LAST;;1;1;XEUR;7793482;675;
16.01.2025;16:55:02.556;FESX SI 20250321 CS;SIMPLE_INSTRUMENT;EFP_IDX;EUR;29;5123.00000000;40;EXCHANGE_LAST;;1;1;XEUR;7793482;675;
16.01.2025;17:01:58.721;FESX SI 20250321 CS;SIMPLE_INSTRUMENT;EFP_IDX;EUR;30;5122.00000000;410;EXCHANGE_LAST;;1;1;XEUR;7793482;675;
16.01.2025;17:02:12.306;FESX SI 20250321 CS;SIMPLE_INSTRUMENT;EFP_IDX;EUR;31;5123.00000000;90;EXCHANGE_LAST;;1;1;XEUR;7793482;675;
16.01.2025;16:57:52.023;FESX SI 20250321 CS;SIMPLE_INSTRUMENT;EFP_IDX;EUR;32;5122.00000000;286;EXCHANGE_LAST;;1;1;XEUR;7793482;675;
16.01.2025;16:58:10.067;FESX SI 20250321 CS;SIMPLE_INSTRUMENT;EFP_IDX;EUR;33;5123.00000000;63;EXCHANGE_LAST;;1;1;XEUR;7793482;675;
16.01.2025;08:49:59.642;FESX SI 20250321 CS;SIMPLE_INSTRUMENT;VOLA;EUR;637534223;5098.00000000;3;EXCHANGE_LAST;;1;1;XEUR;7793482;675;
16.01.2025;09:26:06.507;FESX SI 20250321 CS;SIMPLE_INSTRUMENT;VOLA;EUR;637534256;5098.00000000;278;EXCHANGE_LAST;;1;1;XEUR;7793482;675;
16.01.2025;09:28:32.358;FESX SI 20250321 CS;SIMPLE_INSTRUMENT;VOLA;EUR;637534261;5100.00000000;550;EXCHANGE_LAST;;1;1;XEUR;7793482;675;
16.01.2025;09:58:10.082;FESX SI 20250321 CS;SIMPLE_INSTRUMENT;VOLA;EUR;637534289;5105.00000000;959;EXCHANGE_LAST;;1;1;XEUR;7793482;675;
16.01.2025;10:14:02.212;FESX SI 20250321 CS;SIMPLE_INSTRUMENT;VOLA;EUR;637534293;5105.00000000;10;EXCHANGE_LAST;;1;1;XEUR;7793482;675;
16.01.2025;10:18:03.121;FESX SI 20250321 CS;SIMPLE_INSTRUMENT;VOLA;EUR;637534297;5106.00000000;980;EXCHANGE_LAST;;1;1;XEUR;7793482;675;
16.01.2025;11:40:58.854;FESX SI 20250321 CS;SIMPLE_INSTRUMENT;VOLA;EUR;637534348;5110.00000000;20;EXCHANGE_LAST;;1;1;XEUR;7793482;675;
16.01.2025;11:51:11.896;FESX SI 20250321 CS;SIMPLE_INSTRUMENT;VOLA;EUR;637534357;5114.00000000;3000;EXCHANGE_LAST;;1;1;XEUR;7793482;675;
16.01.2025;13:15:32.985;FESX SI 20250321 CS;SIMPLE_INSTRUMENT;VOLA;EUR;637534381;5117.00000000;480;EXCHANGE_LAST;;1;1;XEUR;7793482;675;
16.01.2025;13:29:28.751;FESX SI 20250321 CS;SIMPLE_INSTRUMENT;VOLA;EUR;637534386;5120.00000000;550;EXCHANGE_LAST;;1;1;XEUR;7793482;675;
16.01.2025;13:31:53.841;FESX SI 20250321 CS;SIMPLE_INSTRUMENT;VOLA;EUR;637534387;5120.00000000;550;EXCHANGE_LAST;;1;1;XEUR;7793482;675;
16.01.2025;14:03:28.473;FESX SI 20250321 CS;SIMPLE_INSTRUMENT;VOLA;EUR;637534401;5115.00000000;350;EXCHANGE_LAST;;1;1;XEUR;7793482;675;
16.01.2025;14:38:21.015;FESX SI 20250321 CS;SIMPLE_INSTRUMENT;VOLA;EUR;637534417;5114.00000000;400;EXCHANGE_LAST;;1;1;XEUR;7793482;675;
16.01.2025;14:54:10.292;FESX SI 20250321 CS;SIMPLE_INSTRUMENT;VOLA;EUR;637534429;5115.00000000;330;EXCHANGE_LAST;;1;1;XEUR;7793482;675;
16.01.2025;14:59:52.979;FESX SI 20250321 CS;SIMPLE_INSTRUMENT;VOLA;EUR;637534434;5114.00000000;66;EXCHANGE_LAST;;1;1;XEUR;7793482;675;
16.01.2025;14:59:47.025;FESX SI 20250321 CS;SIMPLE_INSTRUMENT;VOLA;EUR;637534435;5114.00000000;67;EXCHANGE_LAST;;1;1;XEUR;7793482;675;
16.01.2025;15:02:19.021;FESX SI 20250321 CS;SIMPLE_INSTRUMENT;VOLA;EUR;637534437;5110.00000000;966;EXCHANGE_LAST;;1;1;XEUR;7793482;675;
16.01.2025;15:04:38.069;FESX SI 20250321 CS;SIMPLE_INSTRUMENT;VOLA;EUR;637534442;5108.00000000;800;EXCHANGE_LAST;;1;1;XEUR;7793482;675;
16.01.2025;15:27:06.975;FESX SI 20250321 CS;SIMPLE_INSTRUMENT;VOLA;EUR;637534446;5110.00000000;235;EXCHANGE_LAST;;1;1;XEUR;7793482;675;
16.01.2025;15:31:07.098;FESX SI 20250321 CS;SIMPLE_INSTRUMENT;VOLA;EUR;637534450;5108.00000000;43;EXCHANGE_LAST;;1;1;XEUR;7793482;675;
16.01.2025;15:36:22.084;FESX SI 20250321 CS;SIMPLE_INSTRUMENT;VOLA;EUR;637534456;5105.00000000;100;EXCHANGE_LAST;;1;1;XEUR;7793482;675;
16.01.2025;15:42:13.900;FESX SI 20250321 CS;SIMPLE_INSTRUMENT;VOLA;EUR;637534463;5105.00000000;135;EXCHANGE_LAST;;1;1;XEUR;7793482;675;
16.01.2025;16:09:50.320;FESX SI 20250321 CS;SIMPLE_INSTRUMENT;VOLA;EUR;637534477;5105.00000000;1375;EXCHANGE_LAST;;1;1;XEUR;7793482;675;
16.01.2025;08:43:26.108;FEXD SI 20251219 CS;SIMPLE_INSTRUMENT;BLOCK;EUR;1;159.10000000;175;EXCHANGE_LAST;;1;1;XEUR;1548120;693;
16.01.2025;09:42:57.355;FEXD SI 20261218 CS;SIMPLE_INSTRUMENT;BLOCK;EUR;9;155.70000000;1038;EXCHANGE_LAST;;1;1;XEUR;2163053;693;
16.01.2025;13:22:33.223;FEXD.S.DEC29.DEC30.SPD;FUTURES_SPREAD;BLOCK;EUR;21;3.60000000;1250;EXCHANGE_LAST;;2;1;XEUR;72060570450264203;693;
16.01.2025;13:22:33.223;FEXD SI 20301220 CS;SIMPLE_INSTRUMENT;BLOCK;EUR;21;139.00000000;1250;PRC_DECOMP_MEMBER;;;;XEUR;5914108;693;MEMBER
16.01.2025;13:22:33.223;FEXD SI 20291221 CS;SIMPLE_INSTRUMENT;BLOCK;EUR;21;142.60000000;1250;PRC_DECOMP_MEMBER;;;;XEUR;4631968;693;MEMBER
16.01.2025;13:57:36.263;FEXD SI 20251219 CS;SIMPLE_INSTRUMENT;BLOCK;EUR;25;159.30000000;500;EXCHANGE_LAST;;1;1;XEUR;1548120;693;
16.01.2025;14:27:42.012;FEXD.S.DEC29.DEC30.SPD;FUTURES_SPREAD;BLOCK;EUR;28;3.50000000;500;EXCHANGE_LAST;;2;1;XEUR;72060570450264203;693;
16.01.2025;14:27:42.012;FEXD SI 20301220 CS;SIMPLE_INSTRUMENT;BLOCK;EUR;28;139.00000000;500;PRC_DECOMP_MEMBER;;;;XEUR;5914108;693;MEMBER
16.01.2025;14:27:42.012;FEXD SI 20291221 CS;SIMPLE_INSTRUMENT;BLOCK;EUR;28;142.50000000;500;PRC_DECOMP_MEMBER;;;;XEUR;4631968;693;MEMBER
16.01.2025;15:29:43.167;FEXD.S.DEC26.DEC27.SPD;FUTURES_SPREAD;BLOCK;EUR;32;5.40000000;200;EXCHANGE_LAST;;1;1;XEUR;72060570450264153;693;
16.01.2025;15:29:43.167;FEXD SI 20261218 CS;SIMPLE_INSTRUMENT;BLOCK;EUR;32;155.80000000;200;PRC_DECOMP_EXCHANGE;;;;XEUR;2163053;693;EXCHANGE
16.01.2025;15:29:43.167;FEXD SI 20271217 CS;SIMPLE_INSTRUMENT;BLOCK;EUR;32;150.40000000;200;PRC_DECOMP_EXCHANGE;;;;XEUR;2848338;693;EXCHANGE
16.01.2025;16:48:19.373;FEXD SI 20261218 CS;SIMPLE_INSTRUMENT;BLOCK;EUR;45;155.90000000;182;EXCHANGE_LAST;;1;1;XEUR;2163053;693;
16.01.2025;16:48:26.525;FEXD SI 20281215 CS;SIMPLE_INSTRUMENT;BLOCK;EUR;46;146.00000000;182;EXCHANGE_LAST;;1;1;XEUR;3680985;693;
16.01.2025;17:19:06.802;FFOX SI 20250321 CS;SIMPLE_INSTRUMENT;BLOCK;EUR;14;4369.80000000;200;EXCHANGE_LAST;;1;1;XEUR;11338030;695;
16.01.2025;08:01:03.738;FGBL SI 20250306 PS;SIMPLE_INSTRUMENT;EFS;EUR;1;131.33000000;415;EXCHANGE_LAST;;1;1;XEUR;11286679;688;
16.01.2025;08:01:22.759;FGBL SI 20250306 PS;SIMPLE_INSTRUMENT;EFS;EUR;2;131.33000000;415;EXCHANGE_LAST;;1;1;XEUR;11286679;688;
16.01.2025;08:04:53.935;FGBL SI 20250306 PS;SIMPLE_INSTRUMENT;EFS;EUR;3;131.32000000;415;EXCHANGE_LAST;;1;1;XEUR;11286679;688;
16.01.2025;08:05:03.949;FGBL SI 20250306 PS;SIMPLE_INSTRUMENT;EFS;EUR;4;131.32000000;415;EXCHANGE_LAST;;1;1;XEUR;11286679;688;
16.01.2025;08:05:18.967;FGBL SI 20250306 PS;SIMPLE_INSTRUMENT;EFS;EUR;5;131.33000000;415;EXCHANGE_LAST;;1;1;XEUR;11286679;688;
16.01.2025;08:05:48.995;FGBL SI 20250306 PS;SIMPLE_INSTRUMENT;EFS;EUR;6;131.33000000;208;EXCHANGE_LAST;;1;1;XEUR;11286679;688;
16.01.2025;08:17:38.441;FGBL SI 20250306 PS;SIMPLE_INSTRUMENT;EFS;EUR;7;131.32000000;415;EXCHANGE_LAST;;1;1;XEUR;11286679;688;
16.01.2025;08:19:17.493;FGBL SI 20250306 PS;SIMPLE_INSTRUMENT;EFS;EUR;8;131.33000000;207;EXCHANGE_LAST;;1;1;XEUR;11286679;688;
16.01.2025;08:20:12.291;FGBL SI 20250306 PS;SIMPLE_INSTRUMENT;EFS;EUR;9;131.36000000;415;EXCHANGE_LAST;;1;1;XEUR;11286679;688;
16.01.2025;08:22:58.387;FGBL SI 20250306 PS;SIMPLE_INSTRUMENT;EFS;EUR;10;131.32000000;415;EXCHANGE_LAST;;1;1;XEUR;11286679;688;
16.01.2025;08:24:15.634;FGBL SI 20250306 PS;SIMPLE_INSTRUMENT;EFS;EUR;11;131.37000000;415;EXCHANGE_LAST;;1;1;XEUR;11286679;688;
16.01.2025;08:25:31.288;FGBL SI 20250306 PS;SIMPLE_INSTRUMENT;EFS;EUR;12;131.30000000;333;EXCHANGE_LAST;;1;1;XEUR;11286679;688;
16.01.2025;08:25:58.389;FGBL SI 20250306 PS;SIMPLE_INSTRUMENT;EFS;EUR;13;131.35000000;474;EXCHANGE_LAST;;1;1;XEUR;11286679;688;
16.01.2025;08:27:52.475;FGBL SI 20250306 PS;SIMPLE_INSTRUMENT;EFS;EUR;14;131.27000000;208;EXCHANGE_LAST;;1;1;XEUR;11286679;688;
16.01.2025;08:29:48.300;FGBL SI 20250306 PS;SIMPLE_INSTRUMENT;EFS;EUR;15;131.27000000;476;EXCHANGE_LAST;;1;1;XEUR;11286679;688;
16.01.2025;08:37:26.033;FGBL SI 20250306 PS;SIMPLE_INSTRUMENT;EFP_FIN;EUR;16;131.27000000;120;EXCHANGE_LAST;;1;1;XEUR;11286679;688;
16.01.2025;08:40:49.233;FGBL SI 20250306 PS;SIMPLE_INSTRUMENT;EFS;EUR;17;131.26000000;208;EXCHANGE_LAST;;1;1;XEUR;11286679;688;
16.01.2025;08:42:45.273;FGBL SI 20250306 PS;SIMPLE_INSTRUMENT;EFS;EUR;18;131.21000000;233;EXCHANGE_LAST;;1;1;XEUR;11286679;688;
16.01.2025;08:46:47.432;FGBL SI 20250306 PS;SIMPLE_INSTRUMENT;EFS;EUR;19;131.26000000;462;EXCHANGE_LAST;;1;1;XEUR;11286679;688;
16.01.2025;08:49:27.497;FGBL SI 20250306 PS;SIMPLE_INSTRUMENT;EFS;EUR;20;131.21000000;239;EXCHANGE_LAST;;1;1;XEUR;11286679;688;
16.01.2025;08:50:55.974;FGBL SI 20250306 PS;SIMPLE_INSTRUMENT;EFS;EUR;21;131.19000000;415;EXCHANGE_LAST;;1;1;XEUR;11286679;688;
16.01.2025;08:51:23.134;FGBL SI 20250306 PS;SIMPLE_INSTRUMENT;EFS;EUR;22;131.22000000;476;EXCHANGE_LAST;;1;1;XEUR;11286679;688;
16.01.2025;08:51:27.370;FGBL SI 20250306 PS;SIMPLE_INSTRUMENT;EFS;EUR;23;131.24000000;416;EXCHANGE_LAST;;1;1;XEUR;11286679;688;
16.01.2025;08:52:22.865;FGBL SI 20250306 PS;SIMPLE_INSTRUMENT;EFP_FIN;EUR;24;131.19000000;476;EXCHANGE_LAST;;1;1;XEUR;11286679;688;
16.01.2025;08:53:14.987;FGBL SI 20250306 PS;SIMPLE_INSTRUMENT;EFS;EUR;25;131.33000000;476;EXCHANGE_LAST;;1;1;XEUR;11286679;688;
16.01.2025;08:55:58.077;FGBL SI 20250306 PS;SIMPLE_INSTRUMENT;EFS;EUR;26;131.30000000;476;EXCHANGE_LAST;;1;1;XEUR;11286679;688;
16.01.2025;08:56:22.038;FGBL SI 20250306 PS;SIMPLE_INSTRUMENT;EFS;EUR;27;131.24000000;416;EXCHANGE_LAST;;1;1;XEUR;11286679;688;
16.01.2025;08:57:23.674;FGBL SI 20250306 PS;SIMPLE_INSTRUMENT;EFS;EUR;28;131.25000000;208;EXCHANGE_LAST;;1;1;XEUR;11286679;688;
16.01.2025;08:57:33.683;FGBL SI 20250306 PS;SIMPLE_INSTRUMENT;EFS;EUR;29;131.25000000;208;EXCHANGE_LAST;;1;1;XEUR;11286679;688;
16.01.2025;08:59:08.770;FGBL SI 20250306 PS;SIMPLE_INSTRUMENT;EFS;EUR;30;131.23000000;416;EXCHANGE_LAST;;1;1;XEUR;11286679;688;
16.01.2025;09:00:18.832;FGBL SI 20250306 PS;SIMPLE_INSTRUMENT;EFS;EUR;31;131.23000000;416;EXCHANGE_LAST;;1;1;XEUR;11286679;688;
16.01.2025;09:00:50.673;FGBL SI 20250306 PS;SIMPLE_INSTRUMENT;EFS;EUR;32;131.23000000;500;EXCHANGE_LAST;;1;1;XEUR;11286679;688;
16.01.2025;09:02:33.743;FGBL SI 20250306 PS;SIMPLE_INSTRUMENT;EFS;EUR;33;131.25000000;415;EXCHANGE_LAST;;1;1;XEUR;11286679;688;
16.01.2025;09:04:24.047;FGBL SI 20250306 PS;SIMPLE_INSTRUMENT;EFS;EUR;34;131.27000000;208;EXCHANGE_LAST;;1;1;XEUR;11286679;688;
16.01.2025;09:04:29.054;FGBL SI 20250306 PS;SIMPLE_INSTRUMENT;EFS;EUR;35;131.27000000;208;EXCHANGE_LAST;;1;1;XEUR;11286679;688;
16.01.2025;09:08:09.238;FGBL SI 20250306 PS;SIMPLE_INSTRUMENT;EFS;EUR;36;131.27000000;416;EXCHANGE_LAST;;1;1;XEUR;11286679;688;
16.01.2025;09:08:53.752;FGBL SI 20250306 PS;SIMPLE_INSTRUMENT;EFS;EUR;37;131.26000000;952;EXCHANGE_LAST;;1;1;XEUR;11286679;688;
16.01.2025;09:10:29.356;FGBL SI 20250306 PS;SIMPLE_INSTRUMENT;EFS;EUR;38;131.26000000;416;EXCHANGE_LAST;;1;1;XEUR;11286679;688;
16.01.2025;09:10:42.517;FGBL SI 20250306 PS;SIMPLE_INSTRUMENT;EFP_FIN;EUR;39;131.22000000;562;EXCHANGE_LAST;;1;1;XEUR;11286679;688;
16.01.2025;09:11:09.915;FGBL SI 20250306 PS;SIMPLE_INSTRUMENT;EFS;EUR;40;131.23000000;415;EXCHANGE_LAST;;1;1;XEUR;11286679;688;
16.01.2025;09:11:19.648;FGBL SI 20250306 PS;SIMPLE_INSTRUMENT;EFS;EUR;41;131.24000000;324;EXCHANGE_LAST;;1;1;XEUR;11286679;688;
16.01.2025;09:11:53.371;FGBL SI 20250306 PS;SIMPLE_INSTRUMENT;EFS;EUR;42;131.23000000;415;EXCHANGE_LAST;;1;1;XEUR;11286679;688;
16.01.2025;09:12:44.436;FGBL SI 20250306 PS;SIMPLE_INSTRUMENT;EFS;EUR;43;131.23000000;208;EXCHANGE_LAST;;1;1;XEUR;11286679;688;
16.01.2025;09:14:09.195;FGBL SI 20250306 PS;SIMPLE_INSTRUMENT;EFS;EUR;44;131.24000000;208;EXCHANGE_LAST;;1;1;XEUR;11286679;688;
16.01.2025;09:14:45.451;FGBL SI 20250306 PS;SIMPLE_INSTRUMENT;EFP_FIN;EUR;45;131.26000000;174;EXCHANGE_LAST;;1;1;XEUR;11286679;688;
16.01.2025;09:15:51.100;FGBL SI 20250306 PS;SIMPLE_INSTRUMENT;EFS;EUR;46;131.25000000;233;EXCHANGE_LAST;;1;1;XEUR;11286679;688;
16.01.2025;09:17:01.265;FGBL SI 20250306 PS;SIMPLE_INSTRUMENT;EFS;EUR;47;131.27000000;149;EXCHANGE_LAST;;1;1;XEUR;11286679;688;
16.01.2025;09:18:09.165;FGBL SI 20250306 PS;SIMPLE_INSTRUMENT;EFS;EUR;48;131.27000000;415;EXCHANGE_LAST;;1;1;XEUR;11286679;688;
16.01.2025;09:18:54.588;FGBL SI 20250306 PS;SIMPLE_INSTRUMENT;EFS;EUR;49;131.27000000;415;EXCHANGE_LAST;;1;1;XEUR;11286679;688;
16.01.2025;09:23:35.267;FGBL SI 20250306 PS;SIMPLE_INSTRUMENT;EFS;EUR;50;131.20000000;83;EXCHANGE_LAST;;1;1;XEUR;11286679;688;
16.01.2025;09:23:29.066;FGBL SI 20250306 PS;SIMPLE_INSTRUMENT;EFS;EUR;51;131.21000000;476;EXCHANGE_LAST;;1;1;XEUR;11286679;688;
16.01.2025;09:23:54.195;FGBL SI 20250306 PS;SIMPLE_INSTRUMENT;EFS;EUR;52;131.20000000;440;EXCHANGE_LAST;;1;1;XEUR;11286679;688;
16.01.2025;09:26:41.389;FGBL SI 20250306 PS;SIMPLE_INSTRUMENT;EFS;EUR;53;131.26000000;381;EXCHANGE_LAST;;1;1;XEUR;11286679;688;
16.01.2025;09:27:01.564;FGBL SI 20250306 PS;SIMPLE_INSTRUMENT;EFS;EUR;54;131.18000000;479;EXCHANGE_LAST;;1;1;XEUR;11286679;688;
16.01.2025;09:32:01.346;FGBL SI 20250306 PS;SIMPLE_INSTRUMENT;EFS;EUR;55;131.25000000;476;EXCHANGE_LAST;;1;1;XEUR;11286679;688;
16.01.2025;09:32:35.057;FGBL SI 20250306 PS;SIMPLE_INSTRUMENT;EFP_FIN;EUR;56;131.18000000;457;EXCHANGE_LAST;;1;1;XEUR;11286679;688;
16.01.2025;09:35:54.261;FGBL SI 20250306 PS;SIMPLE_INSTRUMENT;EFS;EUR;57;131.16000000;220;EXCHANGE_LAST;;1;1;XEUR;11286679;688;
16.01.2025;09:36:58.414;FGBL SI 20250306 PS;SIMPLE_INSTRUMENT;EFP_FIN;EUR;58;131.18000000;79;EXCHANGE_LAST;;1;1;XEUR;11286679;688;
16.01.2025;09:39:06.853;FGBL SI 20250306 PS;SIMPLE_INSTRUMENT;EFS;EUR;59;131.20000000;208;EXCHANGE_LAST;;1;1;XEUR;11286679;688;
16.01.2025;09:39:47.899;FGBL SI 20250306 PS;SIMPLE_INSTRUMENT;EFS;EUR;60;131.20000000;416;EXCHANGE_LAST;;1;1;XEUR;11286679;688;
16.01.2025;09:42:58.080;FGBL SI 20250306 PS;SIMPLE_INSTRUMENT;EFS;EUR;61;131.21000000;208;EXCHANGE_LAST;;1;1;XEUR;11286679;688;
16.01.2025;09:49:23.431;FGBL SI 20250306 PS;SIMPLE_INSTRUMENT;EFS;EUR;62;131.22000000;416;EXCHANGE_LAST;;1;1;XEUR;11286679;688;
16.01.2025;09:49:48.458;FGBL SI 20250306 PS;SIMPLE_INSTRUMENT;EFS;EUR;63;131.22000000;416;EXCHANGE_LAST;;1;1;XEUR;11286679;688;
16.01.2025;09:50:28.495;FGBL SI 20250306 PS;SIMPLE_INSTRUMENT;EFS;EUR;64;131.22000000;208;EXCHANGE_LAST;;1;1;XEUR;11286679;688;
16.01.2025;09:52:54.148;FGBL SI 20250306 PS;SIMPLE_INSTRUMENT;EFP_FIN;EUR;65;131.18000000;119;EXCHANGE_LAST;;1;1;XEUR;11286679;688;
16.01.2025;09:54:12.792;FGBL SI 20250306 PS;SIMPLE_INSTRUMENT;EFS;EUR;66;131.28000000;149;EXCHANGE_LAST;;1;1;XEUR;11286679;688;
16.01.2025;10:02:37.879;FGBL SI 20250306 PS;SIMPLE_INSTRUMENT;EFS;EUR;67;131.30000000;199;EXCHANGE_LAST;;1;1;XEUR;11286679;688;
16.01.2025;10:03:27.702;FGBL SI 20250306 PS;SIMPLE_INSTRUMENT;EFS;EUR;68;131.30000000;298;EXCHANGE_LAST;;1;1;XEUR;11286679;688;
16.01.2025;10:07:55.824;FGBL SI 20250306 PS;SIMPLE_INSTRUMENT;EFS;EUR;69;131.29000000;415;EXCHANGE_LAST;;1;1;XEUR;11286679;688;
16.01.2025;10:07:58.775;FGBL SI 20250306 PS;SIMPLE_INSTRUMENT;EFS;EUR;70;131.32000000;476;EXCHANGE_LAST;;1;1;XEUR;11286679;688;
16.01.2025;10:11:12.375;FGBL SI 20250306 PS;SIMPLE_INSTRUMENT;EFP_FIN;EUR;71;131.19000000;120;EXCHANGE_LAST;;1;1;XEUR;11286679;688;
16.01.2025;10:11:53.701;FGBL SI 20250306 PS;SIMPLE_INSTRUMENT;EFS;EUR;72;131.30000000;666;EXCHANGE_LAST;;1;1;XEUR;11286679;688;
16.01.2025;10:14:30.294;FGBL SI 20250306 PS;SIMPLE_INSTRUMENT;EFS;EUR;73;131.26000000;316;EXCHANGE_LAST;;1;1;XEUR;11286679;688;
16.01.2025;10:14:59.317;FGBL SI 20250306 PS;SIMPLE_INSTRUMENT;EFS;EUR;74;131.32000000;925;EXCHANGE_LAST;;1;1;XEUR;11286679;688;
16.01.2025;10:15:32.267;FGBL SI 20250306 PS;SIMPLE_INSTRUMENT;EFS;EUR;75;131.32000000;925;EXCHANGE_LAST;;1;1;XEUR;11286679;688;
16.01.2025;10:16:05.563;FGBL SI 20250306 PS;SIMPLE_INSTRUMENT;EFP_FIN;EUR;76;131.34000000;277;EXCHANGE_LAST;;1;1;XEUR;11286679;688;
16.01.2025;10:21:57.206;FGBL SI 20250306 PS;SIMPLE_INSTRUMENT;EFS;EUR;77;131.29000000;476;EXCHANGE_LAST;;1;1;XEUR;11286679;688;
16.01.2025;10:27:41.419;FGBL SI 20250306 PS;SIMPLE_INSTRUMENT;EFS;EUR;78;131.28000000;208;EXCHANGE_LAST;;1;1;XEUR;11286679;688;
16.01.2025;10:28:18.835;FGBL SI 20250306 PS;SIMPLE_INSTRUMENT;EFS;EUR;79;131.30000000;115;EXCHANGE_LAST;;1;1;XEUR;11286679;688;
16.01.2025;10:35:22.793;FGBL SI 20250306 PS;SIMPLE_INSTRUMENT;EFS;EUR;80;131.31000000;623;EXCHANGE_LAST;;1;1;XEUR;11286679;688;
16.01.2025;10:36:34.175;FGBL SI 20250306 PS;SIMPLE_INSTRUMENT;EFP_FIN;EUR;81;131.31000000;940;EXCHANGE_LAST;;1;1;XEUR;11286679;688;
16.01.2025;10:38:41.112;FGBL SI 20250306 PS;SIMPLE_INSTRUMENT;EFS;EUR;82;131.35000000;238;EXCHANGE_LAST;;1;1;XEUR;11286679;688;
16.01.2025;10:40:51.469;FGBL SI 20250306 PS;SIMPLE_INSTRUMENT;EFP_FIN;EUR;83;131.32000000;115;EXCHANGE_LAST;;1;1;XEUR;11286679;688;
16.01.2025;10:47:26.832;FGBL SI 20250306 PS;SIMPLE_INSTRUMENT;EFS;EUR;84;131.30000000;1262;EXCHANGE_LAST;;1;1;XEUR;11286679;688;
16.01.2025;10:55:48.840;FGBL SI 20250306 PS;SIMPLE_INSTRUMENT;EFP_FIN;EUR;85;131.33000000;345;EXCHANGE_LAST;;1;1;XEUR;11286679;688;
16.01.2025;10:57:51.231;FGBL SI 20250306 PS;SIMPLE_INSTRUMENT;EFS;EUR;86;131.32000000;65;EXCHANGE_LAST;;1;1;XEUR;11286679;688;
16.01.2025;10:57:43.533;FGBL SI 20250306 PS;SIMPLE_INSTRUMENT;EFS;EUR;87;131.33000000;415;EXCHANGE_LAST;;1;1;XEUR;11286679;688;
16.01.2025;11:01:23.162;FGBL SI 20250306 PS;SIMPLE_INSTRUMENT;EFS;EUR;88;131.25000000;937;EXCHANGE_LAST;;1;1;XEUR;11286679;688;
16.01.2025;11:03:20.909;FGBL SI 20250306 PS;SIMPLE_INSTRUMENT;EFS;EUR;89;131.32000000;208;EXCHANGE_LAST;;1;1;XEUR;11286679;688;
16.01.2025;11:13:41.161;FGBL SI 20250306 PS;SIMPLE_INSTRUMENT;EFS;EUR;90;131.26000000;207;EXCHANGE_LAST;;1;1;XEUR;11286679;688;
16.01.2025;11:14:03.250;FGBL SI 20250306 PS;SIMPLE_INSTRUMENT;EFS;EUR;91;131.26000000;207;EXCHANGE_LAST;;1;1;XEUR;11286679;688;
16.01.2025;11:17:10.129;FGBL SI 20250306 PS;SIMPLE_INSTRUMENT;EFS;EUR;92;131.24000000;416;EXCHANGE_LAST;;1;1;XEUR;11286679;688;
16.01.2025;11:34:39.760;FGBL SI 20250306 PS;SIMPLE_INSTRUMENT;EFS;EUR;93;131.22000000;830;EXCHANGE_LAST;;1;1;XEUR;11286679;688;
16.01.2025;11:37:16.741;FGBL SI 20250306 PS;SIMPLE_INSTRUMENT;EFS;EUR;94;131.20000000;415;EXCHANGE_LAST;;1;1;XEUR;11286679;688;
16.01.2025;11:39:34.456;FGBL SI 20250306 PS;SIMPLE_INSTRUMENT;EFS;EUR;95;131.21000000;208;EXCHANGE_LAST;;1;1;XEUR;11286679;688;
16.01.2025;11:41:56.086;FGBL SI 20250306 PS;SIMPLE_INSTRUMENT;EFS;EUR;96;131.22000000;415;EXCHANGE_LAST;;1;1;XEUR;11286679;688;
16.01.2025;11:43:20.201;FGBL SI 20250306 PS;SIMPLE_INSTRUMENT;EFP_FIN;EUR;97;131.30000000;80;EXCHANGE_LAST;;1;1;XEUR;11286679;688;
16.01.2025;11:43:36.111;FGBL SI 20250306 PS;SIMPLE_INSTRUMENT;EFS;EUR;98;131.22000000;208;EXCHANGE_LAST;;1;1;XEUR;11286679;688;
16.01.2025;11:48:45.380;FGBL SI 20250306 PS;SIMPLE_INSTRUMENT;EFP_FIN;EUR;99;131.23000000;200;EXCHANGE_LAST;;1;1;XEUR;11286679;688;
16.01.2025;11:58:32.021;FGBL SI 20250306 PS;SIMPLE_INSTRUMENT;EFS;EUR;100;131.29000000;476;EXCHANGE_LAST;;1;1;XEUR;11286679;688;
16.01.2025;12:00:38.171;FGBL SI 20250306 PS;SIMPLE_INSTRUMENT;EFS;EUR;101;131.21000000;249;EXCHANGE_LAST;;1;1;XEUR;11286679;688;
16.01.2025;12:05:21.856;FGBL SI 20250306 PS;SIMPLE_INSTRUMENT;EFS;EUR;102;131.18000000;214;EXCHANGE_LAST;;1;1;XEUR;11286679;688;
16.01.2025;12:06:31.861;FGBL SI 20250306 PS;SIMPLE_INSTRUMENT;EFS;EUR;103;131.17000000;71;EXCHANGE_LAST;;1;1;XEUR;11286679;688;
16.01.2025;12:09:15.258;FGBL SI 20250306 PS;SIMPLE_INSTRUMENT;EFS;EUR;104;131.23000000;166;EXCHANGE_LAST;;1;1;XEUR;11286679;688;
16.01.2025;12:14:58.284;FGBL SI 20250306 PS;SIMPLE_INSTRUMENT;EFP_FIN;EUR;105;131.19000000;419;EXCHANGE_LAST;;1;1;XEUR;11286679;688;
16.01.2025;12:16:03.652;FGBL SI 20250306 PS;SIMPLE_INSTRUMENT;EFS;EUR;106;131.30000000;1904;EXCHANGE_LAST;;1;1;XEUR;11286679;688;
16.01.2025;12:19:39.615;FGBL SI 20250306 PS;SIMPLE_INSTRUMENT;EFP_FIN;EUR;107;131.17000000;322;EXCHANGE_LAST;;1;1;XEUR;11286679;688;
16.01.2025;12:21:43.178;FGBL SI 20250306 PS;SIMPLE_INSTRUMENT;EFS;EUR;108;131.20000000;415;EXCHANGE_LAST;;1;1;XEUR;11286679;688;
16.01.2025;12:22:47.103;FGBL SI 20250306 PS;SIMPLE_INSTRUMENT;EFS;EUR;109;131.20000000;415;EXCHANGE_LAST;;1;1;XEUR;11286679;688;
16.01.2025;12:23:56.427;FGBL SI 20250306 PS;SIMPLE_INSTRUMENT;EFS;EUR;110;131.20000000;830;EXCHANGE_LAST;;1;1;XEUR;11286679;688;
16.01.2025;12:24:56.113;FGBL SI 20250306 PS;SIMPLE_INSTRUMENT;EFP_FIN;EUR;111;131.17000000;180;EXCHANGE_LAST;;1;1;XEUR;11286679;688;
16.01.2025;12:27:16.858;FGBL SI 20250306 PS;SIMPLE_INSTRUMENT;EFS;EUR;112;131.19000000;208;EXCHANGE_LAST;;1;1;XEUR;11286679;688;
16.01.2025;12:28:39.991;FGBL SI 20250306 PS;SIMPLE_INSTRUMENT;EFS;EUR;113;131.19000000;208;EXCHANGE_LAST;;1;1;XEUR;11286679;688;
16.01.2025;12:30:10.097;FGBL SI 20250306 PS;SIMPLE_INSTRUMENT;EFS;EUR;114;131.18000000;415;EXCHANGE_LAST;;1;1;XEUR;11286679;688;
16.01.2025;12:33:37.170;FGBL SI 20250306 PS;SIMPLE_INSTRUMENT;EFS;EUR;115;131.17000000;440;EXCHANGE_LAST;;1;1;XEUR;11286679;688;
16.01.2025;12:36:15.769;FGBL SI 20250306 PS;SIMPLE_INSTRUMENT;EFS;EUR;116;131.17000000;416;EXCHANGE_LAST;;1;1;XEUR;11286679;688;
16.01.2025;12:37:11.108;FGBL SI 20250306 PS;SIMPLE_INSTRUMENT;EFP_FIN;EUR;117;131.22000000;382;EXCHANGE_LAST;;1;1;XEUR;11286679;688;
16.01.2025;12:39:56.219;FGBL SI 20250306 PS;SIMPLE_INSTRUMENT;EFS;EUR;118;131.17000000;220;EXCHANGE_LAST;;1;1;XEUR;11286679;688;
16.01.2025;12:41:56.191;FGBL SI 20250306 PS;SIMPLE_INSTRUMENT;EFS;EUR;119;131.17000000;208;EXCHANGE_LAST;;1;1;XEUR;11286679;688;
16.01.2025;12:42:52.528;FGBL SI 20250306 PS;SIMPLE_INSTRUMENT;EFS;EUR;120;131.17000000;208;EXCHANGE_LAST;;1;1;XEUR;11286679;688;
16.01.2025;12:45:34.245;FGBL SI 20250306 PS;SIMPLE_INSTRUMENT;EFS;EUR;121;131.18000000;416;EXCHANGE_LAST;;1;1;XEUR;11286679;688;
16.01.2025;12:48:30.987;FGBL SI 20250306 PS;SIMPLE_INSTRUMENT;EFS;EUR;122;131.19000000;234;EXCHANGE_LAST;;1;1;XEUR;11286679;688;
16.01.2025;12:49:50.761;FGBL SI 20250306 PS;SIMPLE_INSTRUMENT;EFP_FIN;EUR;123;131.18000000;76;EXCHANGE_LAST;;1;1;XEUR;11286679;688;
16.01.2025;12:50:34.494;FGBL SI 20250306 PS;SIMPLE_INSTRUMENT;EFS;EUR;124;131.16000000;497;EXCHANGE_LAST;;1;1;XEUR;11286679;688;
16.01.2025;12:53:19.644;FGBL SI 20250306 PS;SIMPLE_INSTRUMENT;EFS;EUR;125;131.13000000;497;EXCHANGE_LAST;;1;1;XEUR;11286679;688;
16.01.2025;12:54:59.334;FGBL SI 20250306 PS;SIMPLE_INSTRUMENT;EFS;EUR;126;131.18000000;143;EXCHANGE_LAST;;1;1;XEUR;11286679;688;
16.01.2025;13:03:41.456;FGBL SI 20250306 PS;SIMPLE_INSTRUMENT;EFS;EUR;127;131.10000000;368;EXCHANGE_LAST;;1;1;XEUR;11286679;688;
16.01.2025;13:05:41.316;FGBL SI 20250306 PS;SIMPLE_INSTRUMENT;EFS;EUR;128;131.12000000;208;EXCHANGE_LAST;;1;1;XEUR;11286679;688;
16.01.2025;13:05:46.323;FGBL SI 20250306 PS;SIMPLE_INSTRUMENT;EFS;EUR;129;131.11000000;416;EXCHANGE_LAST;;1;1;XEUR;11286679;688;
16.01.2025;13:05:51.330;FGBL SI 20250306 PS;SIMPLE_INSTRUMENT;EFS;EUR;130;131.11000000;208;EXCHANGE_LAST;;1;1;XEUR;11286679;688;
16.01.2025;13:07:42.446;FGBL SI 20250306 PS;SIMPLE_INSTRUMENT;EFS;EUR;131;131.12000000;208;EXCHANGE_LAST;;1;1;XEUR;11286679;688;
16.01.2025;13:08:21.488;FGBL SI 20250306 PS;SIMPLE_INSTRUMENT;EFS;EUR;132;131.12000000;416;EXCHANGE_LAST;;1;1;XEUR;11286679;688;
16.01.2025;13:11:09.915;FGBL SI 20250306 PS;SIMPLE_INSTRUMENT;EFS;EUR;133;131.12000000;464;EXCHANGE_LAST;;1;1;XEUR;11286679;688;
16.01.2025;13:13:35.005;FGBL SI 20250306 PS;SIMPLE_INSTRUMENT;EFS;EUR;134;131.08000000;624;EXCHANGE_LAST;;1;1;XEUR;11286679;688;
16.01.2025;13:13:38.747;FGBL SI 20250306 PS;SIMPLE_INSTRUMENT;EFS;EUR;135;131.11000000;928;EXCHANGE_LAST;;1;1;XEUR;11286679;688;
16.01.2025;13:15:06.829;FGBL SI 20250306 PS;SIMPLE_INSTRUMENT;EFS;EUR;136;131.06000000;416;EXCHANGE_LAST;;1;1;XEUR;11286679;688;
16.01.2025;13:17:02.753;FGBL SI 20250306 PS;SIMPLE_INSTRUMENT;EFP_FIN;EUR;137;131.07000000;193;EXCHANGE_LAST;;1;1;XEUR;11286679;688;
16.01.2025;13:21:49.161;FGBL SI 20250306 PS;SIMPLE_INSTRUMENT;EFS;EUR;138;131.20000000;478;EXCHANGE_LAST;;1;1;XEUR;11286679;688;
16.01.2025;13:22:21.929;FGBL SI 20250306 PS;SIMPLE_INSTRUMENT;EFS;EUR;139;131.06000000;416;EXCHANGE_LAST;;1;1;XEUR;11286679;688;
16.01.2025;13:29:58.648;FGBL SI 20250306 PS;SIMPLE_INSTRUMENT;EFS;EUR;140;131.01000000;416;EXCHANGE_LAST;;1;1;XEUR;11286679;688;
16.01.2025;13:34:36.393;FGBL SI 20250306 PS;SIMPLE_INSTRUMENT;EFS;EUR;141;131.03000000;1000;EXCHANGE_LAST;;1;1;XEUR;11286679;688;
16.01.2025;13:35:49.586;FGBL SI 20250306 PS;SIMPLE_INSTRUMENT;EFP_FIN;EUR;142;131.08000000;300;EXCHANGE_LAST;;1;1;XEUR;11286679;688;
16.01.2025;13:47:45.593;FGBL SI 20250306 PS;SIMPLE_INSTRUMENT;EFS;EUR;143;131.12000000;416;EXCHANGE_LAST;;1;1;XEUR;11286679;688;
16.01.2025;13:52:16.210;FGBL SI 20250306 PS;SIMPLE_INSTRUMENT;EFP_FIN;EUR;144;131.12000000;434;EXCHANGE_LAST;;1;1;XEUR;11286679;688;
16.01.2025;13:56:12.414;FGBL SI 20250306 PS;SIMPLE_INSTRUMENT;EFS;EUR;145;131.12000000;415;EXCHANGE_LAST;;1;1;XEUR;11286679;688;
16.01.2025;13:56:57.179;FGBL SI 20250306 PS;SIMPLE_INSTRUMENT;EFS;EUR;146;131.12000000;208;EXCHANGE_LAST;;1;1;XEUR;11286679;688;
16.01.2025;13:57:56.882;FGBL SI 20250306 PS;SIMPLE_INSTRUMENT;EFS;EUR;147;131.11000000;500;EXCHANGE_LAST;;1;1;XEUR;11286679;688;
16.01.2025;13:58:36.227;FGBL SI 20250306 PS;SIMPLE_INSTRUMENT;EFS;EUR;148;131.14000000;953;EXCHANGE_LAST;;1;1;XEUR;11286679;688;
16.01.2025;13:58:39.885;FGBL SI 20250306 PS;SIMPLE_INSTRUMENT;EFS;EUR;149;131.11000000;150;EXCHANGE_LAST;;1;1;XEUR;11286679;688;
16.01.2025;13:59:33.278;FGBL SI 20250306 PS;SIMPLE_INSTRUMENT;EFS;EUR;150;131.11000000;416;EXCHANGE_LAST;;1;1;XEUR;11286679;688;
16.01.2025;14:07:27.383;FGBL SI 20250306 PS;SIMPLE_INSTRUMENT;EFS;EUR;151;131.10000000;111;EXCHANGE_LAST;;1;1;XEUR;11286679;688;
16.01.2025;14:08:32.622;FGBL SI 20250306 PS;SIMPLE_INSTRUMENT;EFP_FIN;EUR;152;131.12000000;954;EXCHANGE_LAST;;1;1;XEUR;11286679;688;
16.01.2025;14:09:05.254;FGBL SI 20250306 PS;SIMPLE_INSTRUMENT;EFS;EUR;153;131.08000000;1412;EXCHANGE_LAST;;1;1;XEUR;11286679;688;
16.01.2025;14:09:56.741;FGBL SI 20250306 PS;SIMPLE_INSTRUMENT;EFS;EUR;154;131.10000000;208;EXCHANGE_LAST;;1;1;XEUR;11286679;688;
16.01.2025;14:10:47.268;FGBL SI 20250306 PS;SIMPLE_INSTRUMENT;EFS;EUR;155;131.09000000;143;EXCHANGE_LAST;;1;1;XEUR;11286679;688;
16.01.2025;14:10:52.681;FGBL SI 20250306 PS;SIMPLE_INSTRUMENT;BLOCK;EUR;156;131.07000000;2906;EXCHANGE_LAST;;1;1;XEUR;11286679;688;
16.01.2025;14:12:52.191;FGBL SI 20250306 PS;SIMPLE_INSTRUMENT;EFS;EUR;157;131.10000000;477;EXCHANGE_LAST;;1;1;XEUR;11286679;688;
16.01.2025;14:13:17.911;FGBL SI 20250306 PS;SIMPLE_INSTRUMENT;EFS;EUR;158;131.08000000;1000;EXCHANGE_LAST;;1;1;XEUR;11286679;688;
16.01.2025;14:13:59.191;FGBL SI 20250306 PS;SIMPLE_INSTRUMENT;EFS;EUR;159;131.10000000;440;EXCHANGE_LAST;;1;1;XEUR;11286679;688;
16.01.2025;14:15:01.072;FGBL SI 20250306 PS;SIMPLE_INSTRUMENT;EFS;EUR;160;131.10000000;221;EXCHANGE_LAST;;1;1;XEUR;11286679;688;
16.01.2025;14:23:33.450;FGBL SI 20250306 PS;SIMPLE_INSTRUMENT;EFS;EUR;161;131.22000000;416;EXCHANGE_LAST;;1;1;XEUR;11286679;688;
16.01.2025;14:27:43.784;FGBL SI 20250306 PS;SIMPLE_INSTRUMENT;EFS;EUR;162;131.18000000;415;EXCHANGE_LAST;;1;1;XEUR;11286679;688;
16.01.2025;14:28:43.716;FGBL SI 20250306 PS;SIMPLE_INSTRUMENT;EFS;EUR;163;131.22000000;416;EXCHANGE_LAST;;1;1;XEUR;11286679;688;
16.01.2025;14:28:49.686;FGBL SI 20250306 PS;SIMPLE_INSTRUMENT;EFS;EUR;164;131.19000000;415;EXCHANGE_LAST;;1;1;XEUR;11286679;688;
16.01.2025;14:29:27.777;FGBL SI 20250306 PS;SIMPLE_INSTRUMENT;EFS;EUR;165;131.19000000;415;EXCHANGE_LAST;;1;1;XEUR;11286679;688;
16.01.2025;14:31:38.872;FGBL SI 20250306 PS;SIMPLE_INSTRUMENT;EFS;EUR;166;131.14000000;416;EXCHANGE_LAST;;1;1;XEUR;11286679;688;
16.01.2025;14:33:13.344;FGBL SI 20250306 PS;SIMPLE_INSTRUMENT;EFS;EUR;167;131.22000000;415;EXCHANGE_LAST;;1;1;XEUR;11286679;688;
16.01.2025;14:36:34.147;FGBL SI 20250306 PS;SIMPLE_INSTRUMENT;EFS;EUR;168;131.18000000;416;EXCHANGE_LAST;;1;1;XEUR;11286679;688;
16.01.2025;14:37:25.823;FGBL SI 20250306 PS;SIMPLE_INSTRUMENT;EFS;EUR;169;131.14000000;208;EXCHANGE_LAST;;1;1;XEUR;11286679;688;
16.01.2025;14:40:08.247;FGBL SI 20250306 PS;SIMPLE_INSTRUMENT;EFS;EUR;170;131.14000000;415;EXCHANGE_LAST;;1;1;XEUR;11286679;688;
16.01.2025;14:43:39.901;FGBL SI 20250306 PS;SIMPLE_INSTRUMENT;EFS;EUR;171;131.17000000;1859;EXCHANGE_LAST;;1;1;XEUR;11286679;688;
16.01.2025;14:43:44.569;FGBL SI 20250306 PS;SIMPLE_INSTRUMENT;EFS;EUR;172;131.22000000;416;EXCHANGE_LAST;;1;1;XEUR;11286679;688;
16.01.2025;14:43:49.577;FGBL SI 20250306 PS;SIMPLE_INSTRUMENT;EFS;EUR;173;131.22000000;416;EXCHANGE_LAST;;1;1;XEUR;11286679;688;
16.01.2025;14:47:20.785;FGBL SI 20250306 PS;SIMPLE_INSTRUMENT;EFS;EUR;174;131.15000000;416;EXCHANGE_LAST;;1;1;XEUR;11286679;688;
16.01.2025;14:55:21.242;FGBL SI 20250306 PS;SIMPLE_INSTRUMENT;EFS;EUR;175;131.08000000;416;EXCHANGE_LAST;;1;1;XEUR;11286679;688;
16.01.2025;14:55:48.415;FGBL SI 20250306 PS;SIMPLE_INSTRUMENT;EFS;EUR;176;131.13000000;239;EXCHANGE_LAST;;1;1;XEUR;11286679;688;
16.01.2025;14:56:16.299;FGBL SI 20250306 PS;SIMPLE_INSTRUMENT;EFS;EUR;177;131.08000000;416;EXCHANGE_LAST;;1;1;XEUR;11286679;688;
16.01.2025;14:57:15.062;FGBL SI 20250306 PS;SIMPLE_INSTRUMENT;EFS;EUR;178;131.18000000;479;EXCHANGE_LAST;;1;1;XEUR;11286679;688;
16.01.2025;15:00:14.005;FGBL SI 20250306 PS;SIMPLE_INSTRUMENT;EFS;EUR;179;131.12000000;415;EXCHANGE_LAST;;1;1;XEUR;11286679;688;
16.01.2025;15:01:14.791;FGBL SI 20250306 PS;SIMPLE_INSTRUMENT;EFS;EUR;180;131.08000000;416;EXCHANGE_LAST;;1;1;XEUR;11286679;688;
16.01.2025;15:13:37.213;FGBL SI 20250306 PS;SIMPLE_INSTRUMENT;EFS;EUR;181;131.23000000;416;EXCHANGE_LAST;;1;1;XEUR;11286679;688;
16.01.2025;15:20:55.850;FGBL SI 20250306 PS;SIMPLE_INSTRUMENT;EFS;EUR;182;131.16000000;238;EXCHANGE_LAST;;1;1;XEUR;11286679;688;
16.01.2025;15:21:05.319;FGBL SI 20250306 PS;SIMPLE_INSTRUMENT;EFS;EUR;183;131.27000000;416;EXCHANGE_LAST;;1;1;XEUR;11286679;688;
16.01.2025;15:23:53.745;FGBL SI 20250306 PS;SIMPLE_INSTRUMENT;EFS;EUR;184;131.28000000;416;EXCHANGE_LAST;;1;1;XEUR;11286679;688;
16.01.2025;15:24:43.921;FGBL SI 20250306 PS;SIMPLE_INSTRUMENT;EFS;EUR;185;131.25000000;476;EXCHANGE_LAST;;1;1;XEUR;11286679;688;
16.01.2025;15:27:49.067;FGBL SI 20250306 PS;SIMPLE_INSTRUMENT;EFS;EUR;186;131.28000000;415;EXCHANGE_LAST;;1;1;XEUR;11286679;688;
16.01.2025;15:30:03.983;FGBL SI 20250306 PS;SIMPLE_INSTRUMENT;EFS;EUR;187;131.25000000;1412;EXCHANGE_LAST;;1;1;XEUR;11286679;688;
16.01.2025;15:40:49.779;FGBL SI 20250306 PS;SIMPLE_INSTRUMENT;EFS;EUR;188;131.34000000;415;EXCHANGE_LAST;;1;1;XEUR;11286679;688;
16.01.2025;15:41:24.628;FGBL SI 20250306 PS;SIMPLE_INSTRUMENT;EFS;EUR;189;131.34000000;208;EXCHANGE_LAST;;1;1;XEUR;11286679;688;
16.01.2025;15:42:05.669;FGBL SI 20250306 PS;SIMPLE_INSTRUMENT;EFS;EUR;190;131.34000000;208;EXCHANGE_LAST;;1;1;XEUR;11286679;688;
16.01.2025;15:43:19.868;FGBL SI 20250306 PS;SIMPLE_INSTRUMENT;EFS;EUR;191;131.35000000;208;EXCHANGE_LAST;;1;1;XEUR;11286679;688;
16.01.2025;15:44:24.439;FGBL SI 20250306 PS;SIMPLE_INSTRUMENT;EFS;EUR;192;131.36000000;249;EXCHANGE_LAST;;1;1;XEUR;11286679;688;
16.01.2025;15:49:01.806;FGBL SI 20250306 PS;SIMPLE_INSTRUMENT;EFP_FIN;EUR;193;131.39000000;815;EXCHANGE_LAST;;1;1;XEUR;11286679;688;
16.01.2025;15:49:46.096;FGBL SI 20250306 PS;SIMPLE_INSTRUMENT;EFS;EUR;194;131.39000000;416;EXCHANGE_LAST;;1;1;XEUR;11286679;688;
16.01.2025;15:52:45.555;FGBL SI 20250306 PS;SIMPLE_INSTRUMENT;EFS;EUR;195;131.37000000;415;EXCHANGE_LAST;;1;1;XEUR;11286679;688;
16.01.2025;15:53:24.576;FGBL SI 20250306 PS;SIMPLE_INSTRUMENT;EFS;EUR;196;131.32000000;208;EXCHANGE_LAST;;1;1;XEUR;11286679;688;
16.01.2025;15:53:31.657;FGBL SI 20250306 PS;SIMPLE_INSTRUMENT;EFS;EUR;197;131.38000000;475;EXCHANGE_LAST;;1;1;XEUR;11286679;688;
16.01.2025;15:55:36.875;FGBL SI 20250306 PS;SIMPLE_INSTRUMENT;EFP_FIN;EUR;198;131.15000000;365;EXCHANGE_LAST;;1;1;XEUR;11286679;688;
16.01.2025;15:57:56.492;FGBL SI 20250306 PS;SIMPLE_INSTRUMENT;EFS;EUR;199;131.37000000;416;EXCHANGE_LAST;;1;1;XEUR;11286679;688;
16.01.2025;15:58:31.576;FGBL SI 20250306 PS;SIMPLE_INSTRUMENT;EFS;EUR;200;131.41000000;415;EXCHANGE_LAST;;1;1;XEUR;11286679;688;
16.01.2025;15:58:36.176;FGBL SI 20250306 PS;SIMPLE_INSTRUMENT;EFS;EUR;201;131.36000000;415;EXCHANGE_LAST;;1;1;XEUR;11286679;688;
16.01.2025;16:00:39.330;FGBL SI 20250306 PS;SIMPLE_INSTRUMENT;EFS;EUR;202;131.37000000;208;EXCHANGE_LAST;;1;1;XEUR;11286679;688;
16.01.2025;16:00:50.196;FGBL SI 20250306 PS;SIMPLE_INSTRUMENT;EFP_FIN;EUR;203;131.33000000;924;EXCHANGE_LAST;;1;1;XEUR;11286679;688;
16.01.2025;16:02:12.544;FGBL SI 20250306 PS;SIMPLE_INSTRUMENT;EFS;EUR;204;131.38000000;124;EXCHANGE_LAST;;1;1;XEUR;11286679;688;
16.01.2025;16:08:59.089;FGBL SI 20250306 PS;SIMPLE_INSTRUMENT;EFS;EUR;205;131.40000000;693;EXCHANGE_LAST;;1;1;XEUR;11286679;688;
16.01.2025;16:08:40.442;FGBL SI 20250306 PS;SIMPLE_INSTRUMENT;EFS;EUR;206;131.38000000;958;EXCHANGE_LAST;;1;1;XEUR;11286679;688;
16.01.2025;16:09:21.173;FGBL SI 20250306 PS;SIMPLE_INSTRUMENT;EFS;EUR;207;131.49000000;415;EXCHANGE_LAST;;1;1;XEUR;11286679;688;
16.01.2025;16:10:25.690;FGBL SI 20250306 PS;SIMPLE_INSTRUMENT;EFS;EUR;208;131.50000000;100;EXCHANGE_LAST;;1;1;XEUR;11286679;688;
16.01.2025;16:11:10.304;FGBL SI 20250306 PS;SIMPLE_INSTRUMENT;EFS;EUR;209;131.15000000;239;EXCHANGE_LAST;;1;1;XEUR;11286679;688;
16.01.2025;16:16:28.530;FGBL SI 20250306 PS;SIMPLE_INSTRUMENT;EFS;EUR;210;131.45000000;150;EXCHANGE_LAST;;1;1;XEUR;11286679;688;
16.01.2025;16:18:19.558;FGBL SI 20250306 PS;SIMPLE_INSTRUMENT;EFP_FIN;EUR;211;131.52000000;186;EXCHANGE_LAST;;1;1;XEUR;11286679;688;
16.01.2025;16:24:15.912;FGBL SI 20250306 PS;SIMPLE_INSTRUMENT;EFP_FIN;EUR;212;131.50000000;158;EXCHANGE_LAST;;1;1;XEUR;11286679;688;
16.01.2025;16:27:51.567;FGBL SI 20250306 PS;SIMPLE_INSTRUMENT;EFS;EUR;213;131.48000000;415;EXCHANGE_LAST;;1;1;XEUR;11286679;688;
16.01.2025;16:32:03.759;FGBL SI 20250306 PS;SIMPLE_INSTRUMENT;EFS;EUR;214;131.45000000;951;EXCHANGE_LAST;;1;1;XEUR;11286679;688;
16.01.2025;16:34:48.671;FGBL SI 20250306 PS;SIMPLE_INSTRUMENT;EFS;EUR;215;131.54000000;207;EXCHANGE_LAST;;1;1;XEUR;11286679;688;
16.01.2025;16:36:13.275;FGBL SI 20250306 PS;SIMPLE_INSTRUMENT;EFS;EUR;216;131.54000000;165;EXCHANGE_LAST;;1;1;XEUR;11286679;688;
16.01.2025;16:37:30.791;FGBL SI 20250306 PS;SIMPLE_INSTRUMENT;EFP_FIN;EUR;217;131.34000000;473;EXCHANGE_LAST;;1;1;XEUR;11286679;688;
16.01.2025;16:37:59.062;FGBL SI 20250306 PS;SIMPLE_INSTRUMENT;EFS;EUR;218;131.54000000;450;EXCHANGE_LAST;;1;1;XEUR;11286679;688;
16.01.2025;16:38:36.884;FGBL SI 20250306 PS;SIMPLE_INSTRUMENT;EFP_FIN;EUR;219;131.34000000;101;EXCHANGE_LAST;;1;1;XEUR;11286679;688;
16.01.2025;16:38:41.384;FGBL SI 20250306 PS;SIMPLE_INSTRUMENT;EFS;EUR;220;131.51000000;367;EXCHANGE_LAST;;1;1;XEUR;11286679;688;
16.01.2025;16:44:25.168;FGBL SI 20250306 PS;SIMPLE_INSTRUMENT;EFP_FIN;EUR;221;131.51000000;288;EXCHANGE_LAST;;1;1;XEUR;11286679;688;
16.01.2025;16:44:29.712;FGBL SI 20250306 PS;SIMPLE_INSTRUMENT;EFS;EUR;222;131.54000000;415;EXCHANGE_LAST;;1;1;XEUR;11286679;688;
16.01.2025;16:45:22.954;FGBL SI 20250306 PS;SIMPLE_INSTRUMENT;EFS;EUR;223;131.54000000;415;EXCHANGE_LAST;;1;1;XEUR;11286679;688;
16.01.2025;16:47:23.347;FGBL SI 20250306 PS;SIMPLE_INSTRUMENT;EFS;EUR;224;131.52000000;646;EXCHANGE_LAST;;1;1;XEUR;11286679;688;
16.01.2025;16:48:31.266;FGBL SI 20250306 PS;SIMPLE_INSTRUMENT;EFS;EUR;225;131.56000000;207;EXCHANGE_LAST;;1;1;XEUR;11286679;688;
16.01.2025;16:48:31.902;FGBL SI 20250306 PS;SIMPLE_INSTRUMENT;EFS;EUR;226;131.60000000;461;EXCHANGE_LAST;;1;1;XEUR;11286679;688;
16.01.2025;16:50:51.275;FGBL SI 20250306 PS;SIMPLE_INSTRUMENT;EFS;EUR;227;131.58000000;415;EXCHANGE_LAST;;1;1;XEUR;11286679;688;
16.01.2025;17:25:00.175;FGBL SI 20250306 PS;SIMPLE_INSTRUMENT;EFS;EUR;228;131.56000000;141;EXCHANGE_LAST;;1;1;XEUR;11286679;688;
16.01.2025;09:10:15.393;FGBL SI 20250306 PS;SIMPLE_INSTRUMENT;VOLA;EUR;268435465;131.27000000;91;EXCHANGE_LAST;;1;1;XEUR;11286679;688;
16.01.2025;09:56:22.477;FGBL SI 20250306 PS;SIMPLE_INSTRUMENT;VOLA;EUR;268435471;131.20000000;145;EXCHANGE_LAST;;1;1;XEUR;11286679;688;
16.01.2025;10:26:46.385;FGBL SI 20250306 PS;SIMPLE_INSTRUMENT;VOLA;EUR;268435484;131.18000000;10;EXCHANGE_LAST;;1;1;XEUR;11286679;688;
16.01.2025;10:35:16.961;FGBL SI 20250306 PS;SIMPLE_INSTRUMENT;VOLA;EUR;268435488;131.17000000;70;EXCHANGE_LAST;;1;1;XEUR;11286679;688;
16.01.2025;10:43:52.865;FGBL SI 20250306 PS;SIMPLE_INSTRUMENT;VOLA;EUR;268435491;131.18000000;100;EXCHANGE_LAST;;1;1;XEUR;11286679;688;
16.01.2025;10:47:37.231;FGBL SI 20250306 PS;SIMPLE_INSTRUMENT;VOLA;EUR;268435493;131.29000000;160;EXCHANGE_LAST;;1;1;XEUR;11286679;688;
16.01.2025;10:49:04.128;FGBL SI 20250306 PS;SIMPLE_INSTRUMENT;VOLA;EUR;268435495;131.18000000;280;EXCHANGE_LAST;;1;1;XEUR;11286679;688;
16.01.2025;13:15:48.142;FGBL SI 20250306 PS;SIMPLE_INSTRUMENT;VOLA;EUR;268435513;131.19000000;69;EXCHANGE_LAST;;1;1;XEUR;11286679;688;
16.01.2025;13:15:57.143;FGBL SI 20250306 PS;SIMPLE_INSTRUMENT;VOLA;EUR;268435514;131.19000000;69;EXCHANGE_LAST;;1;1;XEUR;11286679;688;
16.01.2025;13:38:05.878;FGBL SI 20250306 PS;SIMPLE_INSTRUMENT;VOLA;EUR;268435515;131.18000000;70;EXCHANGE_LAST;;1;1;XEUR;11286679;688;
16.01.2025;15:20:54.315;FGBL SI 20250306 PS;SIMPLE_INSTRUMENT;VOLA;EUR;268435526;131.17000000;23;EXCHANGE_LAST;;1;1;XEUR;11286679;688;
16.01.2025;08:04:48.932;FGBM SI 20250306 PS;SIMPLE_INSTRUMENT;EFS;EUR;1;116.77000000;909;EXCHANGE_LAST;;1;1;XEUR;11286680;689;
16.01.2025;08:15:34.126;FGBM SI 20250306 PS;SIMPLE_INSTRUMENT;EFS;EUR;2;116.77000000;908;EXCHANGE_LAST;;1;1;XEUR;11286680;689;
16.01.2025;08:16:14.518;FGBM SI 20250306 PS;SIMPLE_INSTRUMENT;EFS;EUR;3;116.78000000;909;EXCHANGE_LAST;;1;1;XEUR;11286680;689;
16.01.2025;08:17:09.568;FGBM SI 20250306 PS;SIMPLE_INSTRUMENT;EFS;EUR;4;116.78000000;909;EXCHANGE_LAST;;1;1;XEUR;11286680;689;
16.01.2025;08:18:04.617;FGBM SI 20250306 PS;SIMPLE_INSTRUMENT;EFS;EUR;5;116.78000000;454;EXCHANGE_LAST;;1;1;XEUR;11286680;689;
16.01.2025;08:25:52.513;FGBM SI 20250306 PS;SIMPLE_INSTRUMENT;EFS;EUR;6;116.77000000;908;EXCHANGE_LAST;;1;1;XEUR;11286680;689;
16.01.2025;08:29:25.289;FGBM SI 20250306 PS;SIMPLE_INSTRUMENT;EFS;EUR;7;116.76000000;454;EXCHANGE_LAST;;1;1;XEUR;11286680;689;
16.01.2025;08:37:02.759;FGBM SI 20250306 PS;SIMPLE_INSTRUMENT;EFP_FIN;EUR;8;116.77000000;260;EXCHANGE_LAST;;1;1;XEUR;11286680;689;
16.01.2025;08:40:12.306;FGBM SI 20250306 PS;SIMPLE_INSTRUMENT;EFS;EUR;9;116.72000000;908;EXCHANGE_LAST;;1;1;XEUR;11286680;689;
16.01.2025;08:42:31.418;FGBM SI 20250306 PS;SIMPLE_INSTRUMENT;EFP_FIN;EUR;10;116.73000000;1935;EXCHANGE_LAST;;1;1;XEUR;11286680;689;
16.01.2025;08:43:08.594;FGBM SI 20250306 PS;SIMPLE_INSTRUMENT;EFS;EUR;11;116.73000000;967;EXCHANGE_LAST;;1;1;XEUR;11286680;689;
16.01.2025;08:44:28.654;FGBM SI 20250306 PS;SIMPLE_INSTRUMENT;EFS;EUR;12;116.74000000;1936;EXCHANGE_LAST;;1;1;XEUR;11286680;689;
16.01.2025;08:45:17.682;FGBM SI 20250306 PS;SIMPLE_INSTRUMENT;EFS;EUR;13;116.74000000;498;EXCHANGE_LAST;;1;1;XEUR;11286680;689;
16.01.2025;08:46:32.279;FGBM SI 20250306 PS;SIMPLE_INSTRUMENT;EFS;EUR;14;116.75000000;498;EXCHANGE_LAST;;1;1;XEUR;11286680;689;
16.01.2025;08:47:26.286;FGBM SI 20250306 PS;SIMPLE_INSTRUMENT;EFP_FIN;EUR;15;116.77000000;260;EXCHANGE_LAST;;1;1;XEUR;11286680;689;
16.01.2025;08:48:28.553;FGBM SI 20250306 PS;SIMPLE_INSTRUMENT;EFS;EUR;16;116.75000000;473;EXCHANGE_LAST;;1;1;XEUR;11286680;689;
16.01.2025;08:50:15.393;FGBM SI 20250306 PS;SIMPLE_INSTRUMENT;EFP_FIN;EUR;17;116.72000000;465;EXCHANGE_LAST;;1;1;XEUR;11286680;689;
16.01.2025;08:51:18.358;FGBM SI 20250306 PS;SIMPLE_INSTRUMENT;EFS;EUR;18;116.73000000;909;EXCHANGE_LAST;;1;1;XEUR;11286680;689;
16.01.2025;08:53:40.778;FGBM SI 20250306 PS;SIMPLE_INSTRUMENT;EFP_FIN;EUR;19;116.74000000;206;EXCHANGE_LAST;;1;1;XEUR;11286680;689;
16.01.2025;08:52:28.423;FGBM SI 20250306 PS;SIMPLE_INSTRUMENT;EFS;EUR;20;116.73000000;909;EXCHANGE_LAST;;1;1;XEUR;11286680;689;
16.01.2025;09:07:12.112;FGBM SI 20250306 PS;SIMPLE_INSTRUMENT;EFS;EUR;21;116.73000000;856;EXCHANGE_LAST;;1;1;XEUR;11286680;689;
16.01.2025;09:07:34.037;FGBM SI 20250306 PS;SIMPLE_INSTRUMENT;EFS;EUR;22;116.73000000;856;EXCHANGE_LAST;;1;1;XEUR;11286680;689;
16.01.2025;09:07:57.740;FGBM SI 20250306 PS;SIMPLE_INSTRUMENT;EFS;EUR;23;116.76000000;909;EXCHANGE_LAST;;1;1;XEUR;11286680;689;
16.01.2025;09:10:00.947;FGBM SI 20250306 PS;SIMPLE_INSTRUMENT;EFS;EUR;24;116.75000000;908;EXCHANGE_LAST;;1;1;XEUR;11286680;689;
16.01.2025;09:11:15.731;FGBM SI 20250306 PS;SIMPLE_INSTRUMENT;EFS;EUR;25;116.73000000;996;EXCHANGE_LAST;;1;1;XEUR;11286680;689;
16.01.2025;09:11:59.437;FGBM SI 20250306 PS;SIMPLE_INSTRUMENT;EFS;EUR;26;116.75000000;455;EXCHANGE_LAST;;1;1;XEUR;11286680;689;
16.01.2025;09:12:04.443;FGBM SI 20250306 PS;SIMPLE_INSTRUMENT;EFS;EUR;27;116.75000000;455;EXCHANGE_LAST;;1;1;XEUR;11286680;689;
16.01.2025;09:14:18.672;FGBM SI 20250306 PS;SIMPLE_INSTRUMENT;EFS;EUR;28;116.75000000;254;EXCHANGE_LAST;;1;1;XEUR;11286680;689;
16.01.2025;09:17:58.536;FGBM SI 20250306 PS;SIMPLE_INSTRUMENT;EFS;EUR;29;116.72000000;1494;EXCHANGE_LAST;;1;1;XEUR;11286680;689;
16.01.2025;09:21:08.612;FGBM SI 20250306 PS;SIMPLE_INSTRUMENT;EFS;EUR;30;116.74000000;1362;EXCHANGE_LAST;;1;1;XEUR;11286680;689;
16.01.2025;09:22:43.933;FGBM SI 20250306 PS;SIMPLE_INSTRUMENT;EFS;EUR;31;116.71000000;908;EXCHANGE_LAST;;1;1;XEUR;11286680;689;
16.01.2025;09:30:19.341;FGBM SI 20250306 PS;SIMPLE_INSTRUMENT;EFS;EUR;32;116.75000000;1992;EXCHANGE_LAST;;1;1;XEUR;11286680;689;
16.01.2025;09:33:55.631;FGBM SI 20250306 PS;SIMPLE_INSTRUMENT;EFS;EUR;33;116.69000000;454;EXCHANGE_LAST;;1;1;XEUR;11286680;689;
16.01.2025;09:37:01.707;FGBM SI 20250306 PS;SIMPLE_INSTRUMENT;EFS;EUR;34;116.76000000;2000;EXCHANGE_LAST;;1;1;XEUR;11286680;689;
16.01.2025;09:43:53.068;FGBM SI 20250306 PS;SIMPLE_INSTRUMENT;EFP_FIN;EUR;35;116.71000000;93;EXCHANGE_LAST;;1;1;XEUR;11286680;689;
16.01.2025;09:44:36.631;FGBM SI 20250306 PS;SIMPLE_INSTRUMENT;EFS;EUR;36;116.70000000;454;EXCHANGE_LAST;;1;1;XEUR;11286680;689;
16.01.2025;09:45:53.542;FGBM SI 20250306 PS;SIMPLE_INSTRUMENT;EFS;EUR;37;116.69000000;114;EXCHANGE_LAST;;1;1;XEUR;11286680;689;
16.01.2025;09:47:08.359;FGBM SI 20250306 PS;SIMPLE_INSTRUMENT;EFS;EUR;38;116.74000000;714;EXCHANGE_LAST;;1;1;XEUR;11286680;689;
16.01.2025;09:52:37.764;FGBM SI 20250306 PS;SIMPLE_INSTRUMENT;EFS;EUR;39;116.72000000;503;EXCHANGE_LAST;;1;1;XEUR;11286680;689;
16.01.2025;09:56:18.818;FGBM SI 20250306 PS;SIMPLE_INSTRUMENT;EFS;EUR;40;116.78000000;909;EXCHANGE_LAST;;1;1;XEUR;11286680;689;
16.01.2025;10:07:12.907;FGBM SI 20250306 PS;SIMPLE_INSTRUMENT;EFP_FIN;EUR;41;116.78000000;1510;EXCHANGE_LAST;;1;1;XEUR;11286680;689;
16.01.2025;10:20:51.854;FGBM SI 20250306 PS;SIMPLE_INSTRUMENT;EFP_FIN;EUR;42;116.76000000;552;EXCHANGE_LAST;;1;1;XEUR;11286680;689;
16.01.2025;10:23:55.691;FGBM SI 20250306 PS;SIMPLE_INSTRUMENT;EFP_FIN;EUR;43;116.74000000;356;EXCHANGE_LAST;;1;1;XEUR;11286680;689;
16.01.2025;10:34:18.919;FGBM SI 20250306 PS;SIMPLE_INSTRUMENT;EFS;EUR;44;116.76000000;996;EXCHANGE_LAST;;1;1;XEUR;11286680;689;
16.01.2025;10:39:14.818;FGBM SI 20250306 PS;SIMPLE_INSTRUMENT;EFS;EUR;45;116.77000000;1789;EXCHANGE_LAST;;1;1;XEUR;11286680;689;
16.01.2025;10:44:34.196;FGBM SI 20250306 PS;SIMPLE_INSTRUMENT;EFS;EUR;46;116.75000000;996;EXCHANGE_LAST;;1;1;XEUR;11286680;689;
16.01.2025;10:43:56.763;FGBM SI 20250306 PS;SIMPLE_INSTRUMENT;EFS;EUR;47;116.80000000;454;EXCHANGE_LAST;;1;1;XEUR;11286680;689;
16.01.2025;10:44:13.443;FGBM SI 20250306 PS;SIMPLE_INSTRUMENT;EFS;EUR;48;116.80000000;454;EXCHANGE_LAST;;1;1;XEUR;11286680;689;
16.01.2025;10:45:53.240;FGBM SI 20250306 PS;SIMPLE_INSTRUMENT;EFS;EUR;49;116.81000000;909;EXCHANGE_LAST;;1;1;XEUR;11286680;689;
16.01.2025;10:45:53.285;FGBM SI 20250306 PS;SIMPLE_INSTRUMENT;EFS;EUR;50;116.81000000;909;EXCHANGE_LAST;;1;1;XEUR;11286680;689;
16.01.2025;10:48:55.597;FGBM SI 20250306 PS;SIMPLE_INSTRUMENT;EFS;EUR;51;116.82000000;454;EXCHANGE_LAST;;1;1;XEUR;11286680;689;
16.01.2025;10:51:08.098;FGBM SI 20250306 PS;SIMPLE_INSTRUMENT;EFP_FIN;EUR;52;116.80000000;81;EXCHANGE_LAST;;1;1;XEUR;11286680;689;
16.01.2025;10:59:46.942;FGBM SI 20250306 PS;SIMPLE_INSTRUMENT;EFS;EUR;53;116.79000000;454;EXCHANGE_LAST;;1;1;XEUR;11286680;689;
16.01.2025;11:00:38.736;FGBM SI 20250306 PS;SIMPLE_INSTRUMENT;EFS;EUR;54;116.80000000;454;EXCHANGE_LAST;;1;1;XEUR;11286680;689;
16.01.2025;11:09:08.157;FGBM SI 20250306 PS;SIMPLE_INSTRUMENT;EFP_FIN;EUR;55;116.80000000;130;EXCHANGE_LAST;;1;1;XEUR;11286680;689;
16.01.2025;11:13:01.533;FGBM SI 20250306 PS;SIMPLE_INSTRUMENT;EFS;EUR;56;116.76000000;454;EXCHANGE_LAST;;1;1;XEUR;11286680;689;
16.01.2025;11:44:57.365;FGBM SI 20250306 PS;SIMPLE_INSTRUMENT;EFS;EUR;57;116.73000000;454;EXCHANGE_LAST;;1;1;XEUR;11286680;689;
16.01.2025;11:46:58.612;FGBM SI 20250306 PS;SIMPLE_INSTRUMENT;EFS;EUR;58;116.74000000;454;EXCHANGE_LAST;;1;1;XEUR;11286680;689;
16.01.2025;11:48:39.188;FGBM SI 20250306 PS;SIMPLE_INSTRUMENT;EFS;EUR;59;116.73000000;1362;EXCHANGE_LAST;;1;1;XEUR;11286680;689;
16.01.2025;11:49:32.842;FGBM SI 20250306 PS;SIMPLE_INSTRUMENT;EFS;EUR;60;116.76000000;968;EXCHANGE_LAST;;1;1;XEUR;11286680;689;
16.01.2025;11:53:21.654;FGBM SI 20250306 PS;SIMPLE_INSTRUMENT;EFP_FIN;EUR;61;116.78000000;549;EXCHANGE_LAST;;1;1;XEUR;11286680;689;
16.01.2025;11:52:38.782;FGBM SI 20250306 PS;SIMPLE_INSTRUMENT;EFP_FIN;EUR;62;116.78000000;320;EXCHANGE_LAST;;1;1;XEUR;11286680;689;
16.01.2025;12:03:40.077;FGBM SI 20250306 PS;SIMPLE_INSTRUMENT;EFP_FIN;EUR;63;116.73000000;69;EXCHANGE_LAST;;1;1;XEUR;11286680;689;
16.01.2025;12:08:06.564;FGBM SI 20250306 PS;SIMPLE_INSTRUMENT;EFS;EUR;64;116.76000000;342;EXCHANGE_LAST;;1;1;XEUR;11286680;689;
16.01.2025;12:22:13.606;FGBM SI 20250306 PS;SIMPLE_INSTRUMENT;EFP_FIN;EUR;65;116.74000000;291;EXCHANGE_LAST;;1;1;XEUR;11286680;689;
16.01.2025;12:32:55.035;FGBM SI 20250306 PS;SIMPLE_INSTRUMENT;EFS;EUR;66;116.74000000;908;EXCHANGE_LAST;;1;1;XEUR;11286680;689;
16.01.2025;12:38:19.588;FGBM SI 20250306 PS;SIMPLE_INSTRUMENT;EFS;EUR;67;116.73000000;454;EXCHANGE_LAST;;1;1;XEUR;11286680;689;
16.01.2025;12:48:55.876;FGBM SI 20250306 PS;SIMPLE_INSTRUMENT;EFP_FIN;EUR;68;116.74000000;291;EXCHANGE_LAST;;1;1;XEUR;11286680;689;
16.01.2025;12:59:48.482;FGBM SI 20250306 PS;SIMPLE_INSTRUMENT;EFS;EUR;69;116.74000000;970;EXCHANGE_LAST;;1;1;XEUR;11286680;689;
16.01.2025;13:13:37.933;FGBM SI 20250306 PS;SIMPLE_INSTRUMENT;EFP_FIN;EUR;70;116.72000000;940;EXCHANGE_LAST;;1;1;XEUR;11286680;689;
16.01.2025;13:22:50.844;FGBM SI 20250306 PS;SIMPLE_INSTRUMENT;EFS;EUR;71;116.74000000;498;EXCHANGE_LAST;;1;1;XEUR;11286680;689;
16.01.2025;13:33:46.846;FGBM SI 20250306 PS;SIMPLE_INSTRUMENT;EFP_FIN;EUR;72;116.70000000;299;EXCHANGE_LAST;;1;1;XEUR;11286680;689;
16.01.2025;13:34:48.366;FGBM SI 20250306 PS;SIMPLE_INSTRUMENT;EFP_FIN;EUR;73;116.70000000;345;EXCHANGE_LAST;;1;1;XEUR;11286680;689;
16.01.2025;13:35:52.663;FGBM SI 20250306 PS;SIMPLE_INSTRUMENT;EFP_FIN;EUR;74;116.68000000;489;EXCHANGE_LAST;;1;1;XEUR;11286680;689;
16.01.2025;14:02:24.786;FGBM SI 20250306 PS;SIMPLE_INSTRUMENT;EFS;EUR;75;116.71000000;908;EXCHANGE_LAST;;1;1;XEUR;11286680;689;
16.01.2025;14:12:19.162;FGBM SI 20250306 PS;SIMPLE_INSTRUMENT;EFS;EUR;76;116.71000000;1362;EXCHANGE_LAST;;1;1;XEUR;11286680;689;
16.01.2025;14:17:48.759;FGBM SI 20250306 PS;SIMPLE_INSTRUMENT;EFS;EUR;77;116.70000000;908;EXCHANGE_LAST;;1;1;XEUR;11286680;689;
16.01.2025;14:18:38.909;FGBM SI 20250306 PS;SIMPLE_INSTRUMENT;EFS;EUR;78;116.71000000;454;EXCHANGE_LAST;;1;1;XEUR;11286680;689;
16.01.2025;14:33:57.609;FGBM SI 20250306 PS;SIMPLE_INSTRUMENT;EFP_FIN;EUR;79;116.72000000;431;EXCHANGE_LAST;;1;1;XEUR;11286680;689;
16.01.2025;14:31:33.866;FGBM SI 20250306 PS;SIMPLE_INSTRUMENT;EFS;EUR;80;116.72000000;909;EXCHANGE_LAST;;1;1;XEUR;11286680;689;
16.01.2025;14:35:19.558;FGBM SI 20250306 PS;SIMPLE_INSTRUMENT;EFS;EUR;81;116.75000000;299;EXCHANGE_LAST;;1;1;XEUR;11286680;689;
16.01.2025;14:39:47.459;FGBM SI 20250306 PS;SIMPLE_INSTRUMENT;EFS;EUR;82;116.76000000;2350;EXCHANGE_LAST;;1;1;XEUR;11286680;689;
16.01.2025;14:43:15.093;FGBM SI 20250306 PS;SIMPLE_INSTRUMENT;EFP_FIN;EUR;83;116.77000000;284;EXCHANGE_LAST;;1;1;XEUR;11286680;689;
16.01.2025;14:43:44.024;FGBM SI 20250306 PS;SIMPLE_INSTRUMENT;EFS;EUR;84;116.73000000;973;EXCHANGE_LAST;;1;1;XEUR;11286680;689;
16.01.2025;14:45:40.656;FGBM SI 20250306 PS;SIMPLE_INSTRUMENT;EFS;EUR;85;116.75000000;1939;EXCHANGE_LAST;;1;1;XEUR;11286680;689;
16.01.2025;14:46:39.740;FGBM SI 20250306 PS;SIMPLE_INSTRUMENT;EFS;EUR;86;116.75000000;909;EXCHANGE_LAST;;1;1;XEUR;11286680;689;
16.01.2025;14:46:49.750;FGBM SI 20250306 PS;SIMPLE_INSTRUMENT;EFS;EUR;87;116.75000000;909;EXCHANGE_LAST;;1;1;XEUR;11286680;689;
16.01.2025;15:02:40.566;FGBM SI 20250306 PS;SIMPLE_INSTRUMENT;EFS;EUR;88;116.70000000;618;EXCHANGE_LAST;;1;1;XEUR;11286680;689;
16.01.2025;15:03:33.613;FGBM SI 20250306 PS;SIMPLE_INSTRUMENT;EFP_FIN;EUR;89;116.75000000;779;EXCHANGE_LAST;;1;1;XEUR;11286680;689;
16.01.2025;15:04:40.560;FGBM SI 20250306 PS;SIMPLE_INSTRUMENT;EFS;EUR;90;116.72000000;1939;EXCHANGE_LAST;;1;1;XEUR;11286680;689;
16.01.2025;15:25:38.002;FGBM SI 20250306 PS;SIMPLE_INSTRUMENT;EFP_FIN;EUR;91;116.80000000;737;EXCHANGE_LAST;;1;1;XEUR;11286680;689;
16.01.2025;15:29:11.440;FGBM SI 20250306 PS;SIMPLE_INSTRUMENT;EFP_FIN;EUR;92;116.85000000;548;EXCHANGE_LAST;;1;1;XEUR;11286680;689;
16.01.2025;15:37:18.153;FGBM SI 20250306 PS;SIMPLE_INSTRUMENT;BLOCK;EUR;93;116.85000000;3800;EXCHANGE_LAST;;1;1;XEUR;11286680;689;
16.01.2025;15:39:49.315;FGBM SI 20250306 PS;SIMPLE_INSTRUMENT;EFS;EUR;94;116.86000000;735;EXCHANGE_LAST;;1;1;XEUR;11286680;689;
16.01.2025;15:48:21.050;FGBM SI 20250306 PS;SIMPLE_INSTRUMENT;EFS;EUR;95;116.86000000;909;EXCHANGE_LAST;;1;1;XEUR;11286680;689;
16.01.2025;15:54:18.532;FGBM SI 20250306 PS;SIMPLE_INSTRUMENT;EFP_FIN;EUR;96;116.73000000;752;EXCHANGE_LAST;;1;1;XEUR;11286680;689;
16.01.2025;15:55:21.369;FGBM SI 20250306 PS;SIMPLE_INSTRUMENT;EFS;EUR;97;116.87000000;909;EXCHANGE_LAST;;1;1;XEUR;11286680;689;
16.01.2025;15:58:31.532;FGBM SI 20250306 PS;SIMPLE_INSTRUMENT;EFS;EUR;98;116.88000000;857;EXCHANGE_LAST;;1;1;XEUR;11286680;689;
16.01.2025;15:59:44.188;FGBM SI 20250306 PS;SIMPLE_INSTRUMENT;EFP_FIN;EUR;99;116.85000000;1932;EXCHANGE_LAST;;1;1;XEUR;11286680;689;
16.01.2025;15:59:50.769;FGBM SI 20250306 PS;SIMPLE_INSTRUMENT;EFP_FIN;EUR;100;116.87000000;865;EXCHANGE_LAST;;1;1;XEUR;11286680;689;
16.01.2025;16:04:58.985;FGBM SI 20250306 PS;SIMPLE_INSTRUMENT;EFS;EUR;101;116.87000000;907;EXCHANGE_LAST;;1;1;XEUR;11286680;689;
16.01.2025;16:06:37.957;FGBM SI 20250306 PS;SIMPLE_INSTRUMENT;EFS;EUR;102;116.91000000;908;EXCHANGE_LAST;;1;1;XEUR;11286680;689;
16.01.2025;16:14:18.353;FGBM SI 20250306 PS;SIMPLE_INSTRUMENT;EFS;EUR;103;116.92000000;454;EXCHANGE_LAST;;1;1;XEUR;11286680;689;
16.01.2025;16:20:04.815;FGBM SI 20250306 PS;SIMPLE_INSTRUMENT;EFP_FIN;EUR;104;116.90000000;237;EXCHANGE_LAST;;1;1;XEUR;11286680;689;
16.01.2025;16:21:55.581;FGBM SI 20250306 PS;SIMPLE_INSTRUMENT;EFP_FIN;EUR;105;116.90000000;237;EXCHANGE_LAST;;1;1;XEUR;11286680;689;
16.01.2025;16:30:20.165;FGBM SI 20250306 PS;SIMPLE_INSTRUMENT;EFS;EUR;106;116.93000000;908;EXCHANGE_LAST;;1;1;XEUR;11286680;689;
16.01.2025;16:30:45.650;FGBM SI 20250306 PS;SIMPLE_INSTRUMENT;EFS;EUR;107;116.90000000;994;EXCHANGE_LAST;;1;1;XEUR;11286680;689;
16.01.2025;16:36:34.735;FGBM SI 20250306 PS;SIMPLE_INSTRUMENT;EFS;EUR;108;116.93000000;1300;EXCHANGE_LAST;;1;1;XEUR;11286680;689;
16.01.2025;16:36:33.377;FGBM SI 20250306 PS;SIMPLE_INSTRUMENT;EFS;EUR;109;116.92000000;907;EXCHANGE_LAST;;1;1;XEUR;11286680;689;
16.01.2025;16:37:25.544;FGBM SI 20250306 PS;SIMPLE_INSTRUMENT;EFS;EUR;110;116.93000000;908;EXCHANGE_LAST;;1;1;XEUR;11286680;689;
16.01.2025;16:37:45.568;FGBM SI 20250306 PS;SIMPLE_INSTRUMENT;EFS;EUR;111;116.93000000;908;EXCHANGE_LAST;;1;1;XEUR;11286680;689;
16.01.2025;16:38:44.550;FGBM SI 20250306 PS;SIMPLE_INSTRUMENT;EFS;EUR;112;116.92000000;453;EXCHANGE_LAST;;1;1;XEUR;11286680;689;
16.01.2025;16:38:45.623;FGBM SI 20250306 PS;SIMPLE_INSTRUMENT;EFS;EUR;113;116.94000000;908;EXCHANGE_LAST;;1;1;XEUR;11286680;689;
16.01.2025;16:39:10.650;FGBM SI 20250306 PS;SIMPLE_INSTRUMENT;EFS;EUR;114;116.93000000;908;EXCHANGE_LAST;;1;1;XEUR;11286680;689;
16.01.2025;16:41:13.393;FGBM SI 20250306 PS;SIMPLE_INSTRUMENT;EFS;EUR;115;116.92000000;873;EXCHANGE_LAST;;1;1;XEUR;11286680;689;
16.01.2025;16:44:45.923;FGBM SI 20250306 PS;SIMPLE_INSTRUMENT;EFS;EUR;116;116.95000000;908;EXCHANGE_LAST;;1;1;XEUR;11286680;689;
16.01.2025;16:45:17.300;FGBM SI 20250306 PS;SIMPLE_INSTRUMENT;EFS;EUR;117;116.93000000;680;EXCHANGE_LAST;;1;1;XEUR;11286680;689;
16.01.2025;16:45:42.975;FGBM SI 20250306 PS;SIMPLE_INSTRUMENT;EFS;EUR;118;116.95000000;908;EXCHANGE_LAST;;1;1;XEUR;11286680;689;
16.01.2025;16:56:47.571;FGBM SI 20250306 PS;SIMPLE_INSTRUMENT;EFS;EUR;119;116.92000000;908;EXCHANGE_LAST;;1;1;XEUR;11286680;689;
16.01.2025;17:01:17.394;FGBM SI 20250306 PS;SIMPLE_INSTRUMENT;EFS;EUR;120;116.91000000;1159;EXCHANGE_LAST;;1;1;XEUR;11286680;689;
16.01.2025;08:22:30.094;FGBS SI 20250306 PS;SIMPLE_INSTRUMENT;EFP_FIN;EUR;1;106.56500000;2562;EXCHANGE_LAST;;1;1;XEUR;11286681;690;
16.01.2025;08:25:41.689;FGBS SI 20250306 PS;SIMPLE_INSTRUMENT;EFS;EUR;2;106.56000000;2749;EXCHANGE_LAST;;1;1;XEUR;11286681;690;
16.01.2025;08:27:57.383;FGBS SI 20250306 PS;SIMPLE_INSTRUMENT;EFS;EUR;3;106.56000000;8014;EXCHANGE_LAST;;1;1;XEUR;11286681;690;
16.01.2025;08:38:52.417;FGBS SI 20250306 PS;SIMPLE_INSTRUMENT;EFS;EUR;4;106.55000000;2750;EXCHANGE_LAST;;1;1;XEUR;11286681;690;
16.01.2025;08:42:55.602;FGBS SI 20250306 PS;SIMPLE_INSTRUMENT;EFS;EUR;5;106.55500000;2670;EXCHANGE_LAST;;1;1;XEUR;11286681;690;
16.01.2025;08:48:47.854;FGBS SI 20250306 PS;SIMPLE_INSTRUMENT;EFS;EUR;6;106.55000000;1160;EXCHANGE_LAST;;1;1;XEUR;11286681;690;
16.01.2025;09:05:13.044;FGBS SI 20250306 PS;SIMPLE_INSTRUMENT;EFS;EUR;7;106.56500000;1336;EXCHANGE_LAST;;1;1;XEUR;11286681;690;
16.01.2025;09:08:59.390;FGBS SI 20250306 PS;SIMPLE_INSTRUMENT;EFS;EUR;8;106.56500000;2749;EXCHANGE_LAST;;1;1;XEUR;11286681;690;
16.01.2025;09:14:26.524;FGBS SI 20250306 PS;SIMPLE_INSTRUMENT;EFS;EUR;9;106.56000000;2750;EXCHANGE_LAST;;1;1;XEUR;11286681;690;
16.01.2025;09:17:04.533;FGBS SI 20250306 PS;SIMPLE_INSTRUMENT;EFS;EUR;10;106.55500000;4124;EXCHANGE_LAST;;1;1;XEUR;11286681;690;
16.01.2025;09:27:33.332;FGBS SI 20250306 PS;SIMPLE_INSTRUMENT;EFS;EUR;11;106.56500000;2749;EXCHANGE_LAST;;1;1;XEUR;11286681;690;
16.01.2025;09:30:01.574;FGBS SI 20250306 PS;SIMPLE_INSTRUMENT;EFS;EUR;12;106.55000000;1977;EXCHANGE_LAST;;1;1;XEUR;11286681;690;
16.01.2025;09:30:47.607;FGBS SI 20250306 PS;SIMPLE_INSTRUMENT;EFS;EUR;13;106.56000000;2749;EXCHANGE_LAST;;1;1;XEUR;11286681;690;
16.01.2025;09:33:28.090;FGBS SI 20250306 PS;SIMPLE_INSTRUMENT;EFS;EUR;14;106.55500000;2670;EXCHANGE_LAST;;1;1;XEUR;11286681;690;
16.01.2025;09:36:21.823;FGBS SI 20250306 PS;SIMPLE_INSTRUMENT;EFP_FIN;EUR;15;106.55000000;184;EXCHANGE_LAST;;1;1;XEUR;11286681;690;
16.01.2025;09:41:23.429;FGBS SI 20250306 PS;SIMPLE_INSTRUMENT;EFP_FIN;EUR;16;106.55000000;1631;EXCHANGE_LAST;;1;1;XEUR;11286681;690;
16.01.2025;09:42:46.892;FGBS SI 20250306 PS;SIMPLE_INSTRUMENT;EFP_FIN;EUR;17;106.56000000;246;EXCHANGE_LAST;;1;1;XEUR;11286681;690;
16.01.2025;09:44:28.283;FGBS SI 20250306 PS;SIMPLE_INSTRUMENT;EFS;EUR;18;106.55500000;2670;EXCHANGE_LAST;;1;1;XEUR;11286681;690;
16.01.2025;09:44:28.283;FGBS SI 20250306 PS;SIMPLE_INSTRUMENT;EFS;EUR;19;106.55000000;2750;EXCHANGE_LAST;;1;1;XEUR;11286681;690;
16.01.2025;09:51:35.640;FGBS SI 20250306 PS;SIMPLE_INSTRUMENT;EFS;EUR;20;106.56000000;2750;EXCHANGE_LAST;;1;1;XEUR;11286681;690;
16.01.2025;10:04:05.995;FGBS SI 20250306 PS;SIMPLE_INSTRUMENT;EFS;EUR;21;106.56000000;2749;EXCHANGE_LAST;;1;1;XEUR;11286681;690;
16.01.2025;10:11:02.543;FGBS SI 20250306 PS;SIMPLE_INSTRUMENT;EFP_FIN;EUR;22;106.56000000;1183;EXCHANGE_LAST;;1;1;XEUR;11286681;690;
16.01.2025;10:12:49.605;FGBS SI 20250306 PS;SIMPLE_INSTRUMENT;EFP_FIN;EUR;23;106.58000000;935;EXCHANGE_LAST;;1;1;XEUR;11286681;690;
16.01.2025;10:26:15.746;FGBS SI 20250306 PS;SIMPLE_INSTRUMENT;EFP_FIN;EUR;24;106.56500000;1844;EXCHANGE_LAST;;1;1;XEUR;11286681;690;
16.01.2025;10:43:54.194;FGBS SI 20250306 PS;SIMPLE_INSTRUMENT;EFS;EUR;25;106.57000000;2749;EXCHANGE_LAST;;1;1;XEUR;11286681;690;
16.01.2025;10:58:21.232;FGBS SI 20250306 PS;SIMPLE_INSTRUMENT;EFS;EUR;26;106.57500000;1224;EXCHANGE_LAST;;1;1;XEUR;11286681;690;
16.01.2025;10:58:11.232;FGBS SI 20250306 PS;SIMPLE_INSTRUMENT;EFS;EUR;27;106.57500000;1080;EXCHANGE_LAST;;1;1;XEUR;11286681;690;
16.01.2025;11:02:18.851;FGBS SI 20250306 PS;SIMPLE_INSTRUMENT;EFS;EUR;28;106.58000000;8014;EXCHANGE_LAST;;1;1;XEUR;11286681;690;
16.01.2025;11:19:25.288;FGBS SI 20250306 PS;SIMPLE_INSTRUMENT;EFS;EUR;29;106.58500000;930;EXCHANGE_LAST;;1;1;XEUR;11286681;690;
16.01.2025;11:21:35.984;FGBS SI 20250306 PS;SIMPLE_INSTRUMENT;EFP_FIN;EUR;30;106.58000000;210;EXCHANGE_LAST;;1;1;XEUR;11286681;690;
16.01.2025;11:48:24.850;FGBS SI 20250306 PS;SIMPLE_INSTRUMENT;EFS;EUR;31;106.57500000;2672;EXCHANGE_LAST;;1;1;XEUR;11286681;690;
16.01.2025;11:54:46.009;FGBS SI 20250306 PS;SIMPLE_INSTRUMENT;EFS;EUR;32;106.56000000;5773;EXCHANGE_LAST;;1;1;XEUR;11286681;690;
16.01.2025;11:57:33.832;FGBS SI 20250306 PS;SIMPLE_INSTRUMENT;EFS;EUR;33;106.56000000;1237;EXCHANGE_LAST;;1;1;XEUR;11286681;690;
16.01.2025;11:59:01.838;FGBS SI 20250306 PS;SIMPLE_INSTRUMENT;EFS;EUR;34;106.56000000;412;EXCHANGE_LAST;;1;1;XEUR;11286681;690;
16.01.2025;12:10:34.057;FGBS SI 20250306 PS;SIMPLE_INSTRUMENT;EFS;EUR;35;106.58000000;6675;EXCHANGE_LAST;;1;1;XEUR;11286681;690;
16.01.2025;12:22:08.092;FGBS SI 20250306 PS;SIMPLE_INSTRUMENT;EFS;EUR;36;106.58000000;2749;EXCHANGE_LAST;;1;1;XEUR;11286681;690;
16.01.2025;12:22:30.486;FGBS SI 20250306 PS;SIMPLE_INSTRUMENT;EFS;EUR;37;106.58000000;5000;EXCHANGE_LAST;;1;1;XEUR;11286681;690;
16.01.2025;12:38:10.869;FGBS SI 20250306 PS;SIMPLE_INSTRUMENT;EFS;EUR;38;106.58000000;5000;EXCHANGE_LAST;;1;1;XEUR;11286681;690;
16.01.2025;12:58:55.919;FGBS SI 20250306 PS;SIMPLE_INSTRUMENT;EFS;EUR;39;106.58000000;2676;EXCHANGE_LAST;;1;1;XEUR;11286681;690;
16.01.2025;13:05:49.880;FGBS SI 20250306 PS;SIMPLE_INSTRUMENT;EFS;EUR;40;106.57500000;2749;EXCHANGE_LAST;;1;1;XEUR;11286681;690;
16.01.2025;13:44:17.080;FGBS SI 20250306 PS;SIMPLE_INSTRUMENT;EFP_FIN;EUR;41;106.58500000;530;EXCHANGE_LAST;;1;1;XEUR;11286681;690;
16.01.2025;13:43:26.019;FGBS SI 20250306 PS;SIMPLE_INSTRUMENT;EFS;EUR;42;106.57000000;2749;EXCHANGE_LAST;;1;1;XEUR;11286681;690;
16.01.2025;14:21:46.728;FGBS SI 20250306 PS;SIMPLE_INSTRUMENT;EFS;EUR;44;106.57000000;1374;EXCHANGE_LAST;;1;1;XEUR;11286681;690;
16.01.2025;14:17:35.238;FGBS SI 20250306 PS;SIMPLE_INSTRUMENT;EFP_FIN;EUR;45;106.57500000;1256;EXCHANGE_LAST;;1;1;XEUR;11286681;690;
16.01.2025;14:36:33.775;FGBS SI 20250306 PS;SIMPLE_INSTRUMENT;EFP_FIN;EUR;46;106.57500000;4019;EXCHANGE_LAST;;1;1;XEUR;11286681;690;
16.01.2025;14:41:01.015;FGBS SI 20250306 PS;SIMPLE_INSTRUMENT;EFS;EUR;47;106.58000000;2749;EXCHANGE_LAST;;1;1;XEUR;11286681;690;
16.01.2025;14:51:19.805;FGBS SI 20250306 PS;SIMPLE_INSTRUMENT;EFP_FIN;EUR;49;106.58000000;1246;EXCHANGE_LAST;;1;1;XEUR;11286681;690;
16.01.2025;14:51:58.260;FGBS SI 20250306 PS;SIMPLE_INSTRUMENT;EFP_FIN;EUR;50;106.57500000;3467;EXCHANGE_LAST;;1;1;XEUR;11286681;690;
16.01.2025;14:56:03.082;FGBS SI 20250306 PS;SIMPLE_INSTRUMENT;EFS;EUR;51;106.56000000;2751;EXCHANGE_LAST;;1;1;XEUR;11286681;690;
16.01.2025;14:59:39.894;FGBS SI 20250306 PS;SIMPLE_INSTRUMENT;EFP_FIN;EUR;52;106.58000000;528;EXCHANGE_LAST;;1;1;XEUR;11286681;690;
16.01.2025;15:07:58.131;FGBS SI 20250306 PS;SIMPLE_INSTRUMENT;EFP_FIN;EUR;53;106.58000000;1403;EXCHANGE_LAST;;1;1;XEUR;11286681;690;
16.01.2025;15:34:14.023;FGBS SI 20250306 PS;SIMPLE_INSTRUMENT;EFP_FIN;EUR;54;106.61000000;1870;EXCHANGE_LAST;;1;1;XEUR;11286681;690;
16.01.2025;16:10:10.333;FGBS SI 20250306 PS;SIMPLE_INSTRUMENT;EFS;EUR;55;106.57500000;1374;EXCHANGE_LAST;;1;1;XEUR;11286681;690;
16.01.2025;16:34:39.220;FGBS SI 20250306 PS;SIMPLE_INSTRUMENT;EFP_FIN;EUR;56;106.63500000;331;EXCHANGE_LAST;;1;1;XEUR;11286681;690;
16.01.2025;16:36:25.376;FGBS SI 20250306 PS;SIMPLE_INSTRUMENT;EFS;EUR;57;106.63000000;88;EXCHANGE_LAST;;1;1;XEUR;11286681;690;
16.01.2025;11:10:49.374;FGBS SI 20250306 PS;SIMPLE_INSTRUMENT;VOLA;EUR;268435497;106.57500000;281;EXCHANGE_LAST;;1;1;XEUR;11286681;690;
16.01.2025;08:32:40.680;FGBX SI 20250306 PS;SIMPLE_INSTRUMENT;BLOCK;EUR;1;126.92000000;517;EXCHANGE_LAST;;1;1;XEUR;11286682;691;
16.01.2025;08:55:35.000;FGBX SI 20250306 PS;SIMPLE_INSTRUMENT;BLOCK;EUR;2;126.72000000;194;EXCHANGE_LAST;;1;1;XEUR;11286682;691;
16.01.2025;09:11:04.219;FGBX SI 20250306 PS;SIMPLE_INSTRUMENT;EFS;EUR;3;126.78000000;52;EXCHANGE_LAST;;1;1;XEUR;11286682;691;
16.01.2025;09:31:34.220;FGBX SI 20250306 PS;SIMPLE_INSTRUMENT;EFP_FIN;EUR;4;126.52000000;111;EXCHANGE_LAST;;1;1;XEUR;11286682;691;
16.01.2025;10:06:06.197;FGBX SI 20250306 PS;SIMPLE_INSTRUMENT;EFS;EUR;5;126.76000000;194;EXCHANGE_LAST;;1;1;XEUR;11286682;691;
16.01.2025;10:07:36.599;FGBX SI 20250306 PS;SIMPLE_INSTRUMENT;EFP_FIN;EUR;6;126.72000000;186;EXCHANGE_LAST;;1;1;XEUR;11286682;691;
16.01.2025;10:08:51.398;FGBX SI 20250306 PS;SIMPLE_INSTRUMENT;EFP_FIN;EUR;7;126.52000000;111;EXCHANGE_LAST;;1;1;XEUR;11286682;691;
16.01.2025;10:41:34.882;FGBX SI 20250306 PS;SIMPLE_INSTRUMENT;EFP_FIN;EUR;9;126.70000000;186;EXCHANGE_LAST;;1;1;XEUR;11286682;691;
16.01.2025;11:43:07.709;FGBX SI 20250306 PS;SIMPLE_INSTRUMENT;EFP_FIN;EUR;13;126.70000000;556;EXCHANGE_LAST;;1;1;XEUR;11286682;691;
16.01.2025;12:16:45.433;FGBX SI 20250306 PS;SIMPLE_INSTRUMENT;BLOCK;EUR;14;126.64000000;777;EXCHANGE_LAST;;1;1;XEUR;11286682;691;
16.01.2025;13:06:12.052;FGBX SI 20250306 PS;SIMPLE_INSTRUMENT;EFP_FIN;EUR;16;126.28000000;129;EXCHANGE_LAST;;1;1;XEUR;11286682;691;
16.01.2025;13:20:56.487;FGBX SI 20250306 PS;SIMPLE_INSTRUMENT;EFS;EUR;17;126.40000000;190;EXCHANGE_LAST;;1;1;XEUR;11286682;691;
16.01.2025;13:25:41.800;FGBX SI 20250306 PS;SIMPLE_INSTRUMENT;EFP_FIN;EUR;19;126.02000000;91;EXCHANGE_LAST;;1;1;XEUR;11286682;691;
16.01.2025;13:34:58.019;FGBX SI 20250306 PS;SIMPLE_INSTRUMENT;EFP_FIN;EUR;20;126.04000000;60;EXCHANGE_LAST;;1;1;XEUR;11286682;691;
16.01.2025;14:09:44.781;FGBX SI 20250306 PS;SIMPLE_INSTRUMENT;BLOCK;EUR;23;126.04000000;1202;EXCHANGE_LAST;;1;1;XEUR;11286682;691;
16.01.2025;14:21:01.170;FGBX SI 20250306 PS;SIMPLE_INSTRUMENT;EFP_FIN;EUR;25;126.38000000;186;EXCHANGE_LAST;;1;1;XEUR;11286682;691;
16.01.2025;15:43:41.152;FGBX SI 20250306 PS;SIMPLE_INSTRUMENT;BLOCK;EUR;26;126.20000000;194;EXCHANGE_LAST;;1;1;XEUR;11286682;691;
