#Date;TrdTime;Contract;ContractType;TrdTyp;Currency;TesId;Prc;Qty;TrdInd;Aggressor;Buy;Sell;Exch;InstrumentId;RelatedProdId;PrcDecomp
23.05.2025;12:03:20.318;7AA SI 20250718 PS AM C 26.50 0;SIMPLE_INSTRUMENT;BLOCK;EUR;3;1.16000000;200;EXCHANGE_LAST;;1;1;XEUR;13233856;3;
23.05.2025;12:03:42.897;7AA SI 20250919 PS AM P 25.00 0;SIMPLE_INSTRUMENT;BLOCK;EUR;4;1.00000000;200;EXCHANGE_LAST;;1;1;XEUR;11869806;3;
23.05.2025;10:52:17.486;A2DS SI 20251219 CS;SIMPLE_INSTRUMENT;BLOCK;EUR;24;2.00000000;14;EXCHANGE_LAST;;1;1;XEUR;5914245;9701;
23.05.2025;08:27:50.411;A2SG SI 20250620 CS;SIMPLE_INSTRUMENT;BLOCK;EUR;6;1.43000000;2188;EXCHANGE_LAST;;1;1;XEUR;10827627;14;
23.05.2025;10:49:50.424;A2SG SI 20251219 CS;SIMPLE_INSTRUMENT;BLOCK;EUR;23;1.45000000;87;EXCHANGE_LAST;;1;1;XEUR;5914262;14;
23.05.2025;11:46:10.056;A2SG SI 20250620 CS;SIMPLE_INSTRUMENT;BLOCK;EUR;34;1.43000000;455;EXCHANGE_LAST;;1;1;XEUR;10827627;14;
23.05.2025;12:13:31.660;A2SG SI 20250620 CS;SIMPLE_INSTRUMENT;BLOCK;EUR;38;1.43000000;455;EXCHANGE_LAST;;1;1;XEUR;10827627;14;
23.05.2025;13:32:23.033;A2SG SI 20250620 CS;SIMPLE_INSTRUMENT;BLOCK;EUR;57;1.43000000;774;EXCHANGE_LAST;;1;1;XEUR;10827627;14;
23.05.2025;10:55:55.118;A2SM SI 20251219 CS;SIMPLE_INSTRUMENT;BLOCK;EUR;25;6.70000000;12;EXCHANGE_LAST;;1;1;XEUR;5914264;15;
23.05.2025;08:46:55.248;ABBN SI 20260320 PS AM P 36.00 0;SIMPLE_INSTRUMENT;BLOCK;CHF;10;0.89000000;1000;EXCHANGE_LAST;;1;1;XEUR;13051989;574517;
23.05.2025;10:14:57.026;ABBN.O.250523.BER.000001;STANDARD_OPTION_STRATEGY;BLOCK;CHF;33;1.22000000;1000;EXCHANGE_LAST;;1;1;XEUR;74525125763939112;574517;
23.05.2025;10:14:57.026;ABBN SI 20250620 PS AM P 48.00 0;SIMPLE_INSTRUMENT;BLOCK;CHF;33;1.50000000;1000;PRC_DECOMP_EXCHANGE;;;;XEUR;8902740;574517;EXCHANGE
23.05.2025;10:14:57.026;ABBN SI 20250620 PS AM P 44.00 0;SIMPLE_INSTRUMENT;BLOCK;CHF;33;0.28000000;1000;PRC_DECOMP_EXCHANGE;;;;XEUR;8536819;574517;EXCHANGE
23.05.2025;11:05:25.364;ABBN SI 20260320 PS AM P 42.00 0;SIMPLE_INSTRUMENT;BLOCK;CHF;41;2.14000000;1000;EXCHANGE_LAST;;1;1;XEUR;13051975;574517;
23.05.2025;15:18:30.740;ADS SI 20260619 PS AM P 200.00 0;SIMPLE_INSTRUMENT;BLOCK;EUR;16;19.30000000;250;EXCHANGE_LAST;;1;1;XEUR;9536502;50;
23.05.2025;15:18:33.834;ADS SI 20250919 PS AM C 240.00 0;SIMPLE_INSTRUMENT;BLOCK;EUR;17;5.69000000;350;EXCHANGE_LAST;;1;1;XEUR;11870838;50;
23.05.2025;15:18:33.935;ADS SI 20261218 PS AM C 320.00 0;SIMPLE_INSTRUMENT;BLOCK;EUR;18;5.90000000;350;EXCHANGE_LAST;;1;1;XEUR;7152088;50;
23.05.2025;14:24:13.723;AKU SI 20250620 PS AM C 63.00 0;SIMPLE_INSTRUMENT;BLOCK;EUR;8;0.75000000;1350;EXCHANGE_LAST;;1;1;XEUR;12995386;78;
23.05.2025;14:24:16.372;AKU SI 20250620 PS AM C 67.00 0;SIMPLE_INSTRUMENT;BLOCK;EUR;9;0.10000000;1350;EXCHANGE_LAST;;1;1;XEUR;12995378;78;
23.05.2025;08:44:54.659;ALC SI 20250620 PS AM P 72.00 0;SIMPLE_INSTRUMENT;BLOCK;CHF;8;2.05000000;600;EXCHANGE_LAST;;1;1;XEUR;11394714;130134;
23.05.2025;09:45:50.516;ALC SI 20261218 PS AM P 60.00 0;SIMPLE_INSTRUMENT;BLOCK;CHF;26;3.54000000;500;EXCHANGE_LAST;;1;1;XEUR;7181824;130134;
23.05.2025;09:49:20.570;ALC.O.250523.BRT.000002;STANDARD_OPTION_STRATEGY;BLOCK;CHF;27;0.53000000;1000;EXCHANGE_LAST;;1;1;XEUR;72616515312041067;130134;
23.05.2025;09:49:20.570;ALC SI 20250620 PS AM P 68.00 0;SIMPLE_INSTRUMENT;BLOCK;CHF;27;0.60000000;1000;PRC_DECOMP_EXCHANGE;;;;XEUR;7926489;130134;EXCHANGE
23.05.2025;09:49:20.570;ALC SI 20250718 PS AM P 68.00 0;SIMPLE_INSTRUMENT;BLOCK;CHF;27;1.13000000;1000;PRC_DECOMP_EXCHANGE;;;;XEUR;13267443;130134;EXCHANGE
23.05.2025;10:26:53.075;ALC SI 20260320 PS AM P 64.00 0;SIMPLE_INSTRUMENT;BLOCK;CHF;38;2.85000000;200;EXCHANGE_LAST;;1;1;XEUR;13038254;130134;
23.05.2025;11:34:03.572;ALC SI 20260320 PS AM P 60.00 0;SIMPLE_INSTRUMENT;BLOCK;CHF;44;1.91000000;500;EXCHANGE_LAST;;1;1;XEUR;13157313;130134;
23.05.2025;11:49:48.117;ALC SI 20260320 PS AM P 68.00 0;SIMPLE_INSTRUMENT;BLOCK;CHF;45;4.40000000;250;EXCHANGE_LAST;;1;1;XEUR;13038316;130134;
23.05.2025;09:07:51.427;ALV SI 20250620 PS AM P 340.00 0;SIMPLE_INSTRUMENT;BLOCK;EUR;2;2.90000000;300;EXCHANGE_LAST;;1;1;XEUR;11349414;74;
23.05.2025;08:28:31.898;ANN.O.250523.STD.000005;STANDARD_OPTION_STRATEGY;BLOCK;EUR;3;2.02000000;5750;EXCHANGE_LAST;;3;3;XEUR;72251735149671566;45202;
23.05.2025;08:28:31.898;ANN SI 20250620 PS AM P 28.00 0;SIMPLE_INSTRUMENT;BLOCK;EUR;3;1.14000000;5750;PRC_DECOMP_EXCHANGE;;;;XEUR;7921068;45202;EXCHANGE
23.05.2025;08:28:31.898;ANN SI 20250620 PS AM C 28.00 0;SIMPLE_INSTRUMENT;BLOCK;EUR;3;0.88000000;5750;PRC_DECOMP_EXCHANGE;;;;XEUR;7921071;45202;EXCHANGE
23.05.2025;09:46:37.962;AOM SI 20251219 PS AM P 19.00 0;SIMPLE_INSTRUMENT;BLOCK;EUR;7;2.22000000;2500;EXCHANGE_LAST;;1;1;XEUR;12432109;88;
23.05.2025;11:45:48.587;ASGF SI 20250619 CS;SIMPLE_INSTRUMENT;BLOCK;EUR;33;33.25400000;5000;EXCHANGE_LAST;;1;1;XEUR;12186943;949862;
23.05.2025;13:32:00.519;ASGF SI 20250619 CS;SIMPLE_INSTRUMENT;BLOCK;EUR;56;33.25400000;8500;EXCHANGE_LAST;;1;1;XEUR;12186943;949862;
23.05.2025;13:03:44.950;ASM SI 20250620 PS AM C 670.00 0;SIMPLE_INSTRUMENT;BLOCK;EUR;6;14.50000000;300;EXCHANGE_LAST;;1;1;XEUR;12996056;107;
23.05.2025;12:55:07.908;B2MW SI 20261218 CS;SIMPLE_INSTRUMENT;BLOCK;EUR;44;3.30000000;100;EXCHANGE_LAST;;1;1;XEUR;4632168;128;
23.05.2025;13:11:54.689;B2MW SI 20261218 CS;SIMPLE_INSTRUMENT;BLOCK;EUR;52;3.30000000;100;EXCHANGE_LAST;;1;2;XEUR;4632168;128;
23.05.2025;08:58:53.593;BAEN SI 20260320 PS AM P 44.00 0;SIMPLE_INSTRUMENT;BLOCK;CHF;18;1.69000000;1000;EXCHANGE_LAST;;1;1;XEUR;12996748;159;
23.05.2025;13:42:53.471;BAEN SI 20271217 PS AM P 44.00 0;SIMPLE_INSTRUMENT;BLOCK;CHF;61;6.21000000;800;EXCHANGE_LAST;;1;1;XEUR;8774410;159;
23.05.2025;13:16:19.128;BAN SI 20260320 PS AM P 42.00 0;SIMPLE_INSTRUMENT;BLOCK;CHF;52;2.70000000;600;EXCHANGE_LAST;;1;1;XEUR;13044366;298535;
23.05.2025;12:56:44.292;BAS SI 20260320 PS AM P 36.00 0;SIMPLE_INSTRUMENT;BLOCK;EUR;9;1.99000000;850;EXCHANGE_LAST;;1;1;XEUR;12996579;150;
23.05.2025;13:04:31.648;BAS SI 20260619 PS AM C 44.00 0;SIMPLE_INSTRUMENT;BLOCK;EUR;10;3.60000000;1000;EXCHANGE_LAST;;1;1;XEUR;9539324;150;
23.05.2025;15:12:49.087;BAS SI 20250620 PS AM C 44.00 0;SIMPLE_INSTRUMENT;BLOCK;EUR;12;0.54000000;1000;EXCHANGE_LAST;;1;1;XEUR;7899118;150;
23.05.2025;15:19:23.215;BAS SI 20261218 PS AM C 44.00 0;SIMPLE_INSTRUMENT;BLOCK;EUR;14;4.36000000;2000;EXCHANGE_LAST;;2;1;XEUR;7153453;150;
23.05.2025;07:45:46.696;BAY SI 20250620 PS AM C 25.00 0;SIMPLE_INSTRUMENT;BLOCK;EUR;1;1.05000000;3000;EXCHANGE_LAST;;1;1;XEUR;11992382;168;
23.05.2025;08:45:33.824;BAY SI 20250620 PS AM C 26.00 0;SIMPLE_INSTRUMENT;BLOCK;EUR;3;0.69000000;1000;EXCHANGE_LAST;;1;1;XEUR;10324700;168;
23.05.2025;08:51:10.783;BAY SI 20250620 PS AM C 25.00 0;SIMPLE_INSTRUMENT;BLOCK;EUR;4;1.05000000;1000;EXCHANGE_LAST;;1;1;XEUR;11992382;168;
23.05.2025;09:48:58.188;BAY.O.250523.BUL.000026;STANDARD_OPTION_STRATEGY;BLOCK;EUR;6;0.80000000;10000;EXCHANGE_LAST;;2;1;XEUR;72058315592511697;168;
23.05.2025;09:48:58.188;BAY SI 20250620 PS AM C 25.00 0;SIMPLE_INSTRUMENT;BLOCK;EUR;6;1.02000000;10000;PRC_DECOMP_EXCHANGE;;;;XEUR;11992382;168;EXCHANGE
23.05.2025;09:48:58.188;BAY SI 20250620 PS AM C 28.00 0;SIMPLE_INSTRUMENT;BLOCK;EUR;6;0.22000000;10000;PRC_DECOMP_EXCHANGE;;;;XEUR;8112566;168;EXCHANGE
23.05.2025;10:57:37.294;BAY SI 20251219 PS AM C 30.00 0;SIMPLE_INSTRUMENT;BLOCK;EUR;8;1.77000000;2500;EXCHANGE_LAST;;1;1;XEUR;10804252;168;
23.05.2025;13:07:30.693;BAY SI 20250919 PS AM C 29.00 0;SIMPLE_INSTRUMENT;BLOCK;EUR;11;1.06000000;15000;EXCHANGE_LAST;;1;1;XEUR;11992369;168;
23.05.2025;15:28:58.709;BAY.O.250523.BUL.000040;STANDARD_OPTION_STRATEGY;BLOCK;EUR;15;0.35000000;1500;EXCHANGE_LAST;;1;1;XEUR;72058315592511711;168;
23.05.2025;15:28:58.709;BAY SI 20250620 PS AM C 27.00 0;SIMPLE_INSTRUMENT;BLOCK;EUR;15;0.35000000;1500;PRC_DECOMP_MEMBER;;;;XEUR;11992379;168;MEMBER
23.05.2025;15:28:58.709;BAY SI 20250620 PS AM C 25.50 0;SIMPLE_INSTRUMENT;BLOCK;EUR;15;0.70000000;1500;PRC_DECOMP_MEMBER;;;;XEUR;12224678;168;MEMBER
23.05.2025;12:36:14.505;BMW SI 20250530 PS AM P 76.00 0;SIMPLE_INSTRUMENT;BLOCK;EUR;9;1.90000000;400;EXCHANGE_LAST;;1;1;XEUR;13237240;210;
23.05.2025;13:52:56.236;BMW SI 20250530 PS AM P 76.00 0;SIMPLE_INSTRUMENT;BLOCK;EUR;15;1.52000000;400;EXCHANGE_LAST;;1;1;XEUR;13237240;210;
23.05.2025;14:04:02.517;BMW SI 20250620 PS AM P 64.00 0;SIMPLE_INSTRUMENT;BLOCK;EUR;17;0.30000000;500;EXCHANGE_LAST;;1;1;XEUR;11352603;210;
23.05.2025;08:48:23.086;BNP SI 20260619 PS AM P 58.00 0;SIMPLE_INSTRUMENT;BLOCK;EUR;1;2.45000000;7000;EXCHANGE_LAST;;1;1;XEUR;12372398;237;
23.05.2025;08:48:47.152;BNP SI 20260619 PS AM P 70.00 0;SIMPLE_INSTRUMENT;BLOCK;EUR;2;5.66000000;6000;EXCHANGE_LAST;;1;1;XEUR;12372374;237;
23.05.2025;08:48:08.499;BNP SI 20260320 PS AM P 68.00 0;SIMPLE_INSTRUMENT;BLOCK;EUR;3;3.66000000;1500;EXCHANGE_LAST;;1;1;XEUR;12999120;237;
23.05.2025;09:43:46.327;BNP.O.250523.STG.000002;STANDARD_OPTION_STRATEGY;BLOCK;EUR;5;16.25000000;600;EXCHANGE_LAST;;1;1;XEUR;72058611945201501;237;
23.05.2025;09:43:46.327;BNP SI 20261218 PS AM C 80.00 0;SIMPLE_INSTRUMENT;BLOCK;EUR;5;7.63000000;600;PRC_DECOMP_EXCHANGE;;;;XEUR;7207418;237;EXCHANGE
23.05.2025;09:43:46.327;BNP SI 20261218 PS AM P 72.00 0;SIMPLE_INSTRUMENT;BLOCK;EUR;5;8.62000000;600;PRC_DECOMP_EXCHANGE;;;;XEUR;7154471;237;EXCHANGE
23.05.2025;13:03:30.312;BNP.O.250523.BER.000004;STANDARD_OPTION_STRATEGY;BLOCK;EUR;23;3.35000000;750;EXCHANGE_LAST;;1;1;XEUR;72058611945201503;237;
23.05.2025;13:03:30.312;BNP SI 20251219 PS AM P 68.00 0;SIMPLE_INSTRUMENT;BLOCK;EUR;23;4.10000000;750;PRC_DECOMP_EXCHANGE;;;;XEUR;11479993;237;EXCHANGE
23.05.2025;13:03:30.312;BNP SI 20251219 PS AM P 48.00 0;SIMPLE_INSTRUMENT;BLOCK;EUR;23;0.75000000;750;PRC_DECOMP_EXCHANGE;;;;XEUR;5923362;237;EXCHANGE
23.05.2025;13:00:47.602;BNPE.O.250523.CNV.000001;STANDARD_OPTION_STRATEGY;BLOCK;EUR;22;-0.45000000;3000;EXCHANGE_LAST;;1;1;XEUR;73339757739901011;298527;
23.05.2025;13:00:47.602;BNPE SI 20250919 PS EU C 76.00 0;SIMPLE_INSTRUMENT;BLOCK;EUR;22;4.84000000;3000;PRC_DECOMP_MEMBER;;;;XEUR;11919226;298527;MEMBER
23.05.2025;13:00:47.602;BNPE SI 20250919 PS EU P 76.00 0;SIMPLE_INSTRUMENT;BLOCK;EUR;22;5.29000000;3000;PRC_DECOMP_MEMBER;;;;XEUR;11919227;298527;MEMBER
23.05.2025;13:11:46.698;BPT SI 20260320 PS AM P 320 0;SIMPLE_INSTRUMENT;BLOCK;GBX;2;22.50000000;600;EXCHANGE_LAST;;1;1;XEUR;12999301;250;
23.05.2025;13:11:38.590;BPT SI 20260320 PS AM P 320 0;SIMPLE_INSTRUMENT;BLOCK;GBX;3;23.00000000;400;EXCHANGE_LAST;;1;1;XEUR;12999301;250;
23.05.2025;10:56:36.410;BSN.O.250523.RTSP.000002;STANDARD_OPTION_STRATEGY;BLOCK;EUR;14;4.03000000;500;EXCHANGE_LAST;;1;1;XEUR;72058629125064513;241;
23.05.2025;10:56:36.410;BSN SI 20250919 PS AM P 64.00 0;SIMPLE_INSTRUMENT;BLOCK;EUR;14;0.32000000;500;PRC_DECOMP_EXCHANGE;;;;XEUR;11875282;241;EXCHANGE
23.05.2025;10:56:36.410;BSN SI 20251219 PS AM C 76.00 0;SIMPLE_INSTRUMENT;BLOCK;EUR;14;4.35000000;500;PRC_DECOMP_EXCHANGE;;;;XEUR;12435912;241;EXCHANGE
23.05.2025;12:59:25.267;C2BK SI 20250620 CS;SIMPLE_INSTRUMENT;BLOCK;EUR;50;0.65000000;2670;EXCHANGE_LAST;;1;1;XEUR;12178564;949832;
23.05.2025;14:47:57.227;C2BK SI 20250620 CS;SIMPLE_INSTRUMENT;BLOCK;EUR;71;0.65000000;4300;EXCHANGE_LAST;;1;1;XEUR;12178564;949832;
23.05.2025;14:23:36.289;C4RI SI 20261218 CS;SIMPLE_INSTRUMENT;BLOCK;EUR;61;3.00000000;950;EXCHANGE_LAST;;2;4;XEUR;6821680;50862;
23.05.2025;14:35:20.127;C4RI SI 20261218 CS;SIMPLE_INSTRUMENT;BLOCK;EUR;67;3.00000000;350;EXCHANGE_LAST;;2;2;XEUR;6821680;50862;
23.05.2025;14:44:36.953;C4RI SI 20261218 CS;SIMPLE_INSTRUMENT;BLOCK;EUR;68;3.00000000;200;EXCHANGE_LAST;;1;1;XEUR;6821680;50862;
23.05.2025;13:11:47.308;CBK SI 20261218 PS AM P 18.00 0;SIMPLE_INSTRUMENT;BLOCK;EUR;13;2.35000000;30000;EXCHANGE_LAST;;2;3;XEUR;8883151;268;
23.05.2025;12:58:33.906;CBKH SI 20250620 CS;SIMPLE_INSTRUMENT;BLOCK;EUR;47;26.52470000;30000;EXCHANGE_LAST;;1;1;XEUR;11192082;10390;
23.05.2025;14:20:25.480;CBKH SI 20250620 CS;SIMPLE_INSTRUMENT;BLOCK;EUR;65;26.07200000;50000;EXCHANGE_LAST;;1;1;XEUR;11192082;10390;
23.05.2025;14:20:38.566;CBKH SI 20250620 CS;SIMPLE_INSTRUMENT;BLOCK;EUR;66;26.07200000;2800;EXCHANGE_LAST;;1;1;XEUR;11192082;10390;
23.05.2025;14:50:18.958;CBKH SI 20250620 CS;SIMPLE_INSTRUMENT;BLOCK;EUR;72;26.54470000;50000;EXCHANGE_LAST;;1;1;XEUR;11192082;10390;
23.05.2025;15:01:54.427;CBKH SI 20250620 CS;SIMPLE_INSTRUMENT;BLOCK;EUR;73;26.53200000;1500;EXCHANGE_LAST;;1;1;XEUR;11192082;10390;
23.05.2025;14:50:10.389;CNYA SI 20251219 PS AM C 4.75 0;SIMPLE_INSTRUMENT;BLOCK;USD;1;0.25000000;512;EXCHANGE_LAST;;1;1;XEUR;12494140;666868;
23.05.2025;14:50:20.965;CNYA SI 20250620 PS AM C 5.50 0;SIMPLE_INSTRUMENT;BLOCK;USD;2;0.01000000;634;EXCHANGE_LAST;;1;1;XEUR;13366503;666868;
23.05.2025;14:50:32.995;CNYA SI 20251219 PS AM C 5.75 0;SIMPLE_INSTRUMENT;BLOCK;USD;3;0.05000000;512;EXCHANGE_LAST;;1;1;XEUR;12494147;666868;
23.05.2025;13:00:13.313;CRI5.O.250523.BER.000004;STANDARD_OPTION_STRATEGY;BLOCK;EUR;5;2.66000000;1000;EXCHANGE_LAST;;1;1;XEUR;72058968427475901;320;
23.05.2025;13:00:13.313;CRI5 SI 20250918 PS AM P 30.00 0;SIMPLE_INSTRUMENT;BLOCK;EUR;5;0.26000000;1000;PRC_DECOMP_MEMBER;;;;XEUR;11863125;320;MEMBER
23.05.2025;13:00:13.313;CRI5 SI 20250918 PS AM P 52.00 0;SIMPLE_INSTRUMENT;BLOCK;EUR;5;2.92000000;1000;PRC_DECOMP_MEMBER;;;;XEUR;11863178;320;MEMBER
23.05.2025;10:30:05.913;D2TE SI 20251219 CS;SIMPLE_INSTRUMENT;BLOCK;EUR;19;0.90000000;137;EXCHANGE_LAST;;1;1;XEUR;5914522;359;
23.05.2025;10:36:57.036;D2TE SI 20261218 CS;SIMPLE_INSTRUMENT;BLOCK;EUR;21;1.00000000;119;EXCHANGE_LAST;;1;1;XEUR;6800755;359;
23.05.2025;10:15:03.655;DAI.O.250523.STD.000006;STANDARD_OPTION_STRATEGY;BLOCK;EUR;3;7.33000000;1000;EXCHANGE_LAST;;1;1;XEUR;73961106363666685;443196;
23.05.2025;10:15:03.655;DAI SI 20250919 PS AM P 56.00 0;SIMPLE_INSTRUMENT;BLOCK;EUR;3;5.14000000;1000;PRC_DECOMP_EXCHANGE;;;;XEUR;11925607;443196;EXCHANGE
23.05.2025;10:15:03.655;DAI SI 20250919 PS AM C 56.00 0;SIMPLE_INSTRUMENT;BLOCK;EUR;3;2.19000000;1000;PRC_DECOMP_EXCHANGE;;;;XEUR;11925609;443196;EXCHANGE
23.05.2025;12:41:13.243;DAI SI 20250530 PS AM P 51.00 0;SIMPLE_INSTRUMENT;BLOCK;EUR;10;1.05000000;1454;EXCHANGE_LAST;;1;1;XEUR;13276199;443196;
23.05.2025;13:43:08.747;DAI SI 20250530 PS AM P 51.00 0;SIMPLE_INSTRUMENT;BLOCK;EUR;13;1.00000000;750;EXCHANGE_LAST;;1;1;XEUR;13276199;443196;
23.05.2025;14:48:15.054;DAI SI 20260619 PS AM C 54.00 0;SIMPLE_INSTRUMENT;BLOCK;EUR;18;4.58000000;3000;EXCHANGE_LAST;;1;2;XEUR;10193329;443196;
23.05.2025;07:54:22.162;DBK.O.250523.STG.000005;STANDARD_OPTION_STRATEGY;BLOCK;EUR;1;5.03000000;3000;EXCHANGE_LAST;;1;1;XEUR;72059148816163146;362;
23.05.2025;07:54:22.162;DBK SI 20261218 PS AM C 28.00 0;SIMPLE_INSTRUMENT;BLOCK;EUR;1;2.95000000;3000;PRC_DECOMP_EXCHANGE;;;;XEUR;11081233;362;EXCHANGE
23.05.2025;07:54:22.162;DBK SI 20261218 PS AM P 20.00 0;SIMPLE_INSTRUMENT;BLOCK;EUR;1;2.08000000;3000;PRC_DECOMP_EXCHANGE;;;;XEUR;7356547;362;EXCHANGE
23.05.2025;08:20:20.809;DBK SI 20260320 PS AM P 20.00 0;SIMPLE_INSTRUMENT;BLOCK;EUR;2;1.14000000;2500;EXCHANGE_LAST;;1;1;XEUR;13001294;362;
23.05.2025;10:16:21.954;DBK SI 20260320 PS AM P 18.00 0;SIMPLE_INSTRUMENT;BLOCK;EUR;7;0.77000000;5000;EXCHANGE_LAST;;1;1;XEUR;13001288;362;
23.05.2025;08:47:27.716;DTE.O.250523.BUL.000003;STANDARD_OPTION_STRATEGY;BLOCK;EUR;6;0.68000000;1750;EXCHANGE_LAST;;1;1;XEUR;72059415104109677;424;
23.05.2025;08:47:27.716;DTE SI 20250620 PS AM C 36.00 0;SIMPLE_INSTRUMENT;BLOCK;EUR;6;0.21000000;1750;PRC_DECOMP_EXCHANGE;;;;XEUR;8215290;424;EXCHANGE
23.05.2025;08:47:27.716;DTE SI 20250620 PS AM C 34.00 0;SIMPLE_INSTRUMENT;BLOCK;EUR;6;0.89000000;1750;PRC_DECOMP_EXCHANGE;;;;XEUR;11356822;424;EXCHANGE
23.05.2025;08:47:33.257;DTE.O.250523.BUL.000003;STANDARD_OPTION_STRATEGY;BLOCK;EUR;7;0.69000000;1750;EXCHANGE_LAST;;1;1;XEUR;72059415104109677;424;
23.05.2025;08:47:33.257;DTE SI 20250620 PS AM C 34.00 0;SIMPLE_INSTRUMENT;BLOCK;EUR;7;0.90000000;1750;PRC_DECOMP_EXCHANGE;;;;XEUR;11356822;424;EXCHANGE
23.05.2025;08:47:33.257;DTE SI 20250620 PS AM C 36.00 0;SIMPLE_INSTRUMENT;BLOCK;EUR;7;0.21000000;1750;PRC_DECOMP_EXCHANGE;;;;XEUR;8215290;424;EXCHANGE
23.05.2025;08:57:32.538;DTE SI 20260320 PS AM P 32.00 0;SIMPLE_INSTRUMENT;BLOCK;EUR;8;1.42000000;1500;EXCHANGE_LAST;;1;1;XEUR;13002356;424;
23.05.2025;08:57:43.039;DTE SI 20260320 PS AM P 32.00 0;SIMPLE_INSTRUMENT;BLOCK;EUR;9;1.43000000;1500;EXCHANGE_LAST;;1;1;XEUR;13002356;424;
23.05.2025;13:33:17.369;DTE SI 20250620 PS AM C 32.00 0;SIMPLE_INSTRUMENT;BLOCK;EUR;17;1.92000000;10000;EXCHANGE_LAST;;1;1;XEUR;7976636;424;
23.05.2025;14:54:12.410;DTE SI 20250919 PS AM P 30.00 0;SIMPLE_INSTRUMENT;BLOCK;EUR;23;0.41000000;3000;EXCHANGE_LAST;;1;1;XEUR;11878508;424;
23.05.2025;10:35:40.095;DTG SI 20251219 PS AM C 40.00 0;SIMPLE_INSTRUMENT;BLOCK;EUR;4;2.75000000;175;EXCHANGE_LAST;;1;1;XEUR;7280864;455942;
23.05.2025;14:04:03.530;DTG SI 20250620 PS AM P 32.00 0;SIMPLE_INSTRUMENT;BLOCK;EUR;16;0.31000000;800;EXCHANGE_LAST;;1;1;XEUR;7934546;455942;
23.05.2025;14:13:50.947;DTGF SI 20250620 CS;SIMPLE_INSTRUMENT;BLOCK;EUR;62;36.47000000;350;EXCHANGE_LAST;;1;1;XEUR;11207866;455940;
23.05.2025;09:10:18.093;E2NL SI 20261218 CS;SIMPLE_INSTRUMENT;BLOCK;EUR;11;0.46000000;1000;EXCHANGE_LAST;;1;1;XEUR;4632356;471;
23.05.2025;10:13:50.677;ENR SI 20260320 PS AM P 80.00 0;SIMPLE_INSTRUMENT;BLOCK;EUR;10;12.55000000;1000;EXCHANGE_LAST;;1;1;XEUR;13044396;298530;
23.05.2025;10:14:21.045;ENR SI 20260320 PS AM P 50.00 0;SIMPLE_INSTRUMENT;BLOCK;EUR;11;2.54000000;6000;EXCHANGE_LAST;;1;1;XEUR;13044487;298530;
23.05.2025;10:52:38.983;ENR SI 20260320 PS AM P 60.00 0;SIMPLE_INSTRUMENT;BLOCK;EUR;13;4.77000000;800;EXCHANGE_LAST;;1;1;XEUR;13044458;298530;
23.05.2025;13:19:01.673;ENR SI 20260619 PS AM P 56.00 0;SIMPLE_INSTRUMENT;BLOCK;EUR;14;5.44000000;500;EXCHANGE_LAST;;1;1;XEUR;12797242;298530;
23.05.2025;14:49:20.651;ENR SI 20250620 PS AM P 69.00 0;SIMPLE_INSTRUMENT;BLOCK;EUR;21;1.12000000;300;EXCHANGE_LAST;;1;1;XEUR;13439522;298530;
23.05.2025;09:46:12.032;ENT5.O.250523.STD.000001;STANDARD_OPTION_STRATEGY;BLOCK;EUR;1;2.69500000;750;EXCHANGE_LAST;;1;1;XEUR;72059728636685277;497;
23.05.2025;09:46:12.032;ENT5 SI 20261217 PS AM C 13.00 0;SIMPLE_INSTRUMENT;BLOCK;EUR;1;0.88750000;750;PRC_DECOMP_EXCHANGE;;;;XEUR;13309976;497;EXCHANGE
23.05.2025;09:46:12.032;ENT5 SI 20261217 PS AM P 13.00 0;SIMPLE_INSTRUMENT;BLOCK;EUR;1;1.80750000;750;PRC_DECOMP_EXCHANGE;;;;XEUR;13309977;497;EXCHANGE
23.05.2025;13:04:58.393;EOA SI 20250620 PS AM P 14.80 0;SIMPLE_INSTRUMENT;BLOCK;EUR;11;0.11000000;4000;EXCHANGE_LAST;;1;1;XEUR;13033482;49065;
23.05.2025;10:46:03.146;F2TE SI 20251219 CS;SIMPLE_INSTRUMENT;BLOCK;EUR;22;0.74500000;148;EXCHANGE_LAST;;1;1;XEUR;5914629;524;
23.05.2025;07:22:04.449;FBTP SI 20250606 PS;SIMPLE_INSTRUMENT;EFP_FIN;EUR;1;119.98000000;1371;EXCHANGE_LAST;;1;1;XEUR;11820365;636;
23.05.2025;07:45:24.986;FBTP SI 20250606 PS;SIMPLE_INSTRUMENT;EFP_FIN;EUR;2;120.00000000;442;EXCHANGE_LAST;;1;1;XEUR;11820365;636;
23.05.2025;07:45:17.854;FBTP SI 20250606 PS;SIMPLE_INSTRUMENT;BLOCK;EUR;3;120.00000000;716;EXCHANGE_LAST;;1;1;XEUR;11820365;636;
23.05.2025;07:53:28.809;FBTP SI 20250606 PS;SIMPLE_INSTRUMENT;EFP_FIN;EUR;4;119.99000000;884;EXCHANGE_LAST;;1;1;XEUR;11820365;636;
23.05.2025;07:55:18.570;FBTP SI 20250606 PS;SIMPLE_INSTRUMENT;EFP_FIN;EUR;5;119.97000000;1769;EXCHANGE_LAST;;1;1;XEUR;11820365;636;
23.05.2025;07:56:54.195;FBTP SI 20250606 PS;SIMPLE_INSTRUMENT;EFP_FIN;EUR;6;119.95000000;1079;EXCHANGE_LAST;;1;1;XEUR;11820365;636;
23.05.2025;07:57:49.959;FBTP SI 20250606 PS;SIMPLE_INSTRUMENT;EFP_FIN;EUR;7;119.97000000;663;EXCHANGE_LAST;;1;1;XEUR;11820365;636;
23.05.2025;08:00:34.440;FBTP SI 20250606 PS;SIMPLE_INSTRUMENT;EFP_FIN;EUR;8;119.97000000;2673;EXCHANGE_LAST;;1;1;XEUR;11820365;636;
23.05.2025;08:28:06.108;FBTP SI 20250606 PS;SIMPLE_INSTRUMENT;EFP_FIN;EUR;9;119.89000000;144;EXCHANGE_LAST;;1;1;XEUR;11820365;636;
23.05.2025;10:27:03.593;FBTP SI 20250606 PS;SIMPLE_INSTRUMENT;EFP_FIN;EUR;10;119.79000000;2653;EXCHANGE_LAST;;1;1;XEUR;11820365;636;
23.05.2025;10:58:49.077;FBTP SI 20250606 PS;SIMPLE_INSTRUMENT;EFP_FIN;EUR;11;119.72000000;2423;EXCHANGE_LAST;;1;1;XEUR;11820365;636;
23.05.2025;11:08:31.618;FBTP SI 20250606 PS;SIMPLE_INSTRUMENT;BLOCK;EUR;12;119.72000000;884;EXCHANGE_LAST;;1;1;XEUR;11820365;636;
23.05.2025;11:33:05.413;FBTP SI 20250606 PS;SIMPLE_INSTRUMENT;BLOCK;EUR;13;119.72000000;2423;EXCHANGE_LAST;;1;1;XEUR;11820365;636;
23.05.2025;11:59:25.033;FBTP SI 20250606 PS;SIMPLE_INSTRUMENT;EFP_FIN;EUR;14;119.84000000;230;EXCHANGE_LAST;;1;1;XEUR;11820365;636;
23.05.2025;12:00:34.637;FBTP SI 20250606 PS;SIMPLE_INSTRUMENT;BLOCK;EUR;15;120.26000000;1141;EXCHANGE_LAST;;1;1;XEUR;11820365;636;
23.05.2025;12:01:18.634;FBTP SI 20250606 PS;SIMPLE_INSTRUMENT;BLOCK;EUR;16;119.76000000;354;EXCHANGE_LAST;;1;1;XEUR;11820365;636;
23.05.2025;12:02:29.253;FBTP SI 20250606 PS;SIMPLE_INSTRUMENT;EFP_FIN;EUR;17;119.76000000;221;EXCHANGE_LAST;;1;1;XEUR;11820365;636;
23.05.2025;12:38:08.992;FBTP SI 20250606 PS;SIMPLE_INSTRUMENT;EFP_FIN;EUR;18;120.17000000;183;EXCHANGE_LAST;;1;1;XEUR;11820365;636;
23.05.2025;13:35:01.370;FBTP SI 20250606 PS;SIMPLE_INSTRUMENT;EFP_FIN;EUR;19;120.34000000;131;EXCHANGE_LAST;;1;1;XEUR;11820365;636;
23.05.2025;14:14:02.452;FBTP SI 20250606 PS;SIMPLE_INSTRUMENT;EFP_FIN;EUR;20;120.28000000;531;EXCHANGE_LAST;;1;1;XEUR;11820365;636;
23.05.2025;14:27:54.494;FBTP SI 20250606 PS;SIMPLE_INSTRUMENT;BLOCK;EUR;21;120.15000000;269;EXCHANGE_LAST;;1;1;XEUR;11820365;636;
23.05.2025;15:11:37.803;FBTP SI 20250606 PS;SIMPLE_INSTRUMENT;EFP_FIN;EUR;22;120.14000000;94;EXCHANGE_LAST;;1;1;XEUR;11820365;636;
23.05.2025;15:12:46.111;FBTP SI 20250606 PS;SIMPLE_INSTRUMENT;EFP_FIN;EUR;23;120.14000000;291;EXCHANGE_LAST;;1;1;XEUR;11820365;636;
23.05.2025;15:13:55.888;FBTP SI 20250606 PS;SIMPLE_INSTRUMENT;EFP_FIN;EUR;24;120.14000000;90;EXCHANGE_LAST;;1;1;XEUR;11820365;636;
23.05.2025;12:59:29.383;FBTP SI 20250606 PS;SIMPLE_INSTRUMENT;VOLA;EUR;268435541;120.00000000;62;EXCHANGE_LAST;;1;1;XEUR;11820365;636;
23.05.2025;12:59:30.218;FBTP SI 20250606 PS;SIMPLE_INSTRUMENT;VOLA;EUR;268435543;120.01000000;62;EXCHANGE_LAST;;1;1;XEUR;11820365;636;
23.05.2025;07:52:16.268;FBTS SI 20250606 PS;SIMPLE_INSTRUMENT;EFP_FIN;EUR;3;107.99000000;286;EXCHANGE_LAST;;1;1;XEUR;11820367;639;
23.05.2025;08:32:14.525;FBTS SI 20250606 PS;SIMPLE_INSTRUMENT;EFP_FIN;EUR;5;107.98000000;952;EXCHANGE_LAST;;1;1;XEUR;11820367;639;
23.05.2025;08:34:12.776;FBTS SI 20250606 PS;SIMPLE_INSTRUMENT;EFP_FIN;EUR;6;107.97000000;1988;EXCHANGE_LAST;;1;1;XEUR;11820367;639;
23.05.2025;08:57:17.278;FBTS SI 20250606 PS;SIMPLE_INSTRUMENT;EFP_FIN;EUR;7;107.98000000;1326;EXCHANGE_LAST;;1;1;XEUR;11820367;639;
23.05.2025;09:18:05.225;FBTS SI 20250606 PS;SIMPLE_INSTRUMENT;EFP_FIN;EUR;8;107.97000000;952;EXCHANGE_LAST;;1;1;XEUR;11820367;639;
23.05.2025;09:18:50.731;FBTS SI 20250606 PS;SIMPLE_INSTRUMENT;EFP_FIN;EUR;9;107.97000000;476;EXCHANGE_LAST;;1;1;XEUR;11820367;639;
23.05.2025;09:45:00.506;FBTS SI 20250606 PS;SIMPLE_INSTRUMENT;EFP_FIN;EUR;13;107.98000000;121;EXCHANGE_LAST;;1;1;XEUR;11820367;639;
23.05.2025;14:27:09.492;FBTS SI 20250606 PS;SIMPLE_INSTRUMENT;BLOCK;EUR;27;108.10000000;1062;EXCHANGE_LAST;;1;1;XEUR;11820367;639;
23.05.2025;13:17:09.424;FCBU SI 20250603 CS;SIMPLE_INSTRUMENT;BLOCK;USD;1;0.17410000;300;EXCHANGE_LAST;;1;1;XEUR;11280122;570870;
23.05.2025;13:22:00.925;FCNS SI 20250616 PS;SIMPLE_INSTRUMENT;EFP_IDX;SEK;2;0.94100000;144;EXCHANGE_LAST;;1;1;XEUR;7879240;402911;
23.05.2025;13:22:01.474;FCNS SI 20250616 PS;SIMPLE_INSTRUMENT;EFP_IDX;SEK;3;0.94101000;64;EXCHANGE_LAST;;1;1;XEUR;7879240;402911;
23.05.2025;13:22:23.141;FCNS SI 20250616 PS;SIMPLE_INSTRUMENT;EFP_IDX;SEK;4;0.94220000;64;EXCHANGE_LAST;;1;1;XEUR;7879240;402911;
23.05.2025;13:22:23.661;FCNS SI 20250616 PS;SIMPLE_INSTRUMENT;EFP_IDX;SEK;5;0.94221000;16;EXCHANGE_LAST;;1;1;XEUR;7879240;402911;
23.05.2025;13:54:54.185;FCNS SI 20250616 PS;SIMPLE_INSTRUMENT;EFP_IDX;SEK;6;0.93926000;61;EXCHANGE_LAST;;1;1;XEUR;7879240;402911;
23.05.2025;13:54:54.701;FCNS SI 20250616 PS;SIMPLE_INSTRUMENT;EFP_IDX;SEK;7;0.93927000;66;EXCHANGE_LAST;;1;1;XEUR;7879240;402911;
23.05.2025;15:26:07.342;FCNS SI 20250616 PS;SIMPLE_INSTRUMENT;EFP_IDX;SEK;8;0.93997000;36;EXCHANGE_LAST;;1;1;XEUR;7879240;402911;
23.05.2025;15:26:07.939;FCNS SI 20250616 PS;SIMPLE_INSTRUMENT;EFP_IDX;SEK;9;0.93998000;64;EXCHANGE_LAST;;1;1;XEUR;7879240;402911;
23.05.2025;09:21:55.892;FDAX SI 20250620 CS;SIMPLE_INSTRUMENT;VOLA;EUR;671088649;24150.00000000;6;EXCHANGE_LAST;;1;1;XEUR;7903800;589;
23.05.2025;09:58:59.197;FDAX SI 20250620 CS;SIMPLE_INSTRUMENT;VOLA;EUR;671088653;24090.00000000;16;EXCHANGE_LAST;;1;1;XEUR;7903800;589;
23.05.2025;09:59:01.304;FDAX SI 20250620 CS;SIMPLE_INSTRUMENT;VOLA;EUR;671088654;24090.00000000;16;EXCHANGE_LAST;;1;1;XEUR;7903800;589;
23.05.2025;14:18:33.313;FDAX SI 20250620 CS;SIMPLE_INSTRUMENT;VOLA;EUR;671088663;23654.00000000;45;EXCHANGE_LAST;;1;1;XEUR;7903800;589;
23.05.2025;15:12:25.714;FDAX SI 20250620 CS;SIMPLE_INSTRUMENT;VOLA;EUR;671088666;23690.00000000;72;EXCHANGE_LAST;;1;1;XEUR;7903800;589;
23.05.2025;12:37:32.293;FEBD SI 20271217 CS;SIMPLE_INSTRUMENT;BLOCK;EUR;24;9.45000000;350;EXCHANGE_LAST;;1;1;XEUR;7776307;597;
23.05.2025;12:45:56.848;FEBD SI 20261218 CS;SIMPLE_INSTRUMENT;BLOCK;EUR;26;10.30000000;1000;EXCHANGE_LAST;;2;2;XEUR;7158212;597;
23.05.2025;13:30:43.354;FEBD SI 20271217 CS;SIMPLE_INSTRUMENT;BLOCK;EUR;33;9.47000000;1400;EXCHANGE_LAST;;1;2;XEUR;7776307;597;
23.05.2025;13:29:46.817;FEBD SI 20271217 CS;SIMPLE_INSTRUMENT;BLOCK;EUR;34;9.48000000;1400;EXCHANGE_LAST;;1;1;XEUR;7776307;597;
23.05.2025;13:59:16.123;FEBD SI 20261218 CS;SIMPLE_INSTRUMENT;BLOCK;EUR;39;10.30000000;250;EXCHANGE_LAST;;1;1;XEUR;7158212;597;
23.05.2025;14:05:38.053;FEBD SI 20261218 CS;SIMPLE_INSTRUMENT;BLOCK;EUR;40;10.43000000;1250;EXCHANGE_LAST;;2;2;XEUR;7158212;597;
23.05.2025;08:16:28.287;FES1 SI 20250620 PS;SIMPLE_INSTRUMENT;BLOCK;EUR;1;3.90000000;113;EXCHANGE_LAST;;1;1;XEUR;11910814;58959;
23.05.2025;08:52:33.188;FES1 SI 20250620 PS;SIMPLE_INSTRUMENT;BLOCK;EUR;8;4.90000000;179;EXCHANGE_LAST;;1;1;XEUR;11910814;58959;
23.05.2025;08:52:53.645;FES1 SI 20250620 PS;SIMPLE_INSTRUMENT;BLOCK;EUR;9;4.10000000;5549;EXCHANGE_LAST;;1;1;XEUR;11910814;58959;
23.05.2025;09:15:40.991;FESB SI 20250620 CS;SIMPLE_INSTRUMENT;BLOCK;EUR;38;205.00000000;3000;EXCHANGE_LAST;;1;1;XEUR;11880665;605;
23.05.2025;09:15:50.215;FESB SI 20250620 CS;SIMPLE_INSTRUMENT;BLOCK;EUR;39;204.95000000;3000;EXCHANGE_LAST;;1;1;XEUR;11880665;605;
23.05.2025;09:41:35.223;FESB SI 20250620 CS;SIMPLE_INSTRUMENT;BLOCK;EUR;40;203.90000000;3457;EXCHANGE_LAST;;1;1;XEUR;11880665;605;
23.05.2025;09:53:35.343;FESB SI 20250620 CS;SIMPLE_INSTRUMENT;BLOCK;EUR;42;203.60000000;2720;EXCHANGE_LAST;;1;1;XEUR;11880665;605;
23.05.2025;15:21:39.496;FESB SI 20250620 CS;SIMPLE_INSTRUMENT;BLOCK;EUR;45;199.50000000;3080;EXCHANGE_LAST;;1;1;XEUR;11880665;605;
23.05.2025;15:42:12.200;FESB SI 20250620 CS;SIMPLE_INSTRUMENT;EFP_IDX;EUR;47;198.70000000;83;EXCHANGE_LAST;;1;1;XEUR;11880665;605;
23.05.2025;15:42:30.455;FESB SI 20250620 CS;SIMPLE_INSTRUMENT;EFP_IDX;EUR;48;198.80000000;332;EXCHANGE_LAST;;1;1;XEUR;11880665;605;
23.05.2025;15:47:22.892;FESB SI 20250620 CS;SIMPLE_INSTRUMENT;VOLA;EUR;603979824;198.10000000;300;EXCHANGE_LAST;;1;1;XEUR;11880665;605;
23.05.2025;13:33:44.580;FESI SI 20250620 CS;SIMPLE_INSTRUMENT;VOLA;EUR;603979810;502.10000000;66;EXCHANGE_LAST;;1;1;XEUR;11881223;681;
23.05.2025;12:09:41.679;FESX SI 20250620 CS;SIMPLE_INSTRUMENT;BLOCK;EUR;1;5407.00000000;3000;EXCHANGE_LAST;;1;1;XEUR;7904020;675;
23.05.2025;15:50:16.467;FESX SI 20250620 CS;SIMPLE_INSTRUMENT;EFP_IDX;EUR;3;5329.00000000;190;EXCHANGE_LAST;;1;1;XEUR;7904020;675;
23.05.2025;15:50:32.013;FESX SI 20250620 CS;SIMPLE_INSTRUMENT;EFP_IDX;EUR;4;5330.00000000;810;EXCHANGE_LAST;;1;1;XEUR;7904020;675;
23.05.2025;15:46:33.932;FESX SI 20250620 CS;SIMPLE_INSTRUMENT;BLOCK;EUR;5;5330.00000000;2430;EXCHANGE_LAST;;1;1;XEUR;7904020;675;
23.05.2025;15:46:40.807;FESX SI 20250620 CS;SIMPLE_INSTRUMENT;EFP_IDX;EUR;6;5329.00000000;570;EXCHANGE_LAST;;1;1;XEUR;7904020;675;
23.05.2025;15:46:46.818;FESX SI 20250620 CS;SIMPLE_INSTRUMENT;EFP_IDX;EUR;7;5329.00000000;98;EXCHANGE_LAST;;1;1;XEUR;7904020;675;
23.05.2025;15:46:52.949;FESX SI 20250620 CS;SIMPLE_INSTRUMENT;EFP_IDX;EUR;8;5330.00000000;1402;EXCHANGE_LAST;;1;1;XEUR;7904020;675;
23.05.2025;15:46:59.182;FESX SI 20250620 CS;SIMPLE_INSTRUMENT;EFP_IDX;EUR;9;5330.00000000;468;EXCHANGE_LAST;;1;1;XEUR;7904020;675;
23.05.2025;15:47:05.713;FESX SI 20250620 CS;SIMPLE_INSTRUMENT;EFP_IDX;EUR;10;5329.00000000;32;EXCHANGE_LAST;;1;1;XEUR;7904020;675;
23.05.2025;15:46:55.708;FESX SI 20250620 CS;SIMPLE_INSTRUMENT;EFP_IDX;EUR;11;5331.00000000;170;EXCHANGE_LAST;;1;1;XEUR;7904020;675;
23.05.2025;15:46:58.206;FESX SI 20250620 CS;SIMPLE_INSTRUMENT;EFP_IDX;EUR;12;5329.00000000;136;EXCHANGE_LAST;;1;1;XEUR;7904020;675;
23.05.2025;15:49:59.602;FESX SI 20250620 CS;SIMPLE_INSTRUMENT;EFP_IDX;EUR;13;5329.00000000;342;EXCHANGE_LAST;;1;1;XEUR;7904020;675;
23.05.2025;15:50:14.217;FESX SI 20250620 CS;SIMPLE_INSTRUMENT;EFP_IDX;EUR;14;5330.00000000;1458;EXCHANGE_LAST;;1;1;XEUR;7904020;675;
23.05.2025;15:48:04.933;FESX SI 20250620 CS;SIMPLE_INSTRUMENT;EFP_IDX;EUR;15;5330.00000000;149;EXCHANGE_LAST;;1;1;XEUR;7904020;675;
23.05.2025;15:48:56.801;FESX SI 20250620 CS;SIMPLE_INSTRUMENT;EFP_IDX;EUR;16;5329.00000000;42;EXCHANGE_LAST;;1;1;XEUR;7904020;675;
23.05.2025;15:48:50.458;FESX SI 20250620 CS;SIMPLE_INSTRUMENT;EFP_IDX;EUR;17;5330.00000000;608;EXCHANGE_LAST;;1;1;XEUR;7904020;675;
23.05.2025;15:48:45.388;FESX SI 20250620 CS;SIMPLE_INSTRUMENT;EFP_IDX;EUR;18;5329.00000000;247;EXCHANGE_LAST;;1;1;XEUR;7904020;675;
23.05.2025;15:51:48.950;FESX SI 20250620 CS;SIMPLE_INSTRUMENT;EFP_IDX;EUR;19;5330.00000000;1053;EXCHANGE_LAST;;1;1;XEUR;7904020;675;
23.05.2025;15:51:47.638;FESX SI 20250620 CS;SIMPLE_INSTRUMENT;EFP_IDX;EUR;20;5330.00000000;1131;EXCHANGE_LAST;;1;1;XEUR;7904020;675;
23.05.2025;15:51:54.443;FESX SI 20250620 CS;SIMPLE_INSTRUMENT;EFP_IDX;EUR;21;5329.00000000;79;EXCHANGE_LAST;;1;1;XEUR;7904020;675;
23.05.2025;15:51:55.615;FESX SI 20250620 CS;SIMPLE_INSTRUMENT;EFP_IDX;EUR;22;5330.00000000;810;EXCHANGE_LAST;;1;1;XEUR;7904020;675;
23.05.2025;15:52:03.220;FESX SI 20250620 CS;SIMPLE_INSTRUMENT;EFP_IDX;EUR;23;5329.00000000;190;EXCHANGE_LAST;;1;1;XEUR;7904020;675;
23.05.2025;15:49:41.985;FESX SI 20250620 CS;SIMPLE_INSTRUMENT;EFP_IDX;EUR;24;5330.00000000;810;EXCHANGE_LAST;;1;1;XEUR;7904020;675;
23.05.2025;15:50:00.866;FESX SI 20250620 CS;SIMPLE_INSTRUMENT;EFP_IDX;EUR;25;5329.00000000;190;EXCHANGE_LAST;;1;1;XEUR;7904020;675;
23.05.2025;15:50:26.357;FESX SI 20250620 CS;SIMPLE_INSTRUMENT;EFP_IDX;EUR;26;5330.00000000;148;EXCHANGE_LAST;;1;1;XEUR;7904020;675;
23.05.2025;15:50:42.670;FESX SI 20250620 CS;SIMPLE_INSTRUMENT;EFP_IDX;EUR;27;5329.00000000;61;EXCHANGE_LAST;;1;1;XEUR;7904020;675;
23.05.2025;16:00:17.732;FESX SI 20250620 CS;SIMPLE_INSTRUMENT;EFP_IDX;EUR;28;5330.00000000;810;EXCHANGE_LAST;;1;1;XEUR;7904020;675;
23.05.2025;16:00:32.684;FESX SI 20250620 CS;SIMPLE_INSTRUMENT;EFP_IDX;EUR;29;5329.00000000;190;EXCHANGE_LAST;;1;1;XEUR;7904020;675;
23.05.2025;16:47:45.977;FESX SI 20250620 CS;SIMPLE_INSTRUMENT;BLOCK;EUR;31;5330.00000000;4000;EXCHANGE_LAST;;1;1;XEUR;7904020;675;
23.05.2025;08:29:03.791;FESX SI 20250620 CS;SIMPLE_INSTRUMENT;VOLA;EUR;637534235;5436.00000000;130;EXCHANGE_LAST;;1;1;XEUR;7904020;675;
23.05.2025;08:33:26.737;FESX SI 20250620 CS;SIMPLE_INSTRUMENT;VOLA;EUR;637534237;5442.00000000;700;EXCHANGE_LAST;;1;1;XEUR;7904020;675;
23.05.2025;08:50:04.272;FESX SI 20250620 CS;SIMPLE_INSTRUMENT;VOLA;EUR;637534246;5440.00000000;1000;EXCHANGE_LAST;;1;1;XEUR;7904020;675;
23.05.2025;08:50:41.448;FESX SI 20250620 CS;SIMPLE_INSTRUMENT;VOLA;EUR;637534247;5440.00000000;625;EXCHANGE_LAST;;1;1;XEUR;7904020;675;
23.05.2025;13:29:47.402;FESX SI 20250620 CS;SIMPLE_INSTRUMENT;VOLA;EUR;637534320;5283.00000000;420;EXCHANGE_LAST;;1;1;XEUR;7904020;675;
23.05.2025;13:50:57.328;FESX SI 20250620 CS;SIMPLE_INSTRUMENT;VOLA;EUR;637534335;5315.00000000;900;EXCHANGE_LAST;;1;1;XEUR;7904020;675;
23.05.2025;14:08:00.424;FESX SI 20250620 CS;SIMPLE_INSTRUMENT;VOLA;EUR;637534343;5309.00000000;345;EXCHANGE_LAST;;1;1;XEUR;7904020;675;
23.05.2025;14:14:32.668;FESX SI 20250620 CS;SIMPLE_INSTRUMENT;VOLA;EUR;637534353;5300.00000000;160;EXCHANGE_LAST;;1;1;XEUR;7904020;675;
23.05.2025;14:52:05.913;FESX SI 20250620 CS;SIMPLE_INSTRUMENT;VOLA;EUR;637534369;5282.00000000;1000;EXCHANGE_LAST;;1;1;XEUR;7904020;675;
23.05.2025;08:45:21.690;FEXD.S.DEC26.DEC27.SPD;FUTURES_SPREAD;BLOCK;EUR;5;4.60000000;750;EXCHANGE_LAST;;1;2;XEUR;72060570450264153;693;
23.05.2025;08:45:21.690;FEXD SI 20271217 CS;SIMPLE_INSTRUMENT;BLOCK;EUR;5;151.30000000;750;PRC_DECOMP_MEMBER;;;;XEUR;2848338;693;MEMBER
23.05.2025;08:45:21.690;FEXD SI 20261218 CS;SIMPLE_INSTRUMENT;BLOCK;EUR;5;155.90000000;750;PRC_DECOMP_MEMBER;;;;XEUR;2163053;693;MEMBER
23.05.2025;08:52:24.978;FEXD.S.DEC28.DEC30.SPD;FUTURES_SPREAD;BLOCK;EUR;7;5.50000000;500;EXCHANGE_LAST;;1;1;XEUR;72060570450264202;693;
23.05.2025;08:52:24.978;FEXD SI 20301220 CS;SIMPLE_INSTRUMENT;BLOCK;EUR;7;141.70000000;500;PRC_DECOMP_EXCHANGE;;;;XEUR;5914108;693;EXCHANGE
23.05.2025;08:52:24.978;FEXD SI 20281215 CS;SIMPLE_INSTRUMENT;BLOCK;EUR;7;147.20000000;500;PRC_DECOMP_EXCHANGE;;;;XEUR;3680985;693;EXCHANGE
23.05.2025;10:40:05.020;FEXD SI 20261218 CS;SIMPLE_INSTRUMENT;BLOCK;EUR;12;155.70000000;500;EXCHANGE_LAST;;1;1;XEUR;2163053;693;
23.05.2025;10:40:14.021;FEXD SI 20261218 CS;SIMPLE_INSTRUMENT;BLOCK;EUR;13;155.80000000;500;EXCHANGE_LAST;;1;1;XEUR;2163053;693;
23.05.2025;11:25:45.137;FEXD SI 20261218 CS;SIMPLE_INSTRUMENT;BLOCK;EUR;17;155.80000000;250;EXCHANGE_LAST;;1;1;XEUR;2163053;693;
23.05.2025;11:25:45.784;FEXD SI 20261218 CS;SIMPLE_INSTRUMENT;BLOCK;EUR;18;155.90000000;250;EXCHANGE_LAST;;1;1;XEUR;2163053;693;
23.05.2025;12:40:30.755;FEXD SI 20271217 CS;SIMPLE_INSTRUMENT;BLOCK;EUR;22;147.80000000;250;EXCHANGE_LAST;;1;1;XEUR;2848338;693;
23.05.2025;12:48:03.965;FEXD.S.DEC26.DEC28.SPD;FUTURES_SPREAD;BLOCK;EUR;25;9.90000000;900;EXCHANGE_LAST;;2;1;XEUR;72060570450264161;693;
23.05.2025;12:48:03.965;FEXD SI 20281215 CS;SIMPLE_INSTRUMENT;BLOCK;EUR;25;143.60000000;900;PRC_DECOMP_MEMBER;;;;XEUR;3680985;693;MEMBER
23.05.2025;12:48:03.965;FEXD SI 20261218 CS;SIMPLE_INSTRUMENT;BLOCK;EUR;25;153.50000000;900;PRC_DECOMP_MEMBER;;;;XEUR;2163053;693;MEMBER
23.05.2025;13:21:11.471;FEXD SI 20261218 CS;SIMPLE_INSTRUMENT;BLOCK;EUR;31;153.10000000;350;EXCHANGE_LAST;;1;1;XEUR;2163053;693;
23.05.2025;13:27:16.417;FEXD SI 20271217 CS;SIMPLE_INSTRUMENT;BLOCK;EUR;32;147.70000000;1000;EXCHANGE_LAST;;1;1;XEUR;2848338;693;
23.05.2025;13:56:51.882;FEXD SI 20261218 CS;SIMPLE_INSTRUMENT;BLOCK;EUR;38;153.90000000;1000;EXCHANGE_LAST;;1;1;XEUR;2163053;693;
23.05.2025;14:14:28.995;FEXD SI 20271217 CS;SIMPLE_INSTRUMENT;BLOCK;EUR;41;149.10000000;262;EXCHANGE_LAST;;1;1;XEUR;2848338;693;
23.05.2025;14:45:52.373;FEXD SI 20261218 CS;SIMPLE_INSTRUMENT;BLOCK;EUR;42;153.90000000;120;EXCHANGE_LAST;;1;1;XEUR;2163053;693;
23.05.2025;14:53:39.153;FEXD SI 20261218 CS;SIMPLE_INSTRUMENT;BLOCK;EUR;44;153.10000000;480;EXCHANGE_LAST;;1;1;XEUR;2163053;693;
23.05.2025;06:39:10.884;FGBL SI 20250606 PS;SIMPLE_INSTRUMENT;EFS;EUR;1;130.15000000;246;EXCHANGE_LAST;;1;1;XEUR;11820389;688;
23.05.2025;06:57:05.648;FGBL SI 20250606 PS;SIMPLE_INSTRUMENT;EFS;EUR;2;130.20000000;131;EXCHANGE_LAST;;1;1;XEUR;11820389;688;
23.05.2025;07:38:46.385;FGBL SI 20250606 PS;SIMPLE_INSTRUMENT;EFS;EUR;3;130.18000000;100;EXCHANGE_LAST;;1;1;XEUR;11820389;688;
23.05.2025;07:46:47.280;FGBL SI 20250606 PS;SIMPLE_INSTRUMENT;EFS;EUR;4;130.20000000;870;EXCHANGE_LAST;;1;1;XEUR;11820389;688;
23.05.2025;08:07:01.855;FGBL SI 20250606 PS;SIMPLE_INSTRUMENT;EFS;EUR;5;130.07000000;435;EXCHANGE_LAST;;1;1;XEUR;11820389;688;
23.05.2025;08:15:37.085;FGBL SI 20250606 PS;SIMPLE_INSTRUMENT;EFS;EUR;6;130.05000000;436;EXCHANGE_LAST;;1;1;XEUR;11820389;688;
23.05.2025;08:15:48.087;FGBL SI 20250606 PS;SIMPLE_INSTRUMENT;EFS;EUR;7;130.05000000;436;EXCHANGE_LAST;;1;1;XEUR;11820389;688;
23.05.2025;08:17:26.034;FGBL SI 20250606 PS;SIMPLE_INSTRUMENT;EFS;EUR;8;130.07000000;99;EXCHANGE_LAST;;1;1;XEUR;11820389;688;
23.05.2025;08:19:42.365;FGBL SI 20250606 PS;SIMPLE_INSTRUMENT;EFP_FIN;EUR;9;130.09000000;195;EXCHANGE_LAST;;1;1;XEUR;11820389;688;
23.05.2025;08:24:10.062;FGBL SI 20250606 PS;SIMPLE_INSTRUMENT;EFS;EUR;10;130.08000000;345;EXCHANGE_LAST;;1;1;XEUR;11820389;688;
23.05.2025;08:32:33.310;FGBL SI 20250606 PS;SIMPLE_INSTRUMENT;EFS;EUR;11;130.08000000;100;EXCHANGE_LAST;;1;1;XEUR;11820389;688;
23.05.2025;08:33:45.577;FGBL SI 20250606 PS;SIMPLE_INSTRUMENT;EFP_FIN;EUR;12;130.09000000;506;EXCHANGE_LAST;;1;1;XEUR;11820389;688;
23.05.2025;08:40:31.954;FGBL SI 20250606 PS;SIMPLE_INSTRUMENT;EFS;EUR;13;130.08000000;247;EXCHANGE_LAST;;1;1;XEUR;11820389;688;
23.05.2025;08:52:40.751;FGBL SI 20250606 PS;SIMPLE_INSTRUMENT;EFS;EUR;14;130.04000000;305;EXCHANGE_LAST;;1;1;XEUR;11820389;688;
23.05.2025;08:53:17.330;FGBL SI 20250606 PS;SIMPLE_INSTRUMENT;EFS;EUR;15;130.04000000;436;EXCHANGE_LAST;;1;1;XEUR;11820389;688;
23.05.2025;08:53:51.543;FGBL SI 20250606 PS;SIMPLE_INSTRUMENT;EFS;EUR;16;130.04000000;436;EXCHANGE_LAST;;1;1;XEUR;11820389;688;
23.05.2025;08:54:22.899;FGBL SI 20250606 PS;SIMPLE_INSTRUMENT;EFS;EUR;17;130.04000000;436;EXCHANGE_LAST;;1;1;XEUR;11820389;688;
23.05.2025;09:02:51.499;FGBL SI 20250606 PS;SIMPLE_INSTRUMENT;EFS;EUR;18;129.99000000;436;EXCHANGE_LAST;;1;1;XEUR;11820389;688;
23.05.2025;09:12:45.813;FGBL SI 20250606 PS;SIMPLE_INSTRUMENT;EFS;EUR;19;130.04000000;946;EXCHANGE_LAST;;1;1;XEUR;11820389;688;
23.05.2025;09:14:16.001;FGBL SI 20250606 PS;SIMPLE_INSTRUMENT;EFS;EUR;20;130.01000000;255;EXCHANGE_LAST;;1;1;XEUR;11820389;688;
23.05.2025;09:16:14.608;FGBL SI 20250606 PS;SIMPLE_INSTRUMENT;EFS;EUR;21;130.01000000;255;EXCHANGE_LAST;;1;1;XEUR;11820389;688;
23.05.2025;09:19:54.447;FGBL SI 20250606 PS;SIMPLE_INSTRUMENT;EFS;EUR;22;130.06000000;445;EXCHANGE_LAST;;1;1;XEUR;11820389;688;
23.05.2025;09:26:39.953;FGBL SI 20250606 PS;SIMPLE_INSTRUMENT;EFS;EUR;23;130.07000000;497;EXCHANGE_LAST;;1;1;XEUR;11820389;688;
23.05.2025;09:35:12.501;FGBL SI 20250606 PS;SIMPLE_INSTRUMENT;BLOCK;EUR;24;130.15000000;2000;EXCHANGE_LAST;;1;1;XEUR;11820389;688;
23.05.2025;09:32:09.162;FGBL SI 20250606 PS;SIMPLE_INSTRUMENT;EFS;EUR;25;130.05000000;436;EXCHANGE_LAST;;1;1;XEUR;11820389;688;
23.05.2025;09:32:11.848;FGBL SI 20250606 PS;SIMPLE_INSTRUMENT;EFS;EUR;26;130.05000000;436;EXCHANGE_LAST;;1;1;XEUR;11820389;688;
23.05.2025;09:47:47.537;FGBL SI 20250606 PS;SIMPLE_INSTRUMENT;EFP_FIN;EUR;27;130.02000000;437;EXCHANGE_LAST;;1;1;XEUR;11820389;688;
23.05.2025;09:50:52.560;FGBL SI 20250606 PS;SIMPLE_INSTRUMENT;EFS;EUR;28;130.03000000;436;EXCHANGE_LAST;;1;1;XEUR;11820389;688;
23.05.2025;09:58:37.301;FGBL SI 20250606 PS;SIMPLE_INSTRUMENT;EFS;EUR;29;130.03000000;435;EXCHANGE_LAST;;1;1;XEUR;11820389;688;
23.05.2025;10:04:29.103;FGBL SI 20250606 PS;SIMPLE_INSTRUMENT;EFS;EUR;30;129.95000000;218;EXCHANGE_LAST;;1;1;XEUR;11820389;688;
23.05.2025;10:15:57.688;FGBL SI 20250606 PS;SIMPLE_INSTRUMENT;EFS;EUR;31;129.96000000;305;EXCHANGE_LAST;;1;1;XEUR;11820389;688;
23.05.2025;10:17:10.873;FGBL SI 20250606 PS;SIMPLE_INSTRUMENT;EFS;EUR;32;129.97000000;2176;EXCHANGE_LAST;;1;1;XEUR;11820389;688;
23.05.2025;10:20:03.739;FGBL SI 20250606 PS;SIMPLE_INSTRUMENT;EFS;EUR;33;129.99000000;365;EXCHANGE_LAST;;1;1;XEUR;11820389;688;
23.05.2025;10:46:28.836;FGBL SI 20250606 PS;SIMPLE_INSTRUMENT;EFS;EUR;34;129.95000000;436;EXCHANGE_LAST;;1;1;XEUR;11820389;688;
23.05.2025;11:23:53.458;FGBL SI 20250606 PS;SIMPLE_INSTRUMENT;EFS;EUR;35;130.11000000;436;EXCHANGE_LAST;;1;1;XEUR;11820389;688;
23.05.2025;11:35:10.193;FGBL SI 20250606 PS;SIMPLE_INSTRUMENT;EFS;EUR;36;130.17000000;435;EXCHANGE_LAST;;1;1;XEUR;11820389;688;
23.05.2025;11:58:21.178;FGBL SI 20250606 PS;SIMPLE_INSTRUMENT;EFS;EUR;37;130.74000000;259;EXCHANGE_LAST;;1;1;XEUR;11820389;688;
23.05.2025;12:12:10.430;FGBL SI 20250606 PS;SIMPLE_INSTRUMENT;EFS;EUR;38;130.82000000;245;EXCHANGE_LAST;;1;1;XEUR;11820389;688;
23.05.2025;12:17:18.974;FGBL SI 20250606 PS;SIMPLE_INSTRUMENT;EFS;EUR;39;130.79000000;434;EXCHANGE_LAST;;1;1;XEUR;11820389;688;
23.05.2025;12:19:17.149;FGBL SI 20250606 PS;SIMPLE_INSTRUMENT;EFS;EUR;40;130.88000000;490;EXCHANGE_LAST;;1;1;XEUR;11820389;688;
23.05.2025;12:19:35.093;FGBL SI 20250606 PS;SIMPLE_INSTRUMENT;EFS;EUR;41;130.89000000;1298;EXCHANGE_LAST;;1;1;XEUR;11820389;688;
23.05.2025;12:19:43.892;FGBL SI 20250606 PS;SIMPLE_INSTRUMENT;EFS;EUR;42;130.16000000;434;EXCHANGE_LAST;;1;1;XEUR;11820389;688;
23.05.2025;12:19:49.095;FGBL SI 20250606 PS;SIMPLE_INSTRUMENT;EFS;EUR;43;130.93000000;216;EXCHANGE_LAST;;1;1;XEUR;11820389;688;
23.05.2025;12:21:35.101;FGBL SI 20250606 PS;SIMPLE_INSTRUMENT;EFS;EUR;44;130.89000000;433;EXCHANGE_LAST;;1;1;XEUR;11820389;688;
23.05.2025;12:22:24.920;FGBL SI 20250606 PS;SIMPLE_INSTRUMENT;EFS;EUR;45;130.66000000;434;EXCHANGE_LAST;;1;1;XEUR;11820389;688;
23.05.2025;12:23:34.646;FGBL SI 20250606 PS;SIMPLE_INSTRUMENT;EFS;EUR;46;130.68000000;736;EXCHANGE_LAST;;1;1;XEUR;11820389;688;
23.05.2025;12:24:43.112;FGBL SI 20250606 PS;SIMPLE_INSTRUMENT;EFS;EUR;47;130.15000000;435;EXCHANGE_LAST;;1;1;XEUR;11820389;688;
23.05.2025;12:24:52.113;FGBL SI 20250606 PS;SIMPLE_INSTRUMENT;EFS;EUR;48;130.69000000;991;EXCHANGE_LAST;;1;1;XEUR;11820389;688;
23.05.2025;12:25:11.347;FGBL SI 20250606 PS;SIMPLE_INSTRUMENT;EFS;EUR;49;130.65000000;245;EXCHANGE_LAST;;1;1;XEUR;11820389;688;
23.05.2025;12:26:49.844;FGBL SI 20250606 PS;SIMPLE_INSTRUMENT;EFS;EUR;50;130.88000000;245;EXCHANGE_LAST;;1;1;XEUR;11820389;688;
23.05.2025;12:31:13.442;FGBL SI 20250606 PS;SIMPLE_INSTRUMENT;EFS;EUR;51;130.69000000;391;EXCHANGE_LAST;;1;1;XEUR;11820389;688;
23.05.2025;12:34:34.265;FGBL SI 20250606 PS;SIMPLE_INSTRUMENT;EFS;EUR;52;130.66000000;490;EXCHANGE_LAST;;1;1;XEUR;11820389;688;
23.05.2025;12:35:04.609;FGBL SI 20250606 PS;SIMPLE_INSTRUMENT;EFS;EUR;53;130.62000000;350;EXCHANGE_LAST;;1;1;XEUR;11820389;688;
23.05.2025;12:35:27.491;FGBL SI 20250606 PS;SIMPLE_INSTRUMENT;EFS;EUR;54;130.77000000;490;EXCHANGE_LAST;;1;1;XEUR;11820389;688;
23.05.2025;12:35:44.644;FGBL SI 20250606 PS;SIMPLE_INSTRUMENT;EFS;EUR;55;130.67000000;261;EXCHANGE_LAST;;1;1;XEUR;11820389;688;
23.05.2025;12:37:41.861;FGBL SI 20250606 PS;SIMPLE_INSTRUMENT;EFS;EUR;56;130.68000000;491;EXCHANGE_LAST;;1;1;XEUR;11820389;688;
23.05.2025;12:38:35.437;FGBL SI 20250606 PS;SIMPLE_INSTRUMENT;EFS;EUR;57;130.61000000;196;EXCHANGE_LAST;;1;1;XEUR;11820389;688;
23.05.2025;12:38:34.777;FGBL SI 20250606 PS;SIMPLE_INSTRUMENT;EFS;EUR;58;130.61000000;435;EXCHANGE_LAST;;1;1;XEUR;11820389;688;
23.05.2025;12:38:39.783;FGBL SI 20250606 PS;SIMPLE_INSTRUMENT;EFS;EUR;59;130.60000000;261;EXCHANGE_LAST;;1;1;XEUR;11820389;688;
23.05.2025;12:39:04.805;FGBL SI 20250606 PS;SIMPLE_INSTRUMENT;EFS;EUR;60;130.60000000;435;EXCHANGE_LAST;;1;1;XEUR;11820389;688;
23.05.2025;12:40:41.161;FGBL SI 20250606 PS;SIMPLE_INSTRUMENT;EFS;EUR;61;130.61000000;250;EXCHANGE_LAST;;1;1;XEUR;11820389;688;
23.05.2025;12:41:34.915;FGBL SI 20250606 PS;SIMPLE_INSTRUMENT;EFS;EUR;62;130.60000000;435;EXCHANGE_LAST;;1;1;XEUR;11820389;688;
23.05.2025;12:44:34.091;FGBL SI 20250606 PS;SIMPLE_INSTRUMENT;EFS;EUR;63;130.60000000;191;EXCHANGE_LAST;;1;1;XEUR;11820389;688;
23.05.2025;12:44:50.322;FGBL SI 20250606 PS;SIMPLE_INSTRUMENT;EFS;EUR;64;130.14000000;876;EXCHANGE_LAST;;1;1;XEUR;11820389;688;
23.05.2025;12:45:22.845;FGBL SI 20250606 PS;SIMPLE_INSTRUMENT;EFS;EUR;65;130.61000000;638;EXCHANGE_LAST;;1;1;XEUR;11820389;688;
23.05.2025;12:45:25.813;FGBL SI 20250606 PS;SIMPLE_INSTRUMENT;EFS;EUR;66;130.71000000;490;EXCHANGE_LAST;;1;1;XEUR;11820389;688;
23.05.2025;12:48:56.423;FGBL SI 20250606 PS;SIMPLE_INSTRUMENT;EFS;EUR;67;130.68000000;245;EXCHANGE_LAST;;1;1;XEUR;11820389;688;
23.05.2025;12:51:29.852;FGBL SI 20250606 PS;SIMPLE_INSTRUMENT;EFS;EUR;68;130.72000000;245;EXCHANGE_LAST;;1;1;XEUR;11820389;688;
23.05.2025;12:52:00.458;FGBL SI 20250606 PS;SIMPLE_INSTRUMENT;EFS;EUR;69;130.58000000;433;EXCHANGE_LAST;;1;1;XEUR;11820389;688;
23.05.2025;12:52:09.402;FGBL SI 20250606 PS;SIMPLE_INSTRUMENT;EFS;EUR;70;130.60000000;638;EXCHANGE_LAST;;1;1;XEUR;11820389;688;
23.05.2025;12:56:38.995;FGBL SI 20250606 PS;SIMPLE_INSTRUMENT;EFP_FIN;EUR;71;130.68000000;78;EXCHANGE_LAST;;1;1;XEUR;11820389;688;
23.05.2025;12:57:57.893;FGBL SI 20250606 PS;SIMPLE_INSTRUMENT;EFS;EUR;72;130.69000000;294;EXCHANGE_LAST;;1;1;XEUR;11820389;688;
23.05.2025;12:58:21.369;FGBL SI 20250606 PS;SIMPLE_INSTRUMENT;EFS;EUR;73;130.69000000;434;EXCHANGE_LAST;;1;1;XEUR;11820389;688;
23.05.2025;13:00:41.573;FGBL SI 20250606 PS;SIMPLE_INSTRUMENT;EFS;EUR;74;130.70000000;243;EXCHANGE_LAST;;1;1;XEUR;11820389;688;
23.05.2025;13:01:27.304;FGBL SI 20250606 PS;SIMPLE_INSTRUMENT;EFS;EUR;75;130.79000000;435;EXCHANGE_LAST;;1;1;XEUR;11820389;688;
23.05.2025;13:02:17.529;FGBL SI 20250606 PS;SIMPLE_INSTRUMENT;EFS;EUR;76;130.73000000;735;EXCHANGE_LAST;;1;1;XEUR;11820389;688;
23.05.2025;13:03:58.169;FGBL SI 20250606 PS;SIMPLE_INSTRUMENT;EFS;EUR;77;130.71000000;261;EXCHANGE_LAST;;1;1;XEUR;11820389;688;
23.05.2025;13:04:33.991;FGBL SI 20250606 PS;SIMPLE_INSTRUMENT;EFS;EUR;78;130.91000000;472;EXCHANGE_LAST;;1;1;XEUR;11820389;688;
23.05.2025;13:06:19.803;FGBL SI 20250606 PS;SIMPLE_INSTRUMENT;EFS;EUR;80;130.76000000;434;EXCHANGE_LAST;;1;1;XEUR;11820389;688;
23.05.2025;13:08:25.622;FGBL SI 20250606 PS;SIMPLE_INSTRUMENT;EFS;EUR;81;130.69000000;433;EXCHANGE_LAST;;1;1;XEUR;11820389;688;
23.05.2025;13:09:25.220;FGBL SI 20250606 PS;SIMPLE_INSTRUMENT;EFS;EUR;82;130.75000000;434;EXCHANGE_LAST;;1;1;XEUR;11820389;688;
23.05.2025;13:15:32.987;FGBL SI 20250606 PS;SIMPLE_INSTRUMENT;EFS;EUR;83;130.70000000;434;EXCHANGE_LAST;;1;1;XEUR;11820389;688;
23.05.2025;13:20:35.949;FGBL SI 20250606 PS;SIMPLE_INSTRUMENT;EFS;EUR;84;130.87000000;435;EXCHANGE_LAST;;1;1;XEUR;11820389;688;
23.05.2025;13:25:43.243;FGBL SI 20250606 PS;SIMPLE_INSTRUMENT;EFS;EUR;85;130.86000000;172;EXCHANGE_LAST;;1;1;XEUR;11820389;688;
23.05.2025;13:27:00.984;FGBL SI 20250606 PS;SIMPLE_INSTRUMENT;EFS;EUR;86;130.91000000;432;EXCHANGE_LAST;;1;1;XEUR;11820389;688;
23.05.2025;13:29:19.989;FGBL SI 20250606 PS;SIMPLE_INSTRUMENT;EFS;EUR;87;130.81000000;490;EXCHANGE_LAST;;1;1;XEUR;11820389;688;
23.05.2025;13:29:34.283;FGBL SI 20250606 PS;SIMPLE_INSTRUMENT;EFS;EUR;88;130.80000000;434;EXCHANGE_LAST;;1;1;XEUR;11820389;688;
23.05.2025;13:32:14.513;FGBL SI 20250606 PS;SIMPLE_INSTRUMENT;EFS;EUR;89;130.81000000;216;EXCHANGE_LAST;;1;1;XEUR;11820389;688;
23.05.2025;13:32:31.236;FGBL SI 20250606 PS;SIMPLE_INSTRUMENT;EFS;EUR;90;130.79000000;433;EXCHANGE_LAST;;1;1;XEUR;11820389;688;
23.05.2025;13:35:47.569;FGBL SI 20250606 PS;SIMPLE_INSTRUMENT;EFS;EUR;91;130.80000000;217;EXCHANGE_LAST;;1;1;XEUR;11820389;688;
23.05.2025;13:36:57.377;FGBL SI 20250606 PS;SIMPLE_INSTRUMENT;EFS;EUR;92;130.74000000;434;EXCHANGE_LAST;;1;1;XEUR;11820389;688;
23.05.2025;13:37:47.500;FGBL SI 20250606 PS;SIMPLE_INSTRUMENT;EFS;EUR;93;130.74000000;651;EXCHANGE_LAST;;1;1;XEUR;11820389;688;
23.05.2025;13:43:42.519;FGBL SI 20250606 PS;SIMPLE_INSTRUMENT;EFS;EUR;94;130.67000000;245;EXCHANGE_LAST;;1;1;XEUR;11820389;688;
23.05.2025;13:45:56.761;FGBL SI 20250606 PS;SIMPLE_INSTRUMENT;EFS;EUR;95;130.64000000;217;EXCHANGE_LAST;;1;1;XEUR;11820389;688;
23.05.2025;13:47:00.370;FGBL SI 20250606 PS;SIMPLE_INSTRUMENT;EFS;EUR;96;130.65000000;433;EXCHANGE_LAST;;1;1;XEUR;11820389;688;
23.05.2025;13:48:12.802;FGBL SI 20250606 PS;SIMPLE_INSTRUMENT;EFS;EUR;97;130.64000000;87;EXCHANGE_LAST;;1;1;XEUR;11820389;688;
23.05.2025;13:49:46.899;FGBL SI 20250606 PS;SIMPLE_INSTRUMENT;EFS;EUR;98;130.61000000;303;EXCHANGE_LAST;;1;1;XEUR;11820389;688;
23.05.2025;13:51:22.012;FGBL SI 20250606 PS;SIMPLE_INSTRUMENT;EFS;EUR;99;130.71000000;435;EXCHANGE_LAST;;1;1;XEUR;11820389;688;
23.05.2025;13:51:32.023;FGBL SI 20250606 PS;SIMPLE_INSTRUMENT;EFS;EUR;100;130.71000000;435;EXCHANGE_LAST;;1;1;XEUR;11820389;688;
23.05.2025;13:52:33.077;FGBL SI 20250606 PS;SIMPLE_INSTRUMENT;EFS;EUR;101;130.72000000;434;EXCHANGE_LAST;;1;1;XEUR;11820389;688;
23.05.2025;13:56:56.048;FGBL SI 20250606 PS;SIMPLE_INSTRUMENT;EFS;EUR;102;130.72000000;217;EXCHANGE_LAST;;1;1;XEUR;11820389;688;
23.05.2025;13:57:19.504;FGBL SI 20250606 PS;SIMPLE_INSTRUMENT;EFS;EUR;103;130.73000000;217;EXCHANGE_LAST;;1;1;XEUR;11820389;688;
23.05.2025;13:58:22.040;FGBL SI 20250606 PS;SIMPLE_INSTRUMENT;EFS;EUR;104;130.72000000;217;EXCHANGE_LAST;;1;1;XEUR;11820389;688;
23.05.2025;14:05:47.588;FGBL SI 20250606 PS;SIMPLE_INSTRUMENT;EFP_FIN;EUR;105;130.66000000;82;EXCHANGE_LAST;;1;1;XEUR;11820389;688;
23.05.2025;14:04:56.501;FGBL SI 20250606 PS;SIMPLE_INSTRUMENT;EFP_FIN;EUR;106;130.66000000;82;EXCHANGE_LAST;;1;1;XEUR;11820389;688;
23.05.2025;14:05:01.449;FGBL SI 20250606 PS;SIMPLE_INSTRUMENT;EFS;EUR;107;130.66000000;969;EXCHANGE_LAST;;1;1;XEUR;11820389;688;
23.05.2025;14:06:03.868;FGBL SI 20250606 PS;SIMPLE_INSTRUMENT;EFP_FIN;EUR;108;130.65000000;77;EXCHANGE_LAST;;1;1;XEUR;11820389;688;
23.05.2025;14:09:02.665;FGBL SI 20250606 PS;SIMPLE_INSTRUMENT;EFS;EUR;109;130.64000000;433;EXCHANGE_LAST;;1;1;XEUR;11820389;688;
23.05.2025;14:13:30.766;FGBL SI 20250606 PS;SIMPLE_INSTRUMENT;EFS;EUR;110;130.61000000;435;EXCHANGE_LAST;;1;1;XEUR;11820389;688;
23.05.2025;14:14:29.703;FGBL SI 20250606 PS;SIMPLE_INSTRUMENT;EFS;EUR;111;130.60000000;243;EXCHANGE_LAST;;1;1;XEUR;11820389;688;
23.05.2025;14:15:21.492;FGBL SI 20250606 PS;SIMPLE_INSTRUMENT;EFS;EUR;112;130.58000000;217;EXCHANGE_LAST;;1;1;XEUR;11820389;688;
23.05.2025;14:28:17.697;FGBL SI 20250606 PS;SIMPLE_INSTRUMENT;EFS;EUR;113;130.61000000;491;EXCHANGE_LAST;;1;1;XEUR;11820389;688;
23.05.2025;14:34:22.514;FGBL SI 20250606 PS;SIMPLE_INSTRUMENT;EFS;EUR;114;130.58000000;315;EXCHANGE_LAST;;1;1;XEUR;11820389;688;
23.05.2025;14:35:19.238;FGBL SI 20250606 PS;SIMPLE_INSTRUMENT;EFS;EUR;115;130.58000000;217;EXCHANGE_LAST;;1;1;XEUR;11820389;688;
23.05.2025;14:36:41.596;FGBL SI 20250606 PS;SIMPLE_INSTRUMENT;EFS;EUR;116;130.58000000;217;EXCHANGE_LAST;;1;1;XEUR;11820389;688;
23.05.2025;14:39:42.202;FGBL SI 20250606 PS;SIMPLE_INSTRUMENT;EFS;EUR;117;130.57000000;433;EXCHANGE_LAST;;1;1;XEUR;11820389;688;
23.05.2025;14:49:20.559;FGBL SI 20250606 PS;SIMPLE_INSTRUMENT;EFS;EUR;118;130.55000000;173;EXCHANGE_LAST;;1;1;XEUR;11820389;688;
23.05.2025;14:58:43.011;FGBL SI 20250606 PS;SIMPLE_INSTRUMENT;EFS;EUR;119;130.57000000;29;EXCHANGE_LAST;;1;1;XEUR;11820389;688;
23.05.2025;15:01:51.773;FGBL SI 20250606 PS;SIMPLE_INSTRUMENT;EFP_FIN;EUR;120;130.59000000;259;EXCHANGE_LAST;;1;1;XEUR;11820389;688;
23.05.2025;15:02:16.411;FGBL SI 20250606 PS;SIMPLE_INSTRUMENT;EFS;EUR;121;130.54000000;287;EXCHANGE_LAST;;1;1;XEUR;11820389;688;
23.05.2025;15:03:35.696;FGBL SI 20250606 PS;SIMPLE_INSTRUMENT;EFS;EUR;123;130.54000000;217;EXCHANGE_LAST;;1;1;XEUR;11820389;688;
23.05.2025;15:05:14.593;FGBL SI 20250606 PS;SIMPLE_INSTRUMENT;EFS;EUR;124;130.55000000;435;EXCHANGE_LAST;;1;1;XEUR;11820389;688;
23.05.2025;15:10:30.831;FGBL SI 20250606 PS;SIMPLE_INSTRUMENT;EFS;EUR;125;130.62000000;434;EXCHANGE_LAST;;1;1;XEUR;11820389;688;
23.05.2025;15:12:38.351;FGBL SI 20250606 PS;SIMPLE_INSTRUMENT;EFS;EUR;126;130.71000000;490;EXCHANGE_LAST;;1;1;XEUR;11820389;688;
23.05.2025;15:13:58.960;FGBL SI 20250606 PS;SIMPLE_INSTRUMENT;EFS;EUR;127;130.64000000;216;EXCHANGE_LAST;;1;1;XEUR;11820389;688;
23.05.2025;15:17:43.845;FGBL SI 20250606 PS;SIMPLE_INSTRUMENT;EFS;EUR;128;130.61000000;435;EXCHANGE_LAST;;1;1;XEUR;11820389;688;
23.05.2025;15:19:20.029;FGBL SI 20250606 PS;SIMPLE_INSTRUMENT;EFS;EUR;129;130.67000000;217;EXCHANGE_LAST;;1;1;XEUR;11820389;688;
23.05.2025;15:22:36.177;FGBL SI 20250606 PS;SIMPLE_INSTRUMENT;EFS;EUR;130;130.64000000;217;EXCHANGE_LAST;;1;1;XEUR;11820389;688;
23.05.2025;15:25:29.155;FGBL SI 20250606 PS;SIMPLE_INSTRUMENT;EFS;EUR;131;130.61000000;435;EXCHANGE_LAST;;1;1;XEUR;11820389;688;
23.05.2025;15:28:06.412;FGBL SI 20250606 PS;SIMPLE_INSTRUMENT;EFS;EUR;132;130.60000000;435;EXCHANGE_LAST;;1;1;XEUR;11820389;688;
23.05.2025;15:29:14.939;FGBL SI 20250606 PS;SIMPLE_INSTRUMENT;EFS;EUR;133;130.59000000;216;EXCHANGE_LAST;;1;1;XEUR;11820389;688;
23.05.2025;15:31:33.807;FGBL SI 20250606 PS;SIMPLE_INSTRUMENT;EFP_FIN;EUR;134;130.58000000;193;EXCHANGE_LAST;;1;1;XEUR;11820389;688;
23.05.2025;15:42:25.214;FGBL SI 20250606 PS;SIMPLE_INSTRUMENT;EFS;EUR;135;130.72000000;900;EXCHANGE_LAST;;1;1;XEUR;11820389;688;
23.05.2025;15:44:13.136;FGBL SI 20250606 PS;SIMPLE_INSTRUMENT;EFS;EUR;136;130.56000000;217;EXCHANGE_LAST;;1;1;XEUR;11820389;688;
23.05.2025;15:46:36.884;FGBL SI 20250606 PS;SIMPLE_INSTRUMENT;EFS;EUR;137;130.53000000;217;EXCHANGE_LAST;;1;1;XEUR;11820389;688;
23.05.2025;15:51:03.495;FGBL SI 20250606 PS;SIMPLE_INSTRUMENT;EFS;EUR;138;130.61000000;174;EXCHANGE_LAST;;1;1;XEUR;11820389;688;
23.05.2025;15:52:18.562;FGBL SI 20250606 PS;SIMPLE_INSTRUMENT;EFS;EUR;139;130.60000000;217;EXCHANGE_LAST;;1;1;XEUR;11820389;688;
23.05.2025;15:54:24.676;FGBL SI 20250606 PS;SIMPLE_INSTRUMENT;EFS;EUR;140;130.60000000;217;EXCHANGE_LAST;;1;1;XEUR;11820389;688;
23.05.2025;15:57:52.853;FGBL SI 20250606 PS;SIMPLE_INSTRUMENT;EFS;EUR;141;130.59000000;781;EXCHANGE_LAST;;1;1;XEUR;11820389;688;
23.05.2025;15:59:58.940;FGBL SI 20250606 PS;SIMPLE_INSTRUMENT;EFS;EUR;142;130.60000000;982;EXCHANGE_LAST;;1;1;XEUR;11820389;688;
23.05.2025;16:04:34.179;FGBL SI 20250606 PS;SIMPLE_INSTRUMENT;EFS;EUR;143;130.62000000;304;EXCHANGE_LAST;;1;1;XEUR;11820389;688;
23.05.2025;07:27:02.552;FGBL SI 20250606 PS;SIMPLE_INSTRUMENT;VOLA;EUR;268435465;130.22000000;54;EXCHANGE_LAST;;1;1;XEUR;11820389;688;
23.05.2025;07:49:21.000;FGBL SI 20250606 PS;SIMPLE_INSTRUMENT;VOLA;EUR;268435468;130.18000000;198;EXCHANGE_LAST;;1;1;XEUR;11820389;688;
23.05.2025;08:12:01.137;FGBL SI 20250606 PS;SIMPLE_INSTRUMENT;VOLA;EUR;268435474;130.05000000;50;EXCHANGE_LAST;;1;1;XEUR;11820389;688;
23.05.2025;08:53:08.753;FGBL SI 20250606 PS;SIMPLE_INSTRUMENT;VOLA;EUR;268435479;130.05000000;55;EXCHANGE_LAST;;1;1;XEUR;11820389;688;
23.05.2025;08:53:23.754;FGBL SI 20250606 PS;SIMPLE_INSTRUMENT;VOLA;EUR;268435480;130.05000000;55;EXCHANGE_LAST;;1;1;XEUR;11820389;688;
23.05.2025;11:04:06.289;FGBL SI 20250606 PS;SIMPLE_INSTRUMENT;VOLA;EUR;268435509;129.72000000;12;EXCHANGE_LAST;;1;1;XEUR;11820389;688;
23.05.2025;11:16:51.644;FGBL SI 20250606 PS;SIMPLE_INSTRUMENT;VOLA;EUR;268435511;130.00000000;125;EXCHANGE_LAST;;1;1;XEUR;11820389;688;
23.05.2025;12:16:12.748;FGBL SI 20250606 PS;SIMPLE_INSTRUMENT;VOLA;EUR;268435517;130.86000000;450;EXCHANGE_LAST;;1;1;XEUR;11820389;688;
23.05.2025;12:24:07.132;FGBL SI 20250606 PS;SIMPLE_INSTRUMENT;VOLA;EUR;268435521;130.90000000;8;EXCHANGE_LAST;;1;1;XEUR;11820389;688;
23.05.2025;12:35:01.872;FGBL SI 20250606 PS;SIMPLE_INSTRUMENT;VOLA;EUR;268435529;130.78000000;441;EXCHANGE_LAST;;1;1;XEUR;11820389;688;
23.05.2025;12:35:14.873;FGBL SI 20250606 PS;SIMPLE_INSTRUMENT;VOLA;EUR;268435530;130.78000000;441;EXCHANGE_LAST;;1;1;XEUR;11820389;688;
23.05.2025;13:00:29.787;FGBL SI 20250606 PS;SIMPLE_INSTRUMENT;VOLA;EUR;268435544;130.72000000;120;EXCHANGE_LAST;;1;1;XEUR;11820389;688;
23.05.2025;13:09:18.967;FGBL SI 20250606 PS;SIMPLE_INSTRUMENT;VOLA;EUR;268435552;130.67000000;100;EXCHANGE_LAST;;1;1;XEUR;11820389;688;
23.05.2025;13:09:21.374;FGBL SI 20250606 PS;SIMPLE_INSTRUMENT;VOLA;EUR;268435554;130.76000000;20;EXCHANGE_LAST;;1;1;XEUR;11820389;688;
23.05.2025;13:12:48.926;FGBL SI 20250606 PS;SIMPLE_INSTRUMENT;VOLA;EUR;268435557;130.65000000;7;EXCHANGE_LAST;;1;1;XEUR;11820389;688;
23.05.2025;14:42:39.146;FGBL SI 20250606 PS;SIMPLE_INSTRUMENT;VOLA;EUR;268435618;130.06000000;2;EXCHANGE_LAST;;1;1;XEUR;11820389;688;
23.05.2025;14:52:12.492;FGBL SI 20250908 PS;SIMPLE_INSTRUMENT;VOLA;EUR;268435634;130.30000000;122;EXCHANGE_LAST;;1;1;XEUR;12372482;688;
23.05.2025;07:16:09.578;FGBM SI 20250606 PS;SIMPLE_INSTRUMENT;EFS;EUR;1;118.74000000;434;EXCHANGE_LAST;;1;1;XEUR;11820390;689;
23.05.2025;07:16:44.282;FGBM SI 20250606 PS;SIMPLE_INSTRUMENT;EFS;EUR;2;118.75000000;433;EXCHANGE_LAST;;1;1;XEUR;11820390;689;
23.05.2025;07:27:49.349;FGBM SI 20250606 PS;SIMPLE_INSTRUMENT;EFS;EUR;4;118.74000000;867;EXCHANGE_LAST;;1;1;XEUR;11820390;689;
23.05.2025;07:35:29.729;FGBM SI 20250606 PS;SIMPLE_INSTRUMENT;EFS;EUR;5;118.74000000;867;EXCHANGE_LAST;;1;1;XEUR;11820390;689;
23.05.2025;07:52:15.009;FGBM SI 20250606 PS;SIMPLE_INSTRUMENT;EFP_FIN;EUR;6;118.74000000;236;EXCHANGE_LAST;;1;1;XEUR;11820390;689;
23.05.2025;08:04:56.407;FGBM SI 20250606 PS;SIMPLE_INSTRUMENT;EFP_FIN;EUR;7;118.74000000;1179;EXCHANGE_LAST;;1;1;XEUR;11820390;689;
23.05.2025;08:14:00.077;FGBM SI 20250606 PS;SIMPLE_INSTRUMENT;EFS;EUR;8;118.66000000;819;EXCHANGE_LAST;;1;1;XEUR;11820390;689;
23.05.2025;08:14:16.079;FGBM SI 20250606 PS;SIMPLE_INSTRUMENT;EFS;EUR;9;118.66000000;819;EXCHANGE_LAST;;1;1;XEUR;11820390;689;
23.05.2025;08:20:44.420;FGBM SI 20250606 PS;SIMPLE_INSTRUMENT;EFS;EUR;10;118.64000000;926;EXCHANGE_LAST;;1;1;XEUR;11820390;689;
23.05.2025;08:39:25.950;FGBM SI 20250606 PS;SIMPLE_INSTRUMENT;EFS;EUR;11;118.65000000;281;EXCHANGE_LAST;;1;1;XEUR;11820390;689;
23.05.2025;08:40:19.557;FGBM SI 20250606 PS;SIMPLE_INSTRUMENT;EFS;EUR;12;118.65000000;868;EXCHANGE_LAST;;1;1;XEUR;11820390;689;
23.05.2025;08:53:17.680;FGBM SI 20250606 PS;SIMPLE_INSTRUMENT;EFP_FIN;EUR;13;118.66000000;297;EXCHANGE_LAST;;1;1;XEUR;11820390;689;
23.05.2025;09:11:15.054;FGBM SI 20250606 PS;SIMPLE_INSTRUMENT;EFP_FIN;EUR;14;118.65000000;1450;EXCHANGE_LAST;;1;1;XEUR;11820390;689;
23.05.2025;09:18:30.360;FGBM SI 20250606 PS;SIMPLE_INSTRUMENT;EFP_FIN;EUR;15;118.66000000;818;EXCHANGE_LAST;;1;1;XEUR;11820390;689;
23.05.2025;09:20:49.902;FGBM SI 20250606 PS;SIMPLE_INSTRUMENT;EFS;EUR;16;118.66000000;650;EXCHANGE_LAST;;1;1;XEUR;11820390;689;
23.05.2025;09:23:39.730;FGBM SI 20250606 PS;SIMPLE_INSTRUMENT;EFS;EUR;17;118.65000000;217;EXCHANGE_LAST;;1;1;XEUR;11820390;689;
23.05.2025;09:24:37.348;FGBM SI 20250606 PS;SIMPLE_INSTRUMENT;EFS;EUR;18;118.65000000;217;EXCHANGE_LAST;;1;1;XEUR;11820390;689;
23.05.2025;09:30:20.552;FGBM SI 20250606 PS;SIMPLE_INSTRUMENT;EFP_FIN;EUR;19;118.66000000;205;EXCHANGE_LAST;;1;1;XEUR;11820390;689;
23.05.2025;09:30:37.158;FGBM SI 20250606 PS;SIMPLE_INSTRUMENT;EFS;EUR;20;118.65000000;819;EXCHANGE_LAST;;1;1;XEUR;11820390;689;
23.05.2025;09:30:45.873;FGBM SI 20250606 PS;SIMPLE_INSTRUMENT;EFS;EUR;21;118.65000000;819;EXCHANGE_LAST;;1;1;XEUR;11820390;689;
23.05.2025;09:30:50.936;FGBM SI 20250606 PS;SIMPLE_INSTRUMENT;EFP_FIN;EUR;22;118.66000000;213;EXCHANGE_LAST;;1;1;XEUR;11820390;689;
23.05.2025;09:31:04.808;FGBM SI 20250606 PS;SIMPLE_INSTRUMENT;EFP_FIN;EUR;23;118.64000000;966;EXCHANGE_LAST;;1;1;XEUR;11820390;689;
23.05.2025;09:35:44.705;FGBM SI 20250606 PS;SIMPLE_INSTRUMENT;EFP_FIN;EUR;24;118.66000000;219;EXCHANGE_LAST;;1;1;XEUR;11820390;689;
23.05.2025;09:50:52.515;FGBM SI 20250606 PS;SIMPLE_INSTRUMENT;EFS;EUR;25;118.67000000;816;EXCHANGE_LAST;;1;1;XEUR;11820390;689;
23.05.2025;10:28:01.084;FGBM SI 20250606 PS;SIMPLE_INSTRUMENT;EFS;EUR;26;118.65000000;868;EXCHANGE_LAST;;1;1;XEUR;11820390;689;
23.05.2025;10:52:06.831;FGBM SI 20250606 PS;SIMPLE_INSTRUMENT;EFP_FIN;EUR;27;118.64000000;1839;EXCHANGE_LAST;;1;1;XEUR;11820390;689;
23.05.2025;10:58:05.717;FGBM SI 20250606 PS;SIMPLE_INSTRUMENT;EFS;EUR;28;118.64000000;653;EXCHANGE_LAST;;1;1;XEUR;11820390;689;
23.05.2025;10:59:41.927;FGBM SI 20250606 PS;SIMPLE_INSTRUMENT;EFP_FIN;EUR;29;118.64000000;302;EXCHANGE_LAST;;1;1;XEUR;11820390;689;
23.05.2025;11:04:33.051;FGBM SI 20250606 PS;SIMPLE_INSTRUMENT;EFS;EUR;30;118.65000000;411;EXCHANGE_LAST;;1;1;XEUR;11820390;689;
23.05.2025;11:06:05.103;FGBM SI 20250606 PS;SIMPLE_INSTRUMENT;EFP_FIN;EUR;31;118.66000000;966;EXCHANGE_LAST;;1;1;XEUR;11820390;689;
23.05.2025;11:09:31.307;FGBM SI 20250606 PS;SIMPLE_INSTRUMENT;EFP_FIN;EUR;32;118.62000000;483;EXCHANGE_LAST;;1;1;XEUR;11820390;689;
23.05.2025;11:20:14.302;FGBM SI 20250606 PS;SIMPLE_INSTRUMENT;EFS;EUR;33;118.68000000;434;EXCHANGE_LAST;;1;1;XEUR;11820390;689;
23.05.2025;11:25:52.668;FGBM SI 20250606 PS;SIMPLE_INSTRUMENT;EFS;EUR;34;118.65000000;926;EXCHANGE_LAST;;1;1;XEUR;11820390;689;
23.05.2025;11:27:18.685;FGBM SI 20250606 PS;SIMPLE_INSTRUMENT;EFP_FIN;EUR;35;118.65000000;280;EXCHANGE_LAST;;1;1;XEUR;11820390;689;
23.05.2025;11:36:46.828;FGBM SI 20250606 PS;SIMPLE_INSTRUMENT;EFS;EUR;36;118.65000000;926;EXCHANGE_LAST;;1;1;XEUR;11820390;689;
23.05.2025;11:39:00.876;FGBM SI 20250606 PS;SIMPLE_INSTRUMENT;EFP_FIN;EUR;37;118.66000000;257;EXCHANGE_LAST;;1;1;XEUR;11820390;689;
23.05.2025;11:43:50.871;FGBM SI 20250606 PS;SIMPLE_INSTRUMENT;EFS;EUR;38;118.72000000;925;EXCHANGE_LAST;;1;1;XEUR;11820390;689;
23.05.2025;11:52:45.413;FGBM SI 20250606 PS;SIMPLE_INSTRUMENT;EFP_FIN;EUR;39;118.71000000;133;EXCHANGE_LAST;;1;1;XEUR;11820390;689;
23.05.2025;11:57:46.258;FGBM SI 20250606 PS;SIMPLE_INSTRUMENT;EFS;EUR;40;119.22000000;173;EXCHANGE_LAST;;1;1;XEUR;11820390;689;
23.05.2025;12:01:41.038;FGBM SI 20250606 PS;SIMPLE_INSTRUMENT;EFS;EUR;41;119.10000000;406;EXCHANGE_LAST;;1;1;XEUR;11820390;689;
23.05.2025;12:09:11.427;FGBM SI 20250606 PS;SIMPLE_INSTRUMENT;EFS;EUR;42;119.13000000;826;EXCHANGE_LAST;;1;1;XEUR;11820390;689;
23.05.2025;12:11:44.497;FGBM SI 20250606 PS;SIMPLE_INSTRUMENT;EFS;EUR;43;119.12000000;922;EXCHANGE_LAST;;1;1;XEUR;11820390;689;
23.05.2025;12:13:27.495;FGBM SI 20250606 PS;SIMPLE_INSTRUMENT;EFS;EUR;44;119.18000000;432;EXCHANGE_LAST;;1;1;XEUR;11820390;689;
23.05.2025;12:14:45.154;FGBM SI 20250606 PS;SIMPLE_INSTRUMENT;EFP_FIN;EUR;45;118.74000000;194;EXCHANGE_LAST;;1;1;XEUR;11820390;689;
23.05.2025;12:14:45.154;FGBM SI 20250606 PS;SIMPLE_INSTRUMENT;EFP_FIN;EUR;46;118.74000000;87;EXCHANGE_LAST;;1;1;XEUR;11820390;689;
23.05.2025;12:14:45.175;FGBM SI 20250606 PS;SIMPLE_INSTRUMENT;EFP_FIN;EUR;47;118.74000000;205;EXCHANGE_LAST;;1;1;XEUR;11820390;689;
23.05.2025;12:17:00.065;FGBM SI 20250606 PS;SIMPLE_INSTRUMENT;EFS;EUR;48;119.12000000;865;EXCHANGE_LAST;;1;1;XEUR;11820390;689;
23.05.2025;12:17:00.725;FGBM SI 20250606 PS;SIMPLE_INSTRUMENT;EFP_FIN;EUR;49;119.18000000;426;EXCHANGE_LAST;;1;1;XEUR;11820390;689;
23.05.2025;12:18:17.168;FGBM SI 20250606 PS;SIMPLE_INSTRUMENT;EFS;EUR;50;119.07000000;865;EXCHANGE_LAST;;1;1;XEUR;11820390;689;
23.05.2025;12:27:54.277;FGBM SI 20250606 PS;SIMPLE_INSTRUMENT;EFS;EUR;51;119.07000000;866;EXCHANGE_LAST;;1;1;XEUR;11820390;689;
23.05.2025;12:29:06.010;FGBM SI 20250606 PS;SIMPLE_INSTRUMENT;EFS;EUR;52;119.12000000;409;EXCHANGE_LAST;;1;1;XEUR;11820390;689;
23.05.2025;12:34:34.499;FGBM SI 20250606 PS;SIMPLE_INSTRUMENT;EFS;EUR;54;119.15000000;326;EXCHANGE_LAST;;1;1;XEUR;11820390;689;
23.05.2025;12:43:08.578;FGBM SI 20250606 PS;SIMPLE_INSTRUMENT;EFS;EUR;55;119.04000000;408;EXCHANGE_LAST;;1;1;XEUR;11820390;689;
23.05.2025;12:43:24.441;FGBM SI 20250606 PS;SIMPLE_INSTRUMENT;EFS;EUR;56;118.71000000;1642;EXCHANGE_LAST;;1;1;XEUR;11820390;689;
23.05.2025;12:50:00.010;FGBM SI 20250606 PS;SIMPLE_INSTRUMENT;EFP_FIN;EUR;57;119.08000000;58;EXCHANGE_LAST;;1;1;XEUR;11820390;689;
23.05.2025;12:59:56.731;FGBM SI 20250606 PS;SIMPLE_INSTRUMENT;EFS;EUR;58;119.11000000;865;EXCHANGE_LAST;;1;1;XEUR;11820390;689;
23.05.2025;13:01:24.989;FGBM SI 20250606 PS;SIMPLE_INSTRUMENT;EFS;EUR;59;119.06000000;922;EXCHANGE_LAST;;1;1;XEUR;11820390;689;
23.05.2025;13:07:32.099;FGBM SI 20250606 PS;SIMPLE_INSTRUMENT;EFS;EUR;60;119.13000000;10000;EXCHANGE_LAST;;1;1;XEUR;11820390;689;
23.05.2025;13:10:48.203;FGBM SI 20250606 PS;SIMPLE_INSTRUMENT;EFS;EUR;61;119.12000000;433;EXCHANGE_LAST;;1;1;XEUR;11820390;689;
23.05.2025;13:14:03.341;FGBM SI 20250606 PS;SIMPLE_INSTRUMENT;EFS;EUR;62;119.16000000;865;EXCHANGE_LAST;;1;1;XEUR;11820390;689;
23.05.2025;13:30:47.756;FGBM SI 20250606 PS;SIMPLE_INSTRUMENT;EFS;EUR;63;119.13000000;865;EXCHANGE_LAST;;1;1;XEUR;11820390;689;
23.05.2025;13:47:07.795;FGBM SI 20250606 PS;SIMPLE_INSTRUMENT;EFS;EUR;64;119.06000000;453;EXCHANGE_LAST;;1;1;XEUR;11820390;689;
23.05.2025;13:48:26.873;FGBM SI 20250606 PS;SIMPLE_INSTRUMENT;EFS;EUR;65;119.08000000;433;EXCHANGE_LAST;;1;1;XEUR;11820390;689;
23.05.2025;13:49:17.230;FGBM SI 20250606 PS;SIMPLE_INSTRUMENT;EFS;EUR;66;119.05000000;651;EXCHANGE_LAST;;1;1;XEUR;11820390;689;
23.05.2025;13:49:54.381;FGBM SI 20250606 PS;SIMPLE_INSTRUMENT;EFS;EUR;67;119.07000000;651;EXCHANGE_LAST;;1;1;XEUR;11820390;689;
23.05.2025;13:50:01.949;FGBM SI 20250606 PS;SIMPLE_INSTRUMENT;EFS;EUR;68;119.09000000;433;EXCHANGE_LAST;;1;1;XEUR;11820390;689;
23.05.2025;14:00:18.348;FGBM SI 20250606 PS;SIMPLE_INSTRUMENT;EFP_FIN;EUR;69;119.15000000;230;EXCHANGE_LAST;;1;1;XEUR;11820390;689;
23.05.2025;14:00:28.381;FGBM SI 20250606 PS;SIMPLE_INSTRUMENT;EFS;EUR;70;119.07000000;863;EXCHANGE_LAST;;1;1;XEUR;11820390;689;
23.05.2025;14:00:36.944;FGBM SI 20250606 PS;SIMPLE_INSTRUMENT;EFP_FIN;EUR;71;119.15000000;230;EXCHANGE_LAST;;1;1;XEUR;11820390;689;
23.05.2025;14:01:59.734;FGBM SI 20250606 PS;SIMPLE_INSTRUMENT;EFS;EUR;72;119.07000000;863;EXCHANGE_LAST;;1;1;XEUR;11820390;689;
23.05.2025;14:06:15.479;FGBM SI 20250606 PS;SIMPLE_INSTRUMENT;EFS;EUR;73;119.08000000;865;EXCHANGE_LAST;;1;1;XEUR;11820390;689;
23.05.2025;14:08:36.846;FGBM SI 20250606 PS;SIMPLE_INSTRUMENT;EFS;EUR;74;119.06000000;865;EXCHANGE_LAST;;1;1;XEUR;11820390;689;
23.05.2025;14:08:58.179;FGBM SI 20250606 PS;SIMPLE_INSTRUMENT;EFS;EUR;75;119.10000000;391;EXCHANGE_LAST;;1;1;XEUR;11820390;689;
23.05.2025;14:10:29.109;FGBM SI 20250606 PS;SIMPLE_INSTRUMENT;EFS;EUR;76;119.10000000;1852;EXCHANGE_LAST;;1;1;XEUR;11820390;689;
23.05.2025;14:21:53.382;FGBM SI 20250606 PS;SIMPLE_INSTRUMENT;EFS;EUR;77;118.99000000;433;EXCHANGE_LAST;;1;1;XEUR;11820390;689;
23.05.2025;14:25:19.316;FGBM SI 20250606 PS;SIMPLE_INSTRUMENT;EFS;EUR;78;118.98000000;433;EXCHANGE_LAST;;1;1;XEUR;11820390;689;
23.05.2025;14:29:03.638;FGBM SI 20250606 PS;SIMPLE_INSTRUMENT;BLOCK;EUR;79;118.98000000;6572;EXCHANGE_LAST;;1;1;XEUR;11820390;689;
23.05.2025;14:41:39.418;FGBM SI 20250606 PS;SIMPLE_INSTRUMENT;EFP_FIN;EUR;80;119.17000000;852;EXCHANGE_LAST;;1;1;XEUR;11820390;689;
23.05.2025;14:42:56.793;FGBM SI 20250606 PS;SIMPLE_INSTRUMENT;EFS;EUR;81;119.00000000;649;EXCHANGE_LAST;;1;1;XEUR;11820390;689;
23.05.2025;14:55:27.382;FGBM SI 20250606 PS;SIMPLE_INSTRUMENT;EFS;EUR;82;118.99000000;865;EXCHANGE_LAST;;1;1;XEUR;11820390;689;
23.05.2025;14:58:08.080;FGBM SI 20250606 PS;SIMPLE_INSTRUMENT;EFS;EUR;83;118.98000000;537;EXCHANGE_LAST;;1;1;XEUR;11820390;689;
23.05.2025;14:59:37.251;FGBM SI 20250606 PS;SIMPLE_INSTRUMENT;EFS;EUR;84;118.98000000;407;EXCHANGE_LAST;;1;1;XEUR;11820390;689;
23.05.2025;15:01:05.012;FGBM SI 20250606 PS;SIMPLE_INSTRUMENT;EFS;EUR;85;118.99000000;865;EXCHANGE_LAST;;1;1;XEUR;11820390;689;
23.05.2025;15:04:14.304;FGBM SI 20250606 PS;SIMPLE_INSTRUMENT;EFS;EUR;86;118.98000000;814;EXCHANGE_LAST;;1;1;XEUR;11820390;689;
23.05.2025;15:08:09.788;FGBM SI 20250606 PS;SIMPLE_INSTRUMENT;EFS;EUR;87;119.01000000;813;EXCHANGE_LAST;;1;1;XEUR;11820390;689;
23.05.2025;15:17:13.655;FGBM SI 20250606 PS;SIMPLE_INSTRUMENT;EFP_FIN;EUR;88;119.01000000;72;EXCHANGE_LAST;;1;1;XEUR;11820390;689;
23.05.2025;15:23:30.617;FGBM SI 20250606 PS;SIMPLE_INSTRUMENT;EFS;EUR;89;119.01000000;813;EXCHANGE_LAST;;1;1;XEUR;11820390;689;
23.05.2025;15:29:12.080;FGBM SI 20250606 PS;SIMPLE_INSTRUMENT;EFS;EUR;90;119.03000000;433;EXCHANGE_LAST;;1;1;XEUR;11820390;689;
23.05.2025;15:33:31.657;FGBM SI 20250606 PS;SIMPLE_INSTRUMENT;EFP_FIN;EUR;91;119.03000000;938;EXCHANGE_LAST;;1;1;XEUR;11820390;689;
23.05.2025;15:35:43.582;FGBM SI 20250606 PS;SIMPLE_INSTRUMENT;EFP_FIN;EUR;92;119.03000000;529;EXCHANGE_LAST;;1;1;XEUR;11820390;689;
23.05.2025;15:40:52.075;FGBM SI 20250606 PS;SIMPLE_INSTRUMENT;EFS;EUR;93;118.99000000;216;EXCHANGE_LAST;;1;1;XEUR;11820390;689;
23.05.2025;15:41:27.443;FGBM SI 20250606 PS;SIMPLE_INSTRUMENT;EFS;EUR;94;119.12000000;1800;EXCHANGE_LAST;;1;1;XEUR;11820390;689;
23.05.2025;15:41:33.022;FGBM SI 20250606 PS;SIMPLE_INSTRUMENT;EFS;EUR;95;118.99000000;433;EXCHANGE_LAST;;1;1;XEUR;11820390;689;
23.05.2025;15:43:06.851;FGBM SI 20250606 PS;SIMPLE_INSTRUMENT;EFS;EUR;96;118.99000000;216;EXCHANGE_LAST;;1;1;XEUR;11820390;689;
23.05.2025;15:45:58.214;FGBM SI 20250606 PS;SIMPLE_INSTRUMENT;EFS;EUR;97;118.99000000;433;EXCHANGE_LAST;;1;1;XEUR;11820390;689;
23.05.2025;15:48:13.319;FGBM SI 20250606 PS;SIMPLE_INSTRUMENT;EFS;EUR;98;118.99000000;433;EXCHANGE_LAST;;1;1;XEUR;11820390;689;
23.05.2025;15:48:52.045;FGBM SI 20250606 PS;SIMPLE_INSTRUMENT;EFS;EUR;99;118.99000000;813;EXCHANGE_LAST;;1;1;XEUR;11820390;689;
23.05.2025;15:52:28.575;FGBM SI 20250606 PS;SIMPLE_INSTRUMENT;EFS;EUR;100;119.01000000;433;EXCHANGE_LAST;;1;1;XEUR;11820390;689;
23.05.2025;15:54:33.686;FGBM SI 20250606 PS;SIMPLE_INSTRUMENT;EFS;EUR;101;119.01000000;433;EXCHANGE_LAST;;1;1;XEUR;11820390;689;
23.05.2025;16:00:30.003;FGBM SI 20250606 PS;SIMPLE_INSTRUMENT;EFS;EUR;102;119.04000000;866;EXCHANGE_LAST;;1;1;XEUR;11820390;689;
23.05.2025;09:29:32.596;FGBM SI 20250606 PS;SIMPLE_INSTRUMENT;VOLA;EUR;268435483;118.63000000;100;EXCHANGE_LAST;;1;1;XEUR;11820390;689;
23.05.2025;09:30:01.600;FGBM SI 20250606 PS;SIMPLE_INSTRUMENT;VOLA;EUR;268435484;118.62000000;100;EXCHANGE_LAST;;1;1;XEUR;11820390;689;
23.05.2025;10:04:56.890;FGBM SI 20250606 PS;SIMPLE_INSTRUMENT;VOLA;EUR;268435495;118.66000000;140;EXCHANGE_LAST;;1;1;XEUR;11820390;689;
23.05.2025;13:04:56.509;FGBM SI 20250606 PS;SIMPLE_INSTRUMENT;VOLA;EUR;268435547;119.11000000;140;EXCHANGE_LAST;;1;1;XEUR;11820390;689;
23.05.2025;07:41:31.778;FGBS SI 20250606 PS;SIMPLE_INSTRUMENT;EFS;EUR;1;107.30000000;2725;EXCHANGE_LAST;;1;1;XEUR;11820391;690;
23.05.2025;08:06:05.287;FGBS SI 20250606 PS;SIMPLE_INSTRUMENT;EFP_FIN;EUR;2;107.28500000;1154;EXCHANGE_LAST;;1;1;XEUR;11820391;690;
23.05.2025;08:18:01.232;FGBS SI 20250606 PS;SIMPLE_INSTRUMENT;EFP_FIN;EUR;3;107.28000000;1032;EXCHANGE_LAST;;1;1;XEUR;11820391;690;
23.05.2025;08:30:27.720;FGBS SI 20250606 PS;SIMPLE_INSTRUMENT;EFP_FIN;EUR;4;107.29000000;529;EXCHANGE_LAST;;1;1;XEUR;11820391;690;
23.05.2025;09:35:39.503;FGBS SI 20250606 PS;SIMPLE_INSTRUMENT;BLOCK;EUR;5;107.28500000;11065;EXCHANGE_LAST;;1;1;XEUR;11820391;690;
23.05.2025;10:06:12.441;FGBS SI 20250606 PS;SIMPLE_INSTRUMENT;EFP_FIN;EUR;6;107.29000000;938;EXCHANGE_LAST;;1;1;XEUR;11820391;690;
23.05.2025;10:21:19.983;FGBS SI 20250606 PS;SIMPLE_INSTRUMENT;EFP_FIN;EUR;7;107.28000000;938;EXCHANGE_LAST;;1;1;XEUR;11820391;690;
23.05.2025;11:02:19.709;FGBS SI 20250606 PS;SIMPLE_INSTRUMENT;EFP_FIN;EUR;8;107.29000000;1201;EXCHANGE_LAST;;1;1;XEUR;11820391;690;
23.05.2025;11:07:53.223;FGBS SI 20250606 PS;SIMPLE_INSTRUMENT;EFS;EUR;9;107.28500000;1090;EXCHANGE_LAST;;1;1;XEUR;11820391;690;
23.05.2025;11:17:12.319;FGBS SI 20250606 PS;SIMPLE_INSTRUMENT;EFP_FIN;EUR;10;107.29000000;938;EXCHANGE_LAST;;1;1;XEUR;11820391;690;
23.05.2025;11:55:17.215;FGBS SI 20250606 PS;SIMPLE_INSTRUMENT;EFP_FIN;EUR;11;107.32000000;100;EXCHANGE_LAST;;1;1;XEUR;11820391;690;
23.05.2025;11:56:17.952;FGBS SI 20250606 PS;SIMPLE_INSTRUMENT;EFP_FIN;EUR;12;107.32000000;4592;EXCHANGE_LAST;;1;1;XEUR;11820391;690;
23.05.2025;12:13:55.290;FGBS SI 20250606 PS;SIMPLE_INSTRUMENT;BLOCK;EUR;13;107.49500000;4804;EXCHANGE_LAST;;1;1;XEUR;11820391;690;
23.05.2025;12:14:23.852;FGBS SI 20250606 PS;SIMPLE_INSTRUMENT;EFS;EUR;14;107.49000000;10871;EXCHANGE_LAST;;1;1;XEUR;11820391;690;
23.05.2025;12:14:38.308;FGBS SI 20250606 PS;SIMPLE_INSTRUMENT;EFS;EUR;15;107.49500000;2250;EXCHANGE_LAST;;1;1;XEUR;11820391;690;
23.05.2025;12:22:33.309;FGBS SI 20250606 PS;SIMPLE_INSTRUMENT;EFP_FIN;EUR;16;107.41000000;938;EXCHANGE_LAST;;1;1;XEUR;11820391;690;
23.05.2025;12:25:39.286;FGBS SI 20250606 PS;SIMPLE_INSTRUMENT;EFS;EUR;17;107.46000000;4078;EXCHANGE_LAST;;1;1;XEUR;11820391;690;
23.05.2025;12:25:53.117;FGBS SI 20250606 PS;SIMPLE_INSTRUMENT;EFS;EUR;18;107.31000000;2403;EXCHANGE_LAST;;1;1;XEUR;11820391;690;
23.05.2025;12:26:55.805;FGBS SI 20250606 PS;SIMPLE_INSTRUMENT;EFP_FIN;EUR;19;107.48000000;1876;EXCHANGE_LAST;;1;1;XEUR;11820391;690;
23.05.2025;12:32:07.231;FGBS SI 20250606 PS;SIMPLE_INSTRUMENT;EFS;EUR;20;107.44000000;2720;EXCHANGE_LAST;;1;1;XEUR;11820391;690;
23.05.2025;12:34:10.926;FGBS SI 20250606 PS;SIMPLE_INSTRUMENT;BLOCK;EUR;21;107.45000000;7204;EXCHANGE_LAST;;1;1;XEUR;11820391;690;
23.05.2025;12:37:41.820;FGBS SI 20250606 PS;SIMPLE_INSTRUMENT;EFS;EUR;22;107.43500000;2720;EXCHANGE_LAST;;1;1;XEUR;11820391;690;
23.05.2025;12:46:37.925;FGBS SI 20250606 PS;SIMPLE_INSTRUMENT;EFS;EUR;23;107.46000000;4622;EXCHANGE_LAST;;1;1;XEUR;11820391;690;
23.05.2025;12:48:10.319;FGBS SI 20250606 PS;SIMPLE_INSTRUMENT;EFP_FIN;EUR;24;107.45000000;582;EXCHANGE_LAST;;1;1;XEUR;11820391;690;
23.05.2025;12:48:54.746;FGBS SI 20250606 PS;SIMPLE_INSTRUMENT;EFP_FIN;EUR;25;107.45000000;1128;EXCHANGE_LAST;;1;1;XEUR;11820391;690;
23.05.2025;12:51:16.566;FGBS SI 20250606 PS;SIMPLE_INSTRUMENT;EFS;EUR;26;107.49500000;2389;EXCHANGE_LAST;;1;1;XEUR;11820391;690;
23.05.2025;12:52:43.620;FGBS SI 20250606 PS;SIMPLE_INSTRUMENT;EFP_FIN;EUR;27;107.45000000;2820;EXCHANGE_LAST;;1;1;XEUR;11820391;690;
23.05.2025;12:55:19.204;FGBS SI 20250606 PS;SIMPLE_INSTRUMENT;EFS;EUR;28;107.49000000;5436;EXCHANGE_LAST;;1;1;XEUR;11820391;690;
23.05.2025;13:00:56.580;FGBS SI 20250606 PS;SIMPLE_INSTRUMENT;EFS;EUR;29;107.47000000;1200;EXCHANGE_LAST;;1;1;XEUR;11820391;690;
23.05.2025;13:01:53.584;FGBS SI 20250606 PS;SIMPLE_INSTRUMENT;EFS;EUR;30;107.47000000;1200;EXCHANGE_LAST;;1;1;XEUR;11820391;690;
23.05.2025;13:09:46.562;FGBS SI 20250606 PS;SIMPLE_INSTRUMENT;EFS;EUR;31;107.46000000;2719;EXCHANGE_LAST;;1;1;XEUR;11820391;690;
23.05.2025;13:12:13.255;FGBS SI 20250606 PS;SIMPLE_INSTRUMENT;EFS;EUR;32;107.46000000;2719;EXCHANGE_LAST;;1;1;XEUR;11820391;690;
23.05.2025;13:17:06.352;FGBS SI 20250606 PS;SIMPLE_INSTRUMENT;EFS;EUR;33;107.46000000;961;EXCHANGE_LAST;;1;1;XEUR;11820391;690;
23.05.2025;13:20:42.042;FGBS SI 20250606 PS;SIMPLE_INSTRUMENT;EFP_FIN;EUR;34;107.47000000;1058;EXCHANGE_LAST;;1;1;XEUR;11820391;690;
23.05.2025;13:35:55.022;FGBS SI 20250606 PS;SIMPLE_INSTRUMENT;EFP_FIN;EUR;35;107.47000000;138;EXCHANGE_LAST;;1;1;XEUR;11820391;690;
23.05.2025;13:39:12.212;FGBS SI 20250606 PS;SIMPLE_INSTRUMENT;EFP_FIN;EUR;36;107.47000000;529;EXCHANGE_LAST;;1;1;XEUR;11820391;690;
23.05.2025;13:46:05.981;FGBS SI 20250606 PS;SIMPLE_INSTRUMENT;EFS;EUR;37;107.44000000;1322;EXCHANGE_LAST;;1;1;XEUR;11820391;690;
23.05.2025;13:48:46.376;FGBS SI 20250606 PS;SIMPLE_INSTRUMENT;EFS;EUR;38;107.44000000;1920;EXCHANGE_LAST;;1;1;XEUR;11820391;690;
23.05.2025;13:50:47.340;FGBS SI 20250606 PS;SIMPLE_INSTRUMENT;EFS;EUR;39;107.44000000;960;EXCHANGE_LAST;;1;1;XEUR;11820391;690;
23.05.2025;13:58:09.314;FGBS SI 20250606 PS;SIMPLE_INSTRUMENT;EFS;EUR;41;107.45000000;2719;EXCHANGE_LAST;;1;1;XEUR;11820391;690;
23.05.2025;14:00:46.805;FGBS SI 20250606 PS;SIMPLE_INSTRUMENT;EFP_FIN;EUR;42;107.44000000;372;EXCHANGE_LAST;;1;1;XEUR;11820391;690;
23.05.2025;14:02:08.296;FGBS SI 20250606 PS;SIMPLE_INSTRUMENT;EFS;EUR;43;107.44500000;816;EXCHANGE_LAST;;1;1;XEUR;11820391;690;
23.05.2025;14:27:21.693;FGBS SI 20250606 PS;SIMPLE_INSTRUMENT;EFS;EUR;44;107.42000000;2720;EXCHANGE_LAST;;1;1;XEUR;11820391;690;
23.05.2025;14:36:16.363;FGBS SI 20250606 PS;SIMPLE_INSTRUMENT;EFP_FIN;EUR;45;107.42000000;764;EXCHANGE_LAST;;1;1;XEUR;11820391;690;
23.05.2025;14:38:20.193;FGBS SI 20250606 PS;SIMPLE_INSTRUMENT;EFP_FIN;EUR;47;107.42000000;303;EXCHANGE_LAST;;1;1;XEUR;11820391;690;
23.05.2025;14:46:12.216;FGBS SI 20250606 PS;SIMPLE_INSTRUMENT;EFP_FIN;EUR;48;107.42000000;303;EXCHANGE_LAST;;1;1;XEUR;11820391;690;
23.05.2025;14:51:31.566;FGBS SI 20250606 PS;SIMPLE_INSTRUMENT;EFS;EUR;49;107.40000000;5443;EXCHANGE_LAST;;1;1;XEUR;11820391;690;
23.05.2025;14:58:48.254;FGBS SI 20250606 PS;SIMPLE_INSTRUMENT;EFP_FIN;EUR;50;107.41000000;909;EXCHANGE_LAST;;1;1;XEUR;11820391;690;
23.05.2025;15:13:05.631;FGBS SI 20250606 PS;SIMPLE_INSTRUMENT;EFS;EUR;51;107.42000000;959;EXCHANGE_LAST;;1;1;XEUR;11820391;690;
23.05.2025;15:29:41.346;FGBS SI 20250606 PS;SIMPLE_INSTRUMENT;EFS;EUR;52;107.41000000;2721;EXCHANGE_LAST;;1;1;XEUR;11820391;690;
23.05.2025;15:36:58.738;FGBS SI 20250606 PS;SIMPLE_INSTRUMENT;EFS;EUR;53;107.41000000;1397;EXCHANGE_LAST;;1;1;XEUR;11820391;690;
23.05.2025;15:39:34.794;FGBS SI 20250606 PS;SIMPLE_INSTRUMENT;EFS;EUR;54;107.42000000;2992;EXCHANGE_LAST;;1;1;XEUR;11820391;690;
23.05.2025;15:46:38.066;FGBS SI 20250606 PS;SIMPLE_INSTRUMENT;EFP_FIN;EUR;55;107.42000000;606;EXCHANGE_LAST;;1;1;XEUR;11820391;690;
23.05.2025;15:56:18.928;FGBS SI 20250606 PS;SIMPLE_INSTRUMENT;EFS;EUR;56;107.41000000;272;EXCHANGE_LAST;;1;1;XEUR;11820391;690;
23.05.2025;12:21:52.527;FGBS SI 20250606 PS;SIMPLE_INSTRUMENT;VOLA;EUR;268435520;107.41000000;30;EXCHANGE_LAST;;1;1;XEUR;11820391;690;
23.05.2025;12:57:19.777;FGBS SI 20250908 PS;SIMPLE_INSTRUMENT;VOLA;EUR;268435538;107.49500000;530;EXCHANGE_LAST;;1;1;XEUR;12372484;690;
23.05.2025;15:41:27.347;FGBS SI 20250606 PS;SIMPLE_INSTRUMENT;VOLA;EUR;268435647;107.41000000;566;EXCHANGE_LAST;;1;1;XEUR;11820391;690;
23.05.2025;15:43:16.678;FGBS SI 20250606 PS;SIMPLE_INSTRUMENT;VOLA;EUR;268435648;107.41000000;500;EXCHANGE_LAST;;1;1;XEUR;11820391;690;
23.05.2025;15:45:03.028;FGBS SI 20250606 PS;SIMPLE_INSTRUMENT;VOLA;EUR;268435649;107.41000000;500;EXCHANGE_LAST;;1;1;XEUR;11820391;690;
23.05.2025;15:45:30.153;FGBS SI 20250606 PS;SIMPLE_INSTRUMENT;VOLA;EUR;268435650;107.41000000;500;EXCHANGE_LAST;;1;1;XEUR;11820391;690;
23.05.2025;07:02:33.218;FGBX SI 20250606 PS;SIMPLE_INSTRUMENT;EFS;EUR;1;118.76000000;65;EXCHANGE_LAST;;1;1;XEUR;11820392;691;
23.05.2025;07:45:24.443;FGBX SI 20250606 PS;SIMPLE_INSTRUMENT;EFP_FIN;EUR;2;118.78000000;228;EXCHANGE_LAST;;1;1;XEUR;11820392;691;
23.05.2025;08:16:42.155;FGBX SI 20250606 PS;SIMPLE_INSTRUMENT;EFS;EUR;4;118.66000000;42;EXCHANGE_LAST;;1;1;XEUR;11820392;691;
23.05.2025;09:25:00.338;FGBX SI 20250606 PS;SIMPLE_INSTRUMENT;EFS;EUR;10;118.52000000;149;EXCHANGE_LAST;;1;1;XEUR;11820392;691;
23.05.2025;09:36:09.364;FGBX SI 20250606 PS;SIMPLE_INSTRUMENT;EFP_FIN;EUR;11;118.58000000;190;EXCHANGE_LAST;;1;1;XEUR;11820392;691;
23.05.2025;09:46:18.354;FGBX SI 20250606 PS;SIMPLE_INSTRUMENT;EFP_FIN;EUR;12;118.42000000;67;EXCHANGE_LAST;;1;1;XEUR;11820392;691;
23.05.2025;09:45:58.568;FGBX SI 20250606 PS;SIMPLE_INSTRUMENT;BLOCK;EUR;14;118.46000000;107;EXCHANGE_LAST;;1;1;XEUR;11820392;691;
23.05.2025;10:00:34.819;FGBX SI 20250606 PS;SIMPLE_INSTRUMENT;EFS;EUR;15;118.44000000;188;EXCHANGE_LAST;;1;1;XEUR;11820392;691;
23.05.2025;10:03:16.023;FGBX SI 20250606 PS;SIMPLE_INSTRUMENT;EFP_FIN;EUR;16;118.36000000;52;EXCHANGE_LAST;;1;1;XEUR;11820392;691;
23.05.2025;10:18:06.695;FGBX SI 20250606 PS;SIMPLE_INSTRUMENT;EFS;EUR;17;118.22000000;940;EXCHANGE_LAST;;1;1;XEUR;11820392;691;
23.05.2025;10:50:38.996;FGBX SI 20250606 PS;SIMPLE_INSTRUMENT;EFP_FIN;EUR;18;118.64000000;203;EXCHANGE_LAST;;1;1;XEUR;11820392;691;
23.05.2025;11:46:09.272;FGBX SI 20250606 PS;SIMPLE_INSTRUMENT;EFP_FIN;EUR;19;118.74000000;113;EXCHANGE_LAST;;1;1;XEUR;11820392;691;
23.05.2025;12:03:25.046;FGBX SI 20250606 PS;SIMPLE_INSTRUMENT;EFS;EUR;20;119.56000000;93;EXCHANGE_LAST;;1;1;XEUR;11820392;691;
23.05.2025;12:08:04.258;FGBX SI 20250606 PS;SIMPLE_INSTRUMENT;EFS;EUR;21;119.76000000;93;EXCHANGE_LAST;;1;1;XEUR;11820392;691;
23.05.2025;12:38:12.035;FGBX SI 20250606 PS;SIMPLE_INSTRUMENT;EFS;EUR;22;118.74000000;64;EXCHANGE_LAST;;1;1;XEUR;11820392;691;
23.05.2025;12:40:40.689;FGBX SI 20250606 PS;SIMPLE_INSTRUMENT;EFS;EUR;23;119.86000000;45;EXCHANGE_LAST;;1;1;XEUR;11820392;691;
23.05.2025;12:50:15.501;FGBX SI 20250606 PS;SIMPLE_INSTRUMENT;EFS;EUR;24;119.24000000;186;EXCHANGE_LAST;;1;1;XEUR;11820392;691;
23.05.2025;13:03:46.389;FGBX SI 20250606 PS;SIMPLE_INSTRUMENT;EFS;EUR;25;119.86000000;188;EXCHANGE_LAST;;1;1;XEUR;11820392;691;
23.05.2025;13:48:53.349;FGBX SI 20250606 PS;SIMPLE_INSTRUMENT;BLOCK;EUR;26;119.34000000;162;EXCHANGE_LAST;;1;1;XEUR;11820392;691;
23.05.2025;14:58:43.032;FGBX SI 20250606 PS;SIMPLE_INSTRUMENT;EFS;EUR;28;119.14000000;13;EXCHANGE_LAST;;1;1;XEUR;11820392;691;
23.05.2025;07:53:15.469;FGBX SI 20250606 PS;SIMPLE_INSTRUMENT;VOLA;EUR;268435470;118.88000000;68;EXCHANGE_LAST;;1;1;XEUR;11820392;691;
23.05.2025;14:49:17.429;FGBX SI 20250908 PS;SIMPLE_INSTRUMENT;VOLA;EUR;268435632;119.14000000;10;EXCHANGE_LAST;;1;1;XEUR;12372485;691;
23.05.2025;13:29:10.593;FIN SI 20260320 PS AM P 52.00 0;SIMPLE_INSTRUMENT;BLOCK;CHF;55;2.55000000;600;EXCHANGE_LAST;;1;1;XEUR;13005104;671;
23.05.2025;07:34:21.730;FMAE SI 20250620 CS;SIMPLE_INSTRUMENT;EFP_IDX;EUR;23;396.42700000;1242;EXCHANGE_LAST;;1;1;XEUR;7939684;48921;
23.05.2025;00:52:21.996;FMCH SI 20250620 CS;SIMPLE_INSTRUMENT;BLOCK;USD;4;591.72200000;203;EXCHANGE_LAST;;1;1;XEUR;7940815;402909;
23.05.2025;00:52:08.799;FMCH SI 20250620 CS;SIMPLE_INSTRUMENT;BLOCK;USD;5;591.66300000;847;EXCHANGE_LAST;;1;2;XEUR;7940815;402909;
23.05.2025;06:47:07.613;FMCH SI 20250620 CS;SIMPLE_INSTRUMENT;BLOCK;USD;14;591.66300000;1180;EXCHANGE_LAST;;1;1;XEUR;7940815;402909;
23.05.2025;07:48:47.800;FMCH SI 20250620 CS;SIMPLE_INSTRUMENT;BLOCK;USD;25;590.50000000;107;EXCHANGE_LAST;;1;1;XEUR;7940815;402909;
23.05.2025;06:49:04.852;FMEA SI 20250620 CS;SIMPLE_INSTRUMENT;BLOCK;USD;16;742.00000000;2696;EXCHANGE_LAST;;1;1;XEUR;7938804;12395;
23.05.2025;06:49:42.557;FMEA SI 20251219 CS;SIMPLE_INSTRUMENT;BLOCK;USD;17;757.95300000;2639;EXCHANGE_LAST;;1;1;XEUR;8837826;12395;
23.05.2025;08:43:46.646;FMEA SI 20250620 CS;SIMPLE_INSTRUMENT;BLOCK;USD;32;745.50000000;2690;EXCHANGE_LAST;;1;1;XEUR;7938804;12395;
23.05.2025;08:44:21.897;FMEA SI 20251219 CS;SIMPLE_INSTRUMENT;BLOCK;USD;33;761.75200000;2633;EXCHANGE_LAST;;1;1;XEUR;8837826;12395;
23.05.2025;08:43:56.524;FMEA SI 20250620 CS;SIMPLE_INSTRUMENT;BLOCK;USD;36;744.40000000;1345;EXCHANGE_LAST;;1;1;XEUR;7938804;12395;
23.05.2025;08:44:07.841;FMEA SI 20251219 CS;SIMPLE_INSTRUMENT;BLOCK;USD;37;760.62800000;1316;EXCHANGE_LAST;;1;1;XEUR;8837826;12395;
23.05.2025;10:12:43.230;FMEF SI 20250620 CS;SIMPLE_INSTRUMENT;BLOCK;USD;43;1172.00000000;30;EXCHANGE_LAST;;1;1;XEUR;7408968;30657;
23.05.2025;08:41:45.876;FMEL SI 20250620 CS;SIMPLE_INSTRUMENT;BLOCK;USD;29;585.05000000;50;EXCHANGE_LAST;;1;1;XEUR;7938814;12397;
23.05.2025;07:24:56.899;FMEN SI 20250620 CS;SIMPLE_INSTRUMENT;EFP_IDX;EUR;21;523.22700000;80;EXCHANGE_LAST;;1;1;XEUR;7939172;30652;
23.05.2025;07:29:35.483;FMEN SI 20250620 CS;SIMPLE_INSTRUMENT;BLOCK;EUR;22;523.41000000;20;EXCHANGE_LAST;;1;1;XEUR;7939172;30652;
23.05.2025;07:43:15.942;FMES SI 20250620 CS;SIMPLE_INSTRUMENT;EFP_IDX;EUR;24;609.35300000;4;EXCHANGE_LAST;;1;1;XEUR;7940344;221291;
23.05.2025;06:57:35.737;FMEU SI 20250620 CS;SIMPLE_INSTRUMENT;EFP_IDX;EUR;18;370.86900000;61;EXCHANGE_LAST;;1;1;XEUR;7938710;7058;
23.05.2025;00:19:46.604;FMGD SI 20250620 CS;SIMPLE_INSTRUMENT;EFP_IDX;USD;2;2885.90800000;9;EXCHANGE_LAST;;1;1;XEUR;8609351;583624;
23.05.2025;13:42:41.266;FMGO SI 20250620 CS;SIMPLE_INSTRUMENT;BLOCK;USD;44;5515.00000000;20;EXCHANGE_LAST;;1;1;XEUR;8609371;583623;
23.05.2025;02:40:48.188;FMHK SI 20250620 CS;SIMPLE_INSTRUMENT;BLOCK;USD;7;63899.61200000;22;EXCHANGE_LAST;;1;1;XEUR;7939458;45282;
23.05.2025;05:58:29.006;FMHK SI 20250620 CS;SIMPLE_INSTRUMENT;BLOCK;USD;10;63899.61200000;22;EXCHANGE_LAST;;1;1;XEUR;7939458;45282;
23.05.2025;07:49:00.802;FMHK SI 20250620 CS;SIMPLE_INSTRUMENT;BLOCK;USD;26;63730.00000000;24;EXCHANGE_LAST;;1;1;XEUR;7939458;45282;
23.05.2025;00:46:50.737;FMIN SI 20250620 CS;SIMPLE_INSTRUMENT;BLOCK;USD;3;1272.66700000;10;EXCHANGE_LAST;;1;1;XEUR;7938852;12404;
23.05.2025;02:50:18.155;FMIN SI 20250620 CS;SIMPLE_INSTRUMENT;BLOCK;USD;8;1272.67000000;435;EXCHANGE_LAST;;2;2;XEUR;7938852;12404;
23.05.2025;08:00:05.854;FMIN SI 20250620 CS;SIMPLE_INSTRUMENT;BLOCK;USD;27;1293.10000000;182;EXCHANGE_LAST;;1;1;XEUR;7938852;12404;
23.05.2025;08:43:25.709;FMIN SI 20250620 CS;SIMPLE_INSTRUMENT;BLOCK;USD;34;1292.00000000;566;EXCHANGE_LAST;;1;1;XEUR;7938852;12404;
23.05.2025;08:43:36.977;FMIN SI 20251219 CS;SIMPLE_INSTRUMENT;BLOCK;USD;35;1322.36200000;553;EXCHANGE_LAST;;1;1;XEUR;8837859;12404;
23.05.2025;01:06:21.527;FMJP SI 20250620 CS;SIMPLE_INSTRUMENT;BLOCK;USD;6;9237.19000000;3250;EXCHANGE_LAST;;1;1;XEUR;7937445;661;
23.05.2025;00:18:51.929;FMOG SI 20250620 CS;SIMPLE_INSTRUMENT;EFP_IDX;USD;1;12129.59900000;4;EXCHANGE_LAST;;1;1;XEUR;7939783;51877;
23.05.2025;04:29:47.126;FMPX SI 20250620 CS;SIMPLE_INSTRUMENT;BLOCK;USD;9;8690.56100000;51;EXCHANGE_LAST;;1;1;XEUR;7939465;45291;
23.05.2025;06:40:13.770;FMST SI 20250620 CS;SIMPLE_INSTRUMENT;BLOCK;CHF;2;4011.07000000;95;EXCHANGE_LAST;;1;1;XEUR;7940813;402908;
23.05.2025;06:49:24.594;FMST SI 20250620 CS;SIMPLE_INSTRUMENT;BLOCK;CHF;3;4011.06000000;95;EXCHANGE_LAST;;1;1;XEUR;7940813;402908;
23.05.2025;02:24:11.782;FMTW SI 20250620 CS;SIMPLE_INSTRUMENT;BLOCK;USD;1;848.24300000;872;EXCHANGE_LAST;;1;1;XEUR;7939790;51884;
23.05.2025;07:02:55.683;FMTW SI 20250620 CS;SIMPLE_INSTRUMENT;BLOCK;USD;4;848.00000000;1475;EXCHANGE_LAST;;1;1;XEUR;7939790;51884;
23.05.2025;07:02:57.958;FMTW SI 20250919 CS;SIMPLE_INSTRUMENT;BLOCK;USD;5;856.81900000;1460;EXCHANGE_LAST;;1;1;XEUR;8428623;51884;
23.05.2025;06:06:22.667;FMWN SI 20250620 CS;SIMPLE_INSTRUMENT;BLOCK;EUR;11;552.71000000;4192;EXCHANGE_LAST;;1;1;XEUR;7939177;30654;
23.05.2025;06:08:13.317;FMWO SI 20250620 CS;SIMPLE_INSTRUMENT;EFP_IDX;USD;12;12203.31000000;329;EXCHANGE_LAST;;1;1;XEUR;7938711;7059;
23.05.2025;06:45:57.066;FMWO SI 20250620 CS;SIMPLE_INSTRUMENT;EFP_IDX;USD;13;12209.12000000;24;EXCHANGE_LAST;;1;1;XEUR;7938711;7059;
23.05.2025;06:47:18.773;FMWO SI 20250620 CS;SIMPLE_INSTRUMENT;EFP_IDX;USD;15;12209.81000000;158;EXCHANGE_LAST;;1;1;XEUR;7938711;7059;
23.05.2025;07:02:41.425;FMWO SI 20250620 CS;SIMPLE_INSTRUMENT;BLOCK;USD;19;12209.31000000;1040;EXCHANGE_LAST;;1;1;XEUR;7938711;7059;
23.05.2025;07:17:02.093;FMWO SI 20250620 CS;SIMPLE_INSTRUMENT;EFP_IDX;USD;20;12208.81000000;24;EXCHANGE_LAST;;1;1;XEUR;7938711;7059;
23.05.2025;08:04:22.872;FMWO SI 20250620 CS;SIMPLE_INSTRUMENT;BLOCK;USD;28;12209.31000000;380;EXCHANGE_LAST;;1;1;XEUR;7938711;7059;
23.05.2025;09:45:51.684;FMXX SI 20250620 CS;SIMPLE_INSTRUMENT;BLOCK;USD;41;9525.00000000;1;EXCHANGE_LAST;;1;1;XEUR;9508223;674559;
23.05.2025;07:41:54.984;FOAT SI 20250606 PS;SIMPLE_INSTRUMENT;EFP_FIN;EUR;1;124.49000000;229;EXCHANGE_LAST;;1;1;XEUR;11820393;749;
23.05.2025;07:58:50.091;FOAT SI 20250606 PS;SIMPLE_INSTRUMENT;EFP_FIN;EUR;2;124.46000000;3940;EXCHANGE_LAST;;1;1;XEUR;11820393;749;
23.05.2025;08:12:40.874;FOAT SI 20250606 PS;SIMPLE_INSTRUMENT;EFP_FIN;EUR;3;124.46000000;3152;EXCHANGE_LAST;;1;1;XEUR;11820393;749;
23.05.2025;08:16:34.670;FOAT SI 20250606 PS;SIMPLE_INSTRUMENT;EFP_FIN;EUR;4;124.43000000;788;EXCHANGE_LAST;;1;1;XEUR;11820393;749;
23.05.2025;08:29:27.102;FOAT SI 20250606 PS;SIMPLE_INSTRUMENT;EFP_FIN;EUR;5;124.45000000;1969;EXCHANGE_LAST;;1;1;XEUR;11820393;749;
23.05.2025;08:34:05.930;FOAT SI 20250606 PS;SIMPLE_INSTRUMENT;EFP_FIN;EUR;6;124.38000000;432;EXCHANGE_LAST;;1;1;XEUR;11820393;749;
23.05.2025;08:57:18.867;FOAT SI 20250606 PS;SIMPLE_INSTRUMENT;EFP_FIN;EUR;7;124.34000000;260;EXCHANGE_LAST;;1;1;XEUR;11820393;749;
23.05.2025;09:00:29.503;FOAT SI 20250606 PS;SIMPLE_INSTRUMENT;EFP_FIN;EUR;8;124.36000000;69;EXCHANGE_LAST;;1;1;XEUR;11820393;749;
23.05.2025;09:17:39.425;FOAT SI 20250606 PS;SIMPLE_INSTRUMENT;EFP_FIN;EUR;9;124.35000000;172;EXCHANGE_LAST;;1;1;XEUR;11820393;749;
23.05.2025;09:23:21.149;FOAT SI 20250606 PS;SIMPLE_INSTRUMENT;EFP_FIN;EUR;10;124.36000000;694;EXCHANGE_LAST;;1;1;XEUR;11820393;749;
23.05.2025;09:33:27.980;FOAT SI 20250606 PS;SIMPLE_INSTRUMENT;EFP_FIN;EUR;11;124.36000000;210;EXCHANGE_LAST;;1;1;XEUR;11820393;749;
23.05.2025;09:36:33.805;FOAT SI 20250606 PS;SIMPLE_INSTRUMENT;EFP_FIN;EUR;12;124.32000000;81;EXCHANGE_LAST;;1;1;XEUR;11820393;749;
23.05.2025;09:48:11.148;FOAT SI 20250606 PS;SIMPLE_INSTRUMENT;EFP_FIN;EUR;13;124.37000000;438;EXCHANGE_LAST;;1;1;XEUR;11820393;749;
23.05.2025;09:53:54.532;FOAT SI 20250606 PS;SIMPLE_INSTRUMENT;EFP_FIN;EUR;14;124.32000000;240;EXCHANGE_LAST;;1;1;XEUR;11820393;749;
23.05.2025;10:28:55.120;FOAT SI 20250606 PS;SIMPLE_INSTRUMENT;BLOCK;EUR;15;124.27000000;2770;EXCHANGE_LAST;;1;1;XEUR;11820393;749;
23.05.2025;10:37:01.348;FOAT SI 20250606 PS;SIMPLE_INSTRUMENT;EFP_FIN;EUR;16;124.22000000;1970;EXCHANGE_LAST;;1;1;XEUR;11820393;749;
23.05.2025;10:48:06.911;FOAT SI 20250606 PS;SIMPLE_INSTRUMENT;EFP_FIN;EUR;17;124.26000000;787;EXCHANGE_LAST;;1;1;XEUR;11820393;749;
23.05.2025;10:55:17.313;FOAT SI 20250606 PS;SIMPLE_INSTRUMENT;EFP_FIN;EUR;18;124.28000000;260;EXCHANGE_LAST;;1;1;XEUR;11820393;749;
23.05.2025;10:57:01.964;FOAT SI 20250606 PS;SIMPLE_INSTRUMENT;EFP_FIN;EUR;19;124.24000000;788;EXCHANGE_LAST;;1;1;XEUR;11820393;749;
23.05.2025;11:04:09.226;FOAT SI 20250606 PS;SIMPLE_INSTRUMENT;EFP_FIN;EUR;20;124.27000000;1182;EXCHANGE_LAST;;1;1;XEUR;11820393;749;
23.05.2025;11:09:17.841;FOAT SI 20250606 PS;SIMPLE_INSTRUMENT;EFP_FIN;EUR;21;124.26000000;788;EXCHANGE_LAST;;1;1;XEUR;11820393;749;
23.05.2025;11:14:45.158;FOAT SI 20250606 PS;SIMPLE_INSTRUMENT;EFP_FIN;EUR;22;124.30000000;2363;EXCHANGE_LAST;;1;1;XEUR;11820393;749;
23.05.2025;11:16:35.474;FOAT SI 20250606 PS;SIMPLE_INSTRUMENT;EFP_FIN;EUR;23;124.29000000;1182;EXCHANGE_LAST;;1;1;XEUR;11820393;749;
23.05.2025;11:17:05.058;FOAT SI 20250606 PS;SIMPLE_INSTRUMENT;EFP_FIN;EUR;24;124.26000000;1631;EXCHANGE_LAST;;1;1;XEUR;11820393;749;
23.05.2025;11:32:34.799;FOAT SI 20250606 PS;SIMPLE_INSTRUMENT;EFP_FIN;EUR;25;124.27000000;394;EXCHANGE_LAST;;1;1;XEUR;11820393;749;
23.05.2025;12:04:29.595;FOAT SI 20250606 PS;SIMPLE_INSTRUMENT;EFP_FIN;EUR;26;124.70000000;236;EXCHANGE_LAST;;1;1;XEUR;11820393;749;
23.05.2025;12:14:28.872;FOAT SI 20250606 PS;SIMPLE_INSTRUMENT;EFP_FIN;EUR;27;124.25000000;2364;EXCHANGE_LAST;;1;1;XEUR;11820393;749;
23.05.2025;12:14:45.154;FOAT SI 20250606 PS;SIMPLE_INSTRUMENT;EFP_FIN;EUR;28;124.26000000;1182;EXCHANGE_LAST;;1;1;XEUR;11820393;749;
23.05.2025;12:17:57.854;FOAT SI 20250606 PS;SIMPLE_INSTRUMENT;EFP_FIN;EUR;29;124.96000000;796;EXCHANGE_LAST;;1;1;XEUR;11820393;749;
23.05.2025;12:32:28.744;FOAT SI 20250606 PS;SIMPLE_INSTRUMENT;EFP_FIN;EUR;30;124.75000000;218;EXCHANGE_LAST;;1;1;XEUR;11820393;749;
23.05.2025;12:50:51.764;FOAT SI 20250606 PS;SIMPLE_INSTRUMENT;EFP_FIN;EUR;31;124.27000000;61;EXCHANGE_LAST;;1;1;XEUR;11820393;749;
23.05.2025;13:08:44.086;FOAT SI 20250606 PS;SIMPLE_INSTRUMENT;EFP_FIN;EUR;32;124.80000000;155;EXCHANGE_LAST;;1;1;XEUR;11820393;749;
23.05.2025;13:17:10.780;FOAT SI 20250606 PS;SIMPLE_INSTRUMENT;EFP_FIN;EUR;33;124.88000000;788;EXCHANGE_LAST;;1;1;XEUR;11820393;749;
23.05.2025;13:20:44.301;FOAT SI 20250606 PS;SIMPLE_INSTRUMENT;EFP_FIN;EUR;34;124.98000000;788;EXCHANGE_LAST;;1;1;XEUR;11820393;749;
23.05.2025;13:28:59.890;FOAT SI 20250606 PS;SIMPLE_INSTRUMENT;EFP_FIN;EUR;35;124.84000000;194;EXCHANGE_LAST;;1;1;XEUR;11820393;749;
23.05.2025;13:33:28.592;FOAT SI 20250606 PS;SIMPLE_INSTRUMENT;BLOCK;EUR;36;124.93000000;983;EXCHANGE_LAST;;1;1;XEUR;11820393;749;
23.05.2025;13:55:13.397;FOAT SI 20250606 PS;SIMPLE_INSTRUMENT;EFS;EUR;37;124.82000000;250;EXCHANGE_LAST;;1;1;XEUR;11820393;749;
23.05.2025;13:58:12.331;FOAT SI 20250606 PS;SIMPLE_INSTRUMENT;EFP_FIN;EUR;38;124.94000000;788;EXCHANGE_LAST;;1;1;XEUR;11820393;749;
23.05.2025;13:58:32.724;FOAT SI 20250606 PS;SIMPLE_INSTRUMENT;EFP_FIN;EUR;39;124.94000000;788;EXCHANGE_LAST;;1;1;XEUR;11820393;749;
23.05.2025;14:04:16.077;FOAT SI 20250606 PS;SIMPLE_INSTRUMENT;EFP_FIN;EUR;40;124.82000000;788;EXCHANGE_LAST;;1;1;XEUR;11820393;749;
23.05.2025;14:17:23.028;FOAT SI 20250606 PS;SIMPLE_INSTRUMENT;EFP_FIN;EUR;41;124.84000000;1576;EXCHANGE_LAST;;1;1;XEUR;11820393;749;
23.05.2025;14:26:56.517;FOAT SI 20250606 PS;SIMPLE_INSTRUMENT;EFP_FIN;EUR;42;124.82000000;1576;EXCHANGE_LAST;;1;1;XEUR;11820393;749;
23.05.2025;14:26:56.517;FOAT SI 20250606 PS;SIMPLE_INSTRUMENT;EFP_FIN;EUR;43;124.82000000;788;EXCHANGE_LAST;;1;1;XEUR;11820393;749;
23.05.2025;14:52:42.570;FOAT SI 20250606 PS;SIMPLE_INSTRUMENT;BLOCK;EUR;44;124.71000000;583;EXCHANGE_LAST;;1;1;XEUR;11820393;749;
23.05.2025;14:59:56.227;FOAT SI 20250606 PS;SIMPLE_INSTRUMENT;EFP_FIN;EUR;45;124.86000000;76;EXCHANGE_LAST;;1;1;XEUR;11820393;749;
23.05.2025;15:20:05.383;FOAT SI 20250606 PS;SIMPLE_INSTRUMENT;EFP_FIN;EUR;46;124.74000000;236;EXCHANGE_LAST;;1;1;XEUR;11820393;749;
23.05.2025;15:21:07.546;FOAT SI 20250606 PS;SIMPLE_INSTRUMENT;EFP_FIN;EUR;47;124.81000000;235;EXCHANGE_LAST;;1;1;XEUR;11820393;749;
23.05.2025;15:22:08.612;FOAT SI 20250606 PS;SIMPLE_INSTRUMENT;EFP_FIN;EUR;48;124.74000000;86;EXCHANGE_LAST;;1;1;XEUR;11820393;749;
23.05.2025;15:24:27.598;FOAT SI 20250606 PS;SIMPLE_INSTRUMENT;EFP_FIN;EUR;49;124.74000000;761;EXCHANGE_LAST;;1;1;XEUR;11820393;749;
23.05.2025;15:58:38.758;FOAT SI 20250606 PS;SIMPLE_INSTRUMENT;EFP_FIN;EUR;50;124.70000000;302;EXCHANGE_LAST;;1;1;XEUR;11820393;749;
23.05.2025;16:09:12.091;FOAT SI 20250606 PS;SIMPLE_INSTRUMENT;EFS;EUR;51;124.78000000;870;EXCHANGE_LAST;;1;1;XEUR;11820393;749;
23.05.2025;15:54:50.244;FSEG SI 20250620 CS;SIMPLE_INSTRUMENT;EFP_IDX;EUR;47;200.80000000;30;EXCHANGE_LAST;;1;1;XEUR;11913120;109977;
23.05.2025;15:58:23.389;FSEG SI 20250620 CS;SIMPLE_INSTRUMENT;EFP_IDX;EUR;50;200.70000000;58;EXCHANGE_LAST;;1;1;XEUR;11913120;109977;
23.05.2025;15:58:39.417;FSEG SI 20250620 CS;SIMPLE_INSTRUMENT;EFP_IDX;EUR;51;200.80000000;137;EXCHANGE_LAST;;1;1;XEUR;11913120;109977;
23.05.2025;12:02:44.555;FSMI SI 20250620 CS;SIMPLE_INSTRUMENT;BLOCK;CHF;1;12081.00000000;1000;EXCHANGE_LAST;;1;1;XEUR;7904351;757;
23.05.2025;15:41:59.061;FSMI SI 20250620 CS;SIMPLE_INSTRUMENT;EFP_IDX;CHF;2;12197.00000000;62;EXCHANGE_LAST;;1;1;XEUR;7904351;757;
23.05.2025;15:45:01.655;FSMI SI 20250620 CS;SIMPLE_INSTRUMENT;EFP_IDX;CHF;3;12196.00000000;28;EXCHANGE_LAST;;1;1;XEUR;7904351;757;
23.05.2025;15:44:50.053;FSMI SI 20250620 CS;SIMPLE_INSTRUMENT;EFP_IDX;CHF;4;12201.00000000;164;EXCHANGE_LAST;;1;1;XEUR;7904351;757;
23.05.2025;15:45:09.982;FSMI SI 20250620 CS;SIMPLE_INSTRUMENT;EFP_IDX;CHF;5;12202.00000000;365;EXCHANGE_LAST;;1;1;XEUR;7904351;757;
23.05.2025;14:43:03.370;FSMI SI 20250620 CS;SIMPLE_INSTRUMENT;VOLA;CHF;603979815;12170.00000000;51;EXCHANGE_LAST;;1;1;XEUR;7904351;757;
23.05.2025;15:12:56.572;FSMI SI 20250620 CS;SIMPLE_INSTRUMENT;VOLA;CHF;603979819;12195.00000000;194;EXCHANGE_LAST;;1;1;XEUR;7904351;757;
23.05.2025;15:59:55.553;FSMX SI 20250620 CS;SIMPLE_INSTRUMENT;EFP_IDX;EUR;52;29970.00000000;98;EXCHANGE_LAST;;1;1;XEUR;11923155;396422;
23.05.2025;16:00:06.284;FSMX SI 20250620 CS;SIMPLE_INSTRUMENT;EFP_IDX;EUR;53;29965.00000000;82;EXCHANGE_LAST;;1;1;XEUR;11923155;396422;
23.05.2025;15:41:23.882;FSTA SI 20250620 CS;SIMPLE_INSTRUMENT;BLOCK;EUR;2;530.70000000;600;EXCHANGE_LAST;;1;1;XEUR;11881326;715;
23.05.2025;15:41:09.881;FSTA SI 20250620 CS;SIMPLE_INSTRUMENT;BLOCK;EUR;3;530.50000000;400;EXCHANGE_LAST;;1;1;XEUR;11881326;715;
23.05.2025;15:51:55.940;FSTA SI 20250620 CS;SIMPLE_INSTRUMENT;EFP_IDX;EUR;6;530.40000000;443;EXCHANGE_LAST;;1;1;XEUR;11881326;715;
23.05.2025;15:52:22.935;FSTA SI 20250620 CS;SIMPLE_INSTRUMENT;EFP_IDX;EUR;7;530.60000000;322;EXCHANGE_LAST;;1;1;XEUR;11881326;715;
23.05.2025;15:52:57.461;FSTA SI 20250620 CS;SIMPLE_INSTRUMENT;EFP_IDX;EUR;8;530.80000000;753;EXCHANGE_LAST;;1;1;XEUR;11881326;715;
23.05.2025;15:53:22.261;FSTA SI 20250620 CS;SIMPLE_INSTRUMENT;EFP_IDX;EUR;9;531.00000000;556;EXCHANGE_LAST;;1;1;XEUR;11881326;715;
23.05.2025;15:49:26.349;FSTB SI 20250620 CS;SIMPLE_INSTRUMENT;EFP_IDX;EUR;48;273.60000000;452;EXCHANGE_LAST;;1;1;XEUR;11881325;714;
23.05.2025;15:49:52.652;FSTB SI 20250620 CS;SIMPLE_INSTRUMENT;EFP_IDX;EUR;49;273.70000000;106;EXCHANGE_LAST;;1;1;XEUR;11881325;714;
23.05.2025;09:55:11.887;FSTL SI 20250620 CS;SIMPLE_INSTRUMENT;EFP_IDX;EUR;10;129.80000000;392;EXCHANGE_LAST;;1;1;XEUR;11881317;706;
23.05.2025;09:55:20.200;FSTL SI 20250620 CS;SIMPLE_INSTRUMENT;EFP_IDX;EUR;11;129.90000000;480;EXCHANGE_LAST;;1;1;XEUR;11881317;706;
23.05.2025;15:41:39.396;FSTN SI 20250620 CS;SIMPLE_INSTRUMENT;EFP_IDX;EUR;45;803.60000000;14;EXCHANGE_LAST;;1;1;XEUR;11881318;704;
23.05.2025;15:41:55.545;FSTN SI 20250620 CS;SIMPLE_INSTRUMENT;EFP_IDX;EUR;46;803.50000000;120;EXCHANGE_LAST;;1;1;XEUR;11881318;704;
23.05.2025;08:56:03.697;FSTS SI 20250620 CS;SIMPLE_INSTRUMENT;VOLA;EUR;603979781;496.00000000;63;EXCHANGE_LAST;;1;1;XEUR;11881321;709;
23.05.2025;15:40:09.746;FSTZ SI 20250620 CS;SIMPLE_INSTRUMENT;EFP_IDX;EUR;1;1012.30000000;25;EXCHANGE_LAST;;1;1;XEUR;11881336;734;
23.05.2025;15:42:51.583;FSTZ SI 20250620 CS;SIMPLE_INSTRUMENT;EFP_IDX;EUR;5;1012.20000000;225;EXCHANGE_LAST;;1;1;XEUR;11881336;734;
23.05.2025;15:09:17.445;FVS SI 20250618 CS;SIMPLE_INSTRUMENT;VOLA;EUR;301989905;20.40000000;20;EXCHANGE_LAST;;1;1;XEUR;12059407;821;
23.05.2025;15:41:13.131;FXXP SI 20250620 CS;SIMPLE_INSTRUMENT;BLOCK;EUR;46;544.90000000;460;EXCHANGE_LAST;;1;1;XEUR;7904812;816;
23.05.2025;15:43:41.831;FXXP SI 20250620 CS;SIMPLE_INSTRUMENT;EFP_IDX;EUR;49;544.90000000;189;EXCHANGE_LAST;;1;1;XEUR;7904812;816;
23.05.2025;15:43:41.831;FXXP SI 20250620 CS;SIMPLE_INSTRUMENT;EFP_IDX;EUR;50;545.00000000;440;EXCHANGE_LAST;;1;1;XEUR;7904812;816;
23.05.2025;15:45:03.836;FXXP SI 20250620 CS;SIMPLE_INSTRUMENT;EFP_IDX;EUR;51;545.00000000;408;EXCHANGE_LAST;;1;1;XEUR;7904812;816;
23.05.2025;15:45:20.831;FXXP SI 20250620 CS;SIMPLE_INSTRUMENT;EFP_IDX;EUR;52;544.90000000;136;EXCHANGE_LAST;;1;1;XEUR;7904812;816;
23.05.2025;15:49:30.568;FXXP SI 20250620 CS;SIMPLE_INSTRUMENT;EFP_IDX;EUR;53;545.00000000;102;EXCHANGE_LAST;;1;1;XEUR;7904812;816;
23.05.2025;15:49:48.256;FXXP SI 20250620 CS;SIMPLE_INSTRUMENT;EFP_IDX;EUR;54;544.90000000;26;EXCHANGE_LAST;;1;1;XEUR;7904812;816;
23.05.2025;15:54:21.510;FXXP SI 20250620 CS;SIMPLE_INSTRUMENT;BLOCK;EUR;55;544.90000000;2403;EXCHANGE_LAST;;1;1;XEUR;7904812;816;
23.05.2025;15:54:47.381;FXXP SI 20250620 CS;SIMPLE_INSTRUMENT;BLOCK;EUR;56;545.00000000;21626;EXCHANGE_LAST;;1;1;XEUR;7904812;816;
23.05.2025;15:55:37.438;FXXP SI 20250620 CS;SIMPLE_INSTRUMENT;EFP_IDX;EUR;57;545.00000000;694;EXCHANGE_LAST;;1;1;XEUR;7904812;816;
23.05.2025;15:55:51.213;FXXP SI 20250620 CS;SIMPLE_INSTRUMENT;EFP_IDX;EUR;58;544.90000000;3645;EXCHANGE_LAST;;1;1;XEUR;7904812;816;
23.05.2025;10:02:48.898;G3ZF SI 20251219 CS;SIMPLE_INSTRUMENT;BLOCK;EUR;14;1.51500000;500;EXCHANGE_LAST;;1;2;XEUR;5914677;144760;
23.05.2025;13:00:37.021;G3ZF SI 20251219 CS;SIMPLE_INSTRUMENT;BLOCK;EUR;48;1.53000000;550;EXCHANGE_LAST;;1;1;XEUR;5914677;144760;
23.05.2025;13:17:18.126;G3ZF SI 20251219 CS;SIMPLE_INSTRUMENT;BLOCK;EUR;53;1.52000000;350;EXCHANGE_LAST;;1;1;XEUR;5914677;144760;
23.05.2025;11:55:17.369;HAG SI 20260619 PS AM P 68.00 0;SIMPLE_INSTRUMENT;BLOCK;EUR;11;10.25000000;250;EXCHANGE_LAST;;1;1;XEUR;10960556;791700;
23.05.2025;14:32:06.375;HEI SI 20250620 PS AM C 185.00 0;SIMPLE_INSTRUMENT;BLOCK;EUR;7;5.30000000;500;EXCHANGE_LAST;;1;1;XEUR;12934714;839;
23.05.2025;14:33:32.410;HEI SI 20250620 PS AM C 200.00 0;SIMPLE_INSTRUMENT;BLOCK;EUR;8;1.63000000;500;EXCHANGE_LAST;;1;1;XEUR;10752046;839;
23.05.2025;14:34:19.582;HEI SI 20250620 PS AM P 165.00 0;SIMPLE_INSTRUMENT;BLOCK;EUR;9;3.12000000;500;EXCHANGE_LAST;;1;1;XEUR;12934710;839;
23.05.2025;10:46:19.236;HEN3 SI 20250620 PS AM P 70.00 0;SIMPLE_INSTRUMENT;BLOCK;EUR;8;1.32000000;250;EXCHANGE_LAST;;1;1;XEUR;13006779;841;
23.05.2025;08:28:20.507;HOLN SI 20260320 PS AM P 92.00 0;SIMPLE_INSTRUMENT;BLOCK;CHF;5;6.44000000;500;EXCHANGE_LAST;;1;1;XEUR;13008362;943;
23.05.2025;09:09:49.808;HOLN SI 20260320 PS AM P 80.00 0;SIMPLE_INSTRUMENT;BLOCK;CHF;21;2.60000000;500;EXCHANGE_LAST;;1;1;XEUR;13008356;943;
23.05.2025;12:30:45.287;HOLN SI 20250620 PS AM P 91.00 0;SIMPLE_INSTRUMENT;BLOCK;CHF;48;1.40000000;510;EXCHANGE_LAST;;1;1;XEUR;13008296;943;
23.05.2025;13:33:19.548;HOLN SI 20250718 PS AM C 100.00 0;SIMPLE_INSTRUMENT;BLOCK;CHF;57;1.14000000;500;EXCHANGE_LAST;;1;1;XEUR;13296904;943;
23.05.2025;13:33:19.570;HOLN SI 20250718 PS AM P 90.00 0;SIMPLE_INSTRUMENT;BLOCK;CHF;58;2.36000000;500;EXCHANGE_LAST;;1;1;XEUR;13245302;943;
23.05.2025;13:39:02.356;HOLN SI 20250620 PS AM P 91.00 0;SIMPLE_INSTRUMENT;BLOCK;CHF;59;1.60000000;612;EXCHANGE_LAST;;1;1;XEUR;13008296;943;
23.05.2025;10:30:59.077;I2TK SI 20251219 CS;SIMPLE_INSTRUMENT;BLOCK;EUR;20;1.00000000;123;EXCHANGE_LAST;;1;1;XEUR;5914754;919;
23.05.2025;13:43:00.175;IES5.O.250523.BER.000002;STANDARD_OPTION_STRATEGY;BLOCK;EUR;7;0.21500000;2000;EXCHANGE_LAST;;1;1;XEUR;72061459508503904;900;
23.05.2025;13:43:00.175;IES5 SI 20251218 PS AM P 4.40 0;SIMPLE_INSTRUMENT;BLOCK;EUR;7;0.26850000;2000;PRC_DECOMP_EXCHANGE;;;;XEUR;12421874;900;EXCHANGE
23.05.2025;13:43:00.175;IES5 SI 20251218 PS AM P 3.20 0;SIMPLE_INSTRUMENT;BLOCK;EUR;7;0.05350000;2000;PRC_DECOMP_EXCHANGE;;;;XEUR;5912465;900;EXCHANGE
23.05.2025;08:27:55.050;IESI SI 20250619 CS;SIMPLE_INSTRUMENT;BLOCK;EUR;5;4.92850000;3000;EXCHANGE_LAST;;1;1;XEUR;11162717;901;
23.05.2025;10:32:25.649;IESI SI 20250619 CS;SIMPLE_INSTRUMENT;BLOCK;EUR;17;4.90850000;3000;EXCHANGE_LAST;;1;1;XEUR;11162717;901;
23.05.2025;10:31:01.961;IESI SI 20250619 CS;SIMPLE_INSTRUMENT;BLOCK;EUR;18;4.90850000;1000;EXCHANGE_LAST;;1;1;XEUR;11162717;901;
