#Date;TrdTime;Contract;ContractType;TrdTyp;Currency;TesId;Prc;Qty;TrdInd;Aggressor;Buy;Sell;Exch;InstrumentId;RelatedProdId;PrcDecomp
20.05.2025;16:15:14.192;A2SM SI 20281215 CS;SIMPLE_INSTRUMENT;BLOCK;EUR;83;10.20000000;50;EXCHANGE_LAST;;2;1;XEUR;9910348;15;
20.05.2025;09:32:43.713;A2XA SI 20261218 CS;SIMPLE_INSTRUMENT;BLOCK;EUR;9;2.31000000;500;EXCHANGE_LAST;;1;1;XEUR;4632093;17;
20.05.2025;13:47:35.919;ACR.O.250520.STG.000002;STANDARD_OPTION_STRATEGY;BLOCK;EUR;13;7.25000000;1000;EXCHANGE_LAST;;1;1;XEUR;72057778721527399;43;
20.05.2025;13:47:35.919;ACR SI 20260320 PS AM P 46.00 0;SIMPLE_INSTRUMENT;BLOCK;EUR;13;3.96000000;1000;PRC_DECOMP_EXCHANGE;;;;XEUR;12994412;43;EXCHANGE
20.05.2025;13:47:35.919;ACR SI 20260320 PS AM C 50.00 0;SIMPLE_INSTRUMENT;BLOCK;EUR;13;3.29000000;1000;PRC_DECOMP_EXCHANGE;;;;XEUR;12994400;43;EXCHANGE
20.05.2025;14:11:46.680;ADEN SI 20250620 PS AM P 24.00 0;SIMPLE_INSTRUMENT;BLOCK;CHF;37;0.92000000;1000;EXCHANGE_LAST;;1;1;XEUR;7897564;44;
20.05.2025;07:52:44.087;ADS.O.250520.STG.000001;STANDARD_OPTION_STRATEGY;BLOCK;EUR;1;10.90000000;250;EXCHANGE_LAST;;1;1;XEUR;72057808786333902;50;
20.05.2025;07:52:44.087;ADS SI 20250919 PS AM C 240.00 0;SIMPLE_INSTRUMENT;BLOCK;EUR;1;6.21000000;250;PRC_DECOMP_EXCHANGE;;;;XEUR;11870838;50;EXCHANGE
20.05.2025;07:52:44.087;ADS SI 20250919 PS AM P 190.00 0;SIMPLE_INSTRUMENT;BLOCK;EUR;1;4.69000000;250;PRC_DECOMP_EXCHANGE;;;;XEUR;11870818;50;EXCHANGE
20.05.2025;15:36:21.395;ADS SI 20250815 PS AM P 200.00 0;SIMPLE_INSTRUMENT;BLOCK;EUR;14;4.60000000;500;EXCHANGE_LAST;;1;1;XEUR;13403179;50;
20.05.2025;15:52:40.378;ADS SI 20250620 PS AM P 210.00 0;SIMPLE_INSTRUMENT;BLOCK;EUR;16;2.70000000;500;EXCHANGE_LAST;;2;1;XEUR;12994364;50;
20.05.2025;07:31:36.481;ALC SI 20270618 PS AM P 60.00 0;SIMPLE_INSTRUMENT;BLOCK;CHF;1;4.03000000;400;EXCHANGE_LAST;;1;1;XEUR;11394706;130134;
20.05.2025;14:57:35.806;ALC SI 20260320 PS AM P 72.00 0;SIMPLE_INSTRUMENT;BLOCK;CHF;43;4.95000000;750;EXCHANGE_LAST;;1;1;XEUR;13038314;130134;
20.05.2025;10:14:59.766;ALV.O.250520.BRT.000008;STANDARD_OPTION_STRATEGY;BLOCK;EUR;3;21.00000000;500;EXCHANGE_LAST;;1;1;XEUR;72057911865571756;74;
20.05.2025;10:14:59.766;ALV SI 20260619 PS AM P 340.00 0;SIMPLE_INSTRUMENT;BLOCK;EUR;3;25.27000000;500;PRC_DECOMP_EXCHANGE;;;;XEUR;12604567;74;EXCHANGE
20.05.2025;10:14:59.766;ALV SI 20250620 PS AM P 340.00 0;SIMPLE_INSTRUMENT;BLOCK;EUR;3;4.27000000;500;PRC_DECOMP_EXCHANGE;;;;XEUR;11349414;74;EXCHANGE
20.05.2025;14:39:27.527;ALVG SI 20250620 CS;SIMPLE_INSTRUMENT;BLOCK;EUR;64;348.45000000;700;EXCHANGE_LAST;;1;2;XEUR;11168195;85;
20.05.2025;09:37:51.714;ANN SI 20250620 PS AM C 30.00 0;SIMPLE_INSTRUMENT;BLOCK;EUR;8;0.37000000;1000;EXCHANGE_LAST;;1;1;XEUR;9466244;45202;
20.05.2025;11:06:33.430;ANN.O.250520.PDIA.000009;STANDARD_OPTION_STRATEGY;BLOCK;EUR;15;0.31000000;15000;EXCHANGE_LAST;;2;1;XEUR;72251735149671544;45202;
20.05.2025;11:06:33.430;ANN SI 20260320 PS AM P 22.00 0;SIMPLE_INSTRUMENT;BLOCK;EUR;15;0.75000000;15000;PRC_DECOMP_EXCHANGE;;;;XEUR;13030933;45202;EXCHANGE
20.05.2025;11:06:33.430;ANN SI 20261218 PS AM P 20.00 0;SIMPLE_INSTRUMENT;BLOCK;EUR;15;1.06000000;15000;PRC_DECOMP_EXCHANGE;;;;XEUR;7758061;45202;EXCHANGE
20.05.2025;12:01:14.769;ASG5.O.250520.CNV.000001;STANDARD_OPTION_STRATEGY;BLOCK;EUR;12;5.44500000;18500;EXCHANGE_LAST;;1;1;XEUR;72058062189369570;109;
20.05.2025;12:01:14.769;ASG5 SI 20250619 PS AM P 28.00 0;SIMPLE_INSTRUMENT;BLOCK;EUR;12;0.15450000;18500;PRC_DECOMP_EXCHANGE;;;;XEUR;8191862;109;EXCHANGE
20.05.2025;12:01:14.769;ASG5 SI 20250619 PS AM C 28.00 0;SIMPLE_INSTRUMENT;BLOCK;EUR;12;5.59950000;18500;PRC_DECOMP_EXCHANGE;;;;XEUR;8191863;109;EXCHANGE
20.05.2025;12:49:44.391;ASG5.O.250520.CNV.000002;STANDARD_OPTION_STRATEGY;BLOCK;EUR;16;5.57000000;10000;EXCHANGE_LAST;;1;1;XEUR;72058062189369571;109;
20.05.2025;12:49:44.391;ASG5 SI 20250717 PS AM C 28.00 0;SIMPLE_INSTRUMENT;BLOCK;EUR;16;5.77800000;10000;PRC_DECOMP_EXCHANGE;;;;XEUR;13235381;109;EXCHANGE
20.05.2025;12:49:44.391;ASG5 SI 20250717 PS AM P 28.00 0;SIMPLE_INSTRUMENT;BLOCK;EUR;16;0.20800000;10000;PRC_DECOMP_EXCHANGE;;;;XEUR;13235384;109;EXCHANGE
20.05.2025;12:56:46.997;ASG5.O.250520.CNV.000001;STANDARD_OPTION_STRATEGY;BLOCK;EUR;17;5.44500000;15000;EXCHANGE_LAST;;1;1;XEUR;72058062189369570;109;
20.05.2025;12:56:46.997;ASG5 SI 20250619 PS AM P 28.00 0;SIMPLE_INSTRUMENT;BLOCK;EUR;17;0.15450000;15000;PRC_DECOMP_MEMBER;;;;XEUR;8191862;109;MEMBER
20.05.2025;12:56:46.997;ASG5 SI 20250619 PS AM C 28.00 0;SIMPLE_INSTRUMENT;BLOCK;EUR;17;5.59950000;15000;PRC_DECOMP_MEMBER;;;;XEUR;8191863;109;MEMBER
20.05.2025;07:59:50.283;ASM SI 20250919 PS AM P 640.00 0;SIMPLE_INSTRUMENT;BLOCK;EUR;2;41.05000000;150;EXCHANGE_LAST;;1;1;XEUR;11872160;107;
20.05.2025;11:52:13.802;ASM SI 20281215 PS AM P 640.00 0;SIMPLE_INSTRUMENT;BLOCK;EUR;11;145.50000000;100;EXCHANGE_LAST;;1;1;XEUR;10395742;107;
20.05.2025;11:21:17.410;ASMH SI 20250620 CS;SIMPLE_INSTRUMENT;BLOCK;EUR;22;664.34500000;350;EXCHANGE_LAST;;1;1;XEUR;11191365;3979;
20.05.2025;07:30:15.099;BAS SI 20250530 PS AM C 46.00 0;SIMPLE_INSTRUMENT;BLOCK;EUR;1;0.20000000;3896;EXCHANGE_LAST;;1;1;XEUR;13235903;150;
20.05.2025;09:29:34.011;BAS SI 20250718 PS AM P 39.00 0;SIMPLE_INSTRUMENT;BLOCK;EUR;2;0.56000000;6000;EXCHANGE_LAST;;1;1;XEUR;13235875;150;
20.05.2025;09:31:31.117;BAS SI 20250718 PS AM P 41.00 0;SIMPLE_INSTRUMENT;BLOCK;EUR;3;1.06000000;750;EXCHANGE_LAST;;1;1;XEUR;13235866;150;
20.05.2025;09:31:27.365;BAS SI 20250718 PS AM P 41.00 0;SIMPLE_INSTRUMENT;BLOCK;EUR;4;1.07000000;2250;EXCHANGE_LAST;;1;1;XEUR;13235866;150;
20.05.2025;09:38:41.760;BAS SI 20250620 PS AM C 44.00 0;SIMPLE_INSTRUMENT;BLOCK;EUR;5;0.92000000;1000;EXCHANGE_LAST;;1;1;XEUR;7899118;150;
20.05.2025;10:23:52.903;BAS SI 20250718 PS AM C 47.50 0;SIMPLE_INSTRUMENT;BLOCK;EUR;6;0.50000000;5000;EXCHANGE_LAST;;1;1;XEUR;13296505;150;
20.05.2025;10:24:14.655;BAS SI 20250718 PS AM C 48.50 0;SIMPLE_INSTRUMENT;BLOCK;EUR;7;0.35000000;2500;EXCHANGE_LAST;;1;1;XEUR;13305197;150;
20.05.2025;10:24:03.369;BAS SI 20250718 PS AM C 48.50 0;SIMPLE_INSTRUMENT;BLOCK;EUR;8;0.34000000;2500;EXCHANGE_LAST;;1;1;XEUR;13305197;150;
20.05.2025;11:41:44.840;BAS SI 20250718 PS AM P 39.00 0;SIMPLE_INSTRUMENT;BLOCK;EUR;10;0.52000000;2000;EXCHANGE_LAST;;1;1;XEUR;13235875;150;
20.05.2025;10:08:18.733;BMW SI 20261218 PS AM P 60.00 0;SIMPLE_INSTRUMENT;BLOCK;EUR;7;4.63000000;1500;EXCHANGE_LAST;;1;1;XEUR;7154298;210;
20.05.2025;15:03:35.472;BMW SI 20250620 PS AM C 92.00 0;SIMPLE_INSTRUMENT;BLOCK;EUR;19;0.15000000;1400;EXCHANGE_LAST;;2;1;XEUR;7899914;210;
20.05.2025;15:09:09.213;BMW SI 20250620 PS AM C 92.00 0;SIMPLE_INSTRUMENT;BLOCK;EUR;21;0.15000000;500;EXCHANGE_LAST;;1;1;XEUR;7899914;210;
20.05.2025;15:21:02.155;BNPE SI 20250620 PS EU C 74.00 0;SIMPLE_INSTRUMENT;BLOCK;EUR;30;4.75000000;3000;EXCHANGE_LAST;;1;1;XEUR;13043651;298527;
20.05.2025;15:21:04.980;BNPE SI 20250620 PS EU P 74.00 0;SIMPLE_INSTRUMENT;BLOCK;EUR;31;0.76000000;2400;EXCHANGE_LAST;;1;1;XEUR;13043656;298527;
20.05.2025;15:21:05.123;BNPE SI 20250620 PS EU P 74.00 0;SIMPLE_INSTRUMENT;BLOCK;EUR;32;0.79000000;600;EXCHANGE_LAST;;1;1;XEUR;13043656;298527;
20.05.2025;15:04:56.925;BSN SI 20251219 PS AM P 76.00 0;SIMPLE_INSTRUMENT;BLOCK;EUR;26;3.87000000;1200;EXCHANGE_LAST;;1;3;XEUR;12435920;241;
20.05.2025;08:34:34.315;C4RI SI 20251219 CS;SIMPLE_INSTRUMENT;BLOCK;EUR;3;2.84000000;100;EXCHANGE_LAST;;1;1;XEUR;5914459;50862;
20.05.2025;08:44:20.384;C4RI SI 20261218 CS;SIMPLE_INSTRUMENT;BLOCK;EUR;5;3.00500000;400;EXCHANGE_LAST;;1;1;XEUR;6821680;50862;
20.05.2025;09:59:41.875;C4RI SI 20261218 CS;SIMPLE_INSTRUMENT;BLOCK;EUR;12;3.00500000;100;EXCHANGE_LAST;;1;1;XEUR;6821680;50862;
20.05.2025;14:01:33.260;CAR.O.250520.STG.000001;STANDARD_OPTION_STRATEGY;BLOCK;EUR;14;1.40000000;4125;EXCHANGE_LAST;;1;1;XEUR;72058732204277721;265;
20.05.2025;14:01:33.260;CAR SI 20260320 PS AM C 15.00 0;SIMPLE_INSTRUMENT;BLOCK;EUR;14;0.70000000;4125;PRC_DECOMP_MEMBER;;;;XEUR;12999716;265;MEMBER
20.05.2025;14:01:33.260;CAR SI 20260320 PS AM P 13.00 0;SIMPLE_INSTRUMENT;BLOCK;EUR;14;0.70000000;4125;PRC_DECOMP_MEMBER;;;;XEUR;12999485;265;MEMBER
20.05.2025;14:01:43.243;CAR.O.250520.STG.000001;STANDARD_OPTION_STRATEGY;BLOCK;EUR;15;1.42000000;3375;EXCHANGE_LAST;;1;1;XEUR;72058732204277721;265;
20.05.2025;14:01:43.243;CAR SI 20260320 PS AM P 13.00 0;SIMPLE_INSTRUMENT;BLOCK;EUR;15;0.72000000;3375;PRC_DECOMP_MEMBER;;;;XEUR;12999485;265;MEMBER
20.05.2025;14:01:43.243;CAR SI 20260320 PS AM C 15.00 0;SIMPLE_INSTRUMENT;BLOCK;EUR;15;0.70000000;3375;PRC_DECOMP_MEMBER;;;;XEUR;12999716;265;MEMBER
20.05.2025;08:00:27.914;CBK SI 20271217 PS AM C 19.00 0;SIMPLE_INSTRUMENT;BLOCK;EUR;2;9.72000000;4000;EXCHANGE_LAST;;1;1;XEUR;12771068;268;
20.05.2025;09:43:34.457;CBK SI 20271217 PS AM C 20.00 0;SIMPLE_INSTRUMENT;BLOCK;EUR;4;8.90000000;1500;EXCHANGE_LAST;;1;1;XEUR;9040224;268;
20.05.2025;10:11:12.746;CBKH SI 20250620 CS;SIMPLE_INSTRUMENT;BLOCK;EUR;13;25.53000000;15000;EXCHANGE_LAST;;1;1;XEUR;11192082;10390;
20.05.2025;14:59:34.645;CBKH SI 20250919 CS;SIMPLE_INSTRUMENT;BLOCK;EUR;72;25.97000000;25000;EXCHANGE_LAST;;1;1;XEUR;11722374;10390;
20.05.2025;12:41:06.361;CNAF SI 20250919 CS;SIMPLE_INSTRUMENT;BLOCK;GBX;38;157.25000000;996;EXCHANGE_LAST;;1;1;XEUR;11702738;342;
20.05.2025;15:54:07.702;CR5J SI 20250619 CS;SIMPLE_INSTRUMENT;BLOCK;EUR;78;57.93000000;500;EXCHANGE_LAST;;1;1;XEUR;11164005;50861;
20.05.2025;13:39:54.684;D2PW SI 20271217 CS;SIMPLE_INSTRUMENT;BLOCK;EUR;56;1.67000000;500;EXCHANGE_LAST;;1;1;XEUR;5914516;9702;
20.05.2025;13:46:13.229;D2PW SI 20271217 CS;SIMPLE_INSTRUMENT;BLOCK;EUR;60;1.67000000;200;EXCHANGE_LAST;;2;1;XEUR;5914516;9702;
20.05.2025;15:40:54.522;D2PW SI 20261218 CS;SIMPLE_INSTRUMENT;BLOCK;EUR;77;1.77000000;500;EXCHANGE_LAST;;1;1;XEUR;4632317;9702;
20.05.2025;09:44:35.782;DAI SI 20251219 PS AM C 54.00 0;SIMPLE_INSTRUMENT;BLOCK;EUR;4;4.02000000;1000;EXCHANGE_LAST;;1;1;XEUR;7349885;443196;
20.05.2025;12:05:08.194;DAI.O.250520.RBER.000006;STANDARD_OPTION_STRATEGY;BLOCK;EUR;14;0.80000000;2250;EXCHANGE_LAST;;2;2;XEUR;73961106363666650;443196;
20.05.2025;12:05:08.194;DAI SI 20261218 PS AM P 52.00 0;SIMPLE_INSTRUMENT;BLOCK;EUR;14;6.76000000;2250;PRC_DECOMP_MEMBER;;;;XEUR;7190097;443196;MEMBER
20.05.2025;12:05:08.194;DAI SI 20261218 PS AM P 44.00 0;SIMPLE_INSTRUMENT;BLOCK;EUR;14;3.78000000;4500;PRC_DECOMP_MEMBER;;;;XEUR;7491316;443196;MEMBER
20.05.2025;15:02:40.177;DAI.O.250520.STDT.000021;STANDARD_OPTION_STRATEGY;BLOCK;EUR;18;5.58000000;10500;EXCHANGE_LAST;;2;3;XEUR;73961106363666665;443196;
20.05.2025;15:02:40.177;DAI SI 20251219 PS AM P 56.00 0;SIMPLE_INSTRUMENT;BLOCK;EUR;18;5.68000000;10500;PRC_DECOMP_EXCHANGE;;;;XEUR;7349881;443196;EXCHANGE
20.05.2025;15:02:40.177;DAI SI 20261218 PS AM C 56.00 0;SIMPLE_INSTRUMENT;BLOCK;EUR;18;5.87000000;10500;PRC_DECOMP_EXCHANGE;;;;XEUR;7362235;443196;EXCHANGE
20.05.2025;15:02:40.177;DAI SI 20261218 PS AM P 56.00 0;SIMPLE_INSTRUMENT;BLOCK;EUR;18;8.94000000;10500;PRC_DECOMP_EXCHANGE;;;;XEUR;7362232;443196;EXCHANGE
20.05.2025;15:02:40.177;DAI SI 20251219 PS AM C 56.00 0;SIMPLE_INSTRUMENT;BLOCK;EUR;18;3.55000000;10500;PRC_DECOMP_EXCHANGE;;;;XEUR;7349883;443196;EXCHANGE
20.05.2025;10:19:44.639;DHE SI 20250620 PS AM C 28.00 0;SIMPLE_INSTRUMENT;BLOCK;EUR;12;0.95000000;800;EXCHANGE_LAST;;1;1;XEUR;7924123;57135;
20.05.2025;10:19:46.322;DHE SI 20251219 PS AM C 30.00 0;SIMPLE_INSTRUMENT;BLOCK;EUR;13;3.20000000;300;EXCHANGE_LAST;;1;1;XEUR;7377994;57135;
20.05.2025;10:19:47.055;DHE SI 20250620 PS AM C 28.00 0;SIMPLE_INSTRUMENT;BLOCK;EUR;14;0.97000000;200;EXCHANGE_LAST;;1;1;XEUR;7924123;57135;
20.05.2025;09:32:52.433;DPW SI 20261218 PS AM C 48.00 0;SIMPLE_INSTRUMENT;BLOCK;EUR;6;1.86000000;3000;EXCHANGE_LAST;;1;1;XEUR;7156813;445;
20.05.2025;09:33:04.465;DPW SI 20261218 PS AM P 48.00 0;SIMPLE_INSTRUMENT;BLOCK;EUR;7;10.75000000;3000;EXCHANGE_LAST;;1;1;XEUR;7156811;445;
20.05.2025;15:27:36.406;DPW SI 20261218 PS AM C 48.00 0;SIMPLE_INSTRUMENT;BLOCK;EUR;30;1.87000000;4000;EXCHANGE_LAST;;2;3;XEUR;7156813;445;
20.05.2025;09:36:49.165;DTE SI 20250919 PS AM C 34.00 0;SIMPLE_INSTRUMENT;BLOCK;EUR;5;1.56000000;5500;EXCHANGE_LAST;;3;1;XEUR;11878532;424;
20.05.2025;12:15:39.514;DTE SI 20251219 PS AM P 24.00 0;SIMPLE_INSTRUMENT;BLOCK;EUR;19;0.16000000;2500;EXCHANGE_LAST;;1;1;XEUR;5927134;424;
20.05.2025;15:53:44.730;E2NL SI 20271217 CS;SIMPLE_INSTRUMENT;BLOCK;EUR;80;0.45200000;400;EXCHANGE_LAST;;1;1;XEUR;5914571;471;
20.05.2025;15:53:55.707;E2NL SI 20271217 CS;SIMPLE_INSTRUMENT;BLOCK;EUR;81;0.45300000;400;EXCHANGE_LAST;;1;1;XEUR;5914571;471;
20.05.2025;08:40:48.655;E2NT SI 20261218 CS;SIMPLE_INSTRUMENT;BLOCK;EUR;4;0.98500000;500;EXCHANGE_LAST;;1;1;XEUR;4632357;470;
20.05.2025;09:29:47.865;EAD SI 20250919 PS AM P 129.03 1;SIMPLE_INSTRUMENT;BLOCK;EUR;3;1.48000000;300;EXCHANGE_LAST;;1;1;XEUR;11879589;465;
20.05.2025;10:18:25.209;EAD SI 20260320 PS AM P 140.00 0;SIMPLE_INSTRUMENT;BLOCK;EUR;8;6.75000000;400;EXCHANGE_LAST;;1;1;XEUR;13242463;465;
20.05.2025;13:28:54.595;EAIF SI 20250620 CS;SIMPLE_INSTRUMENT;BLOCK;EUR;45;73.44560000;3500;EXCHANGE_LAST;;1;1;XEUR;11173962;463;
20.05.2025;16:00:25.455;EF3G SI 20250620 CS;SIMPLE_INSTRUMENT;BLOCK;EUR;82;123.89210000;400;EXCHANGE_LAST;;1;1;XEUR;11173651;455;
20.05.2025;13:21:01.264;ENL5.O.250520.STD.000001;STANDARD_OPTION_STRATEGY;BLOCK;EUR;19;1.18500000;1200;EXCHANGE_LAST;;2;1;XEUR;72059741521586641;500;
20.05.2025;13:21:01.264;ENL5 SI 20260618 PS AM C 8.00 0;SIMPLE_INSTRUMENT;BLOCK;EUR;19;0.50000000;1200;PRC_DECOMP_MEMBER;;;;XEUR;9531374;500;MEMBER
20.05.2025;13:21:01.264;ENL5 SI 20260618 PS AM P 8.00 0;SIMPLE_INSTRUMENT;BLOCK;EUR;19;0.68500000;1200;PRC_DECOMP_MEMBER;;;;XEUR;9531376;500;MEMBER
20.05.2025;13:23:20.428;ENL5.O.250520.STD.000002;STANDARD_OPTION_STRATEGY;BLOCK;EUR;21;1.47000000;1500;EXCHANGE_LAST;;1;1;XEUR;72059741521586642;500;
20.05.2025;13:23:20.428;ENL5 SI 20261217 PS AM C 8.00 0;SIMPLE_INSTRUMENT;BLOCK;EUR;21;0.60600000;1500;PRC_DECOMP_EXCHANGE;;;;XEUR;7147787;500;EXCHANGE
20.05.2025;13:23:20.428;ENL5 SI 20261217 PS AM P 8.00 0;SIMPLE_INSTRUMENT;BLOCK;EUR;21;0.86400000;1500;PRC_DECOMP_EXCHANGE;;;;XEUR;7147793;500;EXCHANGE
20.05.2025;08:49:30.509;ENR SI 20250523 PS AM P 76.00 0;SIMPLE_INSTRUMENT;BLOCK;EUR;1;0.35000000;267;EXCHANGE_LAST;;1;1;XEUR;13319436;298530;
20.05.2025;08:49:30.511;ENR SI 20250523 PS AM P 76.00 0;SIMPLE_INSTRUMENT;BLOCK;EUR;2;0.40000000;203;EXCHANGE_LAST;;1;1;XEUR;13319436;298530;
20.05.2025;08:50:22.591;ENR SI 20250523 PS AM P 74.00 0;SIMPLE_INSTRUMENT;BLOCK;EUR;3;0.04000000;470;EXCHANGE_LAST;;1;1;XEUR;13229720;298530;
20.05.2025;11:02:47.685;ENR.N.250520.000019;NON_STANDARD_OPTION_STRATEGY;BLOCK;EUR;16;5.92000000;1875;EXCHANGE_LAST;;1;1;XEUR;73339770624820079;298530;
20.05.2025;11:02:47.685;ENR SI 20250620 PS AM C 92.00 0;SIMPLE_INSTRUMENT;BLOCK;EUR;16;1.06000000;9375;PRC_DECOMP_EXCHANGE;;;;XEUR;12690378;298530;EXCHANGE
20.05.2025;11:02:47.685;ENR SI 20250620 PS AM C 80.00 0;SIMPLE_INSTRUMENT;BLOCK;EUR;16;4.68000000;7500;PRC_DECOMP_EXCHANGE;;;;XEUR;12327350;298530;EXCHANGE
20.05.2025;11:02:47.685;ENR SI 20250620 PS AM C 96.00 0;SIMPLE_INSTRUMENT;BLOCK;EUR;16;0.62000000;9375;PRC_DECOMP_EXCHANGE;;;;XEUR;12778152;298530;EXCHANGE
20.05.2025;11:02:47.685;ENR SI 20250620 PS AM C 85.00 0;SIMPLE_INSTRUMENT;BLOCK;EUR;16;2.65000000;7500;PRC_DECOMP_EXCHANGE;;;;XEUR;13464795;298530;EXCHANGE
20.05.2025;11:24:28.070;ENR SI 20250919 PS AM P 46.00 0;SIMPLE_INSTRUMENT;BLOCK;EUR;17;0.65000000;290;EXCHANGE_LAST;;1;1;XEUR;11919393;298530;
20.05.2025;11:24:28.070;ENR SI 20250919 PS AM P 46.00 0;SIMPLE_INSTRUMENT;BLOCK;EUR;18;0.64000000;453;EXCHANGE_LAST;;1;1;XEUR;11919393;298530;
20.05.2025;09:10:52.742;ENT5 SI 20260618 PS AM P 12.00 0;SIMPLE_INSTRUMENT;BLOCK;EUR;3;0.80500000;2000;EXCHANGE_LAST;;1;1;XEUR;9531346;497;
20.05.2025;16:06:52.480;ENT5 SI 20260618 PS AM C 14.00 0;SIMPLE_INSTRUMENT;BLOCK;EUR;26;0.48000000;1500;EXCHANGE_LAST;;1;1;XEUR;9531347;497;
20.05.2025;16:21:00.225;ENT5 SI 20260618 PS AM C 14.00 0;SIMPLE_INSTRUMENT;BLOCK;EUR;27;0.48000000;1500;EXCHANGE_LAST;;1;1;XEUR;9531347;497;
20.05.2025;08:09:12.019;F3IA SI 20271217 CS;SIMPLE_INSTRUMENT;BLOCK;EUR;1;0.47000000;1500;EXCHANGE_LAST;;1;1;XEUR;8422837;390387;
20.05.2025;15:31:17.595;F3IA SI 20281215 CS;SIMPLE_INSTRUMENT;BLOCK;EUR;75;0.48000000;500;EXCHANGE_LAST;;1;1;XEUR;9964653;390387;
20.05.2025;15:57:51.236;FATX SI 20250620 CS;SIMPLE_INSTRUMENT;EFP_IDX;EUR;11;4373.00000000;94;EXCHANGE_LAST;;1;1;XEUR;11905432;28699;
20.05.2025;15:58:16.566;FATX SI 20250620 CS;SIMPLE_INSTRUMENT;EFP_IDX;EUR;12;4373.50000000;6;EXCHANGE_LAST;;1;1;XEUR;11905432;28699;
20.05.2025;07:39:02.632;FBTP SI 20250606 PS;SIMPLE_INSTRUMENT;BLOCK;EUR;1;120.25000000;442;EXCHANGE_LAST;;1;1;XEUR;11820365;636;
20.05.2025;07:50:39.273;FBTP SI 20250606 PS;SIMPLE_INSTRUMENT;EFP_FIN;EUR;2;120.30000000;210;EXCHANGE_LAST;;1;1;XEUR;11820365;636;
20.05.2025;08:15:36.362;FBTP SI 20250908 PS;SIMPLE_INSTRUMENT;EFP_FIN;EUR;3;119.87000000;860;EXCHANGE_LAST;;1;1;XEUR;12372474;636;
20.05.2025;08:17:32.338;FBTP SI 20250908 PS;SIMPLE_INSTRUMENT;EFP_FIN;EUR;4;119.87000000;860;EXCHANGE_LAST;;1;1;XEUR;12372474;636;
20.05.2025;08:52:43.141;FBTP SI 20250606 PS;SIMPLE_INSTRUMENT;EFP_FIN;EUR;5;120.36000000;3087;EXCHANGE_LAST;;1;1;XEUR;11820365;636;
20.05.2025;09:04:42.133;FBTP SI 20250606 PS;SIMPLE_INSTRUMENT;EFP_FIN;EUR;6;120.29000000;412;EXCHANGE_LAST;;1;1;XEUR;11820365;636;
20.05.2025;09:06:06.542;FBTP SI 20250606 PS;SIMPLE_INSTRUMENT;EFP_FIN;EUR;7;120.35000000;88;EXCHANGE_LAST;;1;1;XEUR;11820365;636;
20.05.2025;09:07:34.386;FBTP SI 20250606 PS;SIMPLE_INSTRUMENT;EFP_FIN;EUR;8;120.35000000;618;EXCHANGE_LAST;;1;1;XEUR;11820365;636;
20.05.2025;09:44:08.021;FBTP SI 20250606 PS;SIMPLE_INSTRUMENT;EFP_FIN;EUR;9;120.32000000;355;EXCHANGE_LAST;;1;1;XEUR;11820365;636;
20.05.2025;09:48:10.355;FBTP SI 20250606 PS;SIMPLE_INSTRUMENT;EFP_FIN;EUR;10;120.32000000;130;EXCHANGE_LAST;;1;1;XEUR;11820365;636;
20.05.2025;09:51:24.420;FBTP SI 20250606 PS;SIMPLE_INSTRUMENT;EFP_FIN;EUR;11;120.26000000;100;EXCHANGE_LAST;;1;1;XEUR;11820365;636;
20.05.2025;09:49:59.906;FBTP SI 20250606 PS;SIMPLE_INSTRUMENT;EFP_FIN;EUR;12;120.32000000;78;EXCHANGE_LAST;;1;1;XEUR;11820365;636;
20.05.2025;09:51:48.646;FBTP SI 20250606 PS;SIMPLE_INSTRUMENT;EFP_FIN;EUR;13;120.32000000;132;EXCHANGE_LAST;;1;1;XEUR;11820365;636;
20.05.2025;09:59:28.533;FBTP SI 20250606 PS;SIMPLE_INSTRUMENT;EFP_FIN;EUR;14;120.23000000;577;EXCHANGE_LAST;;1;1;XEUR;11820365;636;
20.05.2025;10:08:35.637;FBTP SI 20250606 PS;SIMPLE_INSTRUMENT;EFP_FIN;EUR;15;120.25000000;545;EXCHANGE_LAST;;1;1;XEUR;11820365;636;
20.05.2025;10:51:49.138;FBTP SI 20250606 PS;SIMPLE_INSTRUMENT;EFP_FIN;EUR;16;120.21000000;221;EXCHANGE_LAST;;1;1;XEUR;11820365;636;
20.05.2025;12:37:05.709;FBTP SI 20250606 PS;SIMPLE_INSTRUMENT;EFP_FIN;EUR;17;120.18000000;963;EXCHANGE_LAST;;1;1;XEUR;11820365;636;
20.05.2025;12:47:40.604;FBTP SI 20250606 PS;SIMPLE_INSTRUMENT;BLOCK;EUR;18;120.17000000;1095;EXCHANGE_LAST;;1;1;XEUR;11820365;636;
20.05.2025;12:56:12.274;FBTP SI 20250606 PS;SIMPLE_INSTRUMENT;EFP_FIN;EUR;19;120.12000000;88;EXCHANGE_LAST;;1;1;XEUR;11820365;636;
20.05.2025;13:34:23.158;FBTP SI 20250606 PS;SIMPLE_INSTRUMENT;EFP_FIN;EUR;20;120.09000000;722;EXCHANGE_LAST;;1;1;XEUR;11820365;636;
20.05.2025;14:26:14.548;FBTP SI 20250606 PS;SIMPLE_INSTRUMENT;EFP_FIN;EUR;21;119.94000000;626;EXCHANGE_LAST;;1;1;XEUR;11820365;636;
20.05.2025;14:29:01.088;FBTP SI 20250606 PS;SIMPLE_INSTRUMENT;EFP_FIN;EUR;22;119.94000000;221;EXCHANGE_LAST;;1;1;XEUR;11820365;636;
20.05.2025;14:42:15.601;FBTP SI 20250606 PS;SIMPLE_INSTRUMENT;EFP_FIN;EUR;24;119.94000000;481;EXCHANGE_LAST;;1;1;XEUR;11820365;636;
20.05.2025;15:20:49.342;FBTP SI 20250606 PS;SIMPLE_INSTRUMENT;EFP_FIN;EUR;25;119.97000000;65;EXCHANGE_LAST;;1;1;XEUR;11820365;636;
20.05.2025;15:24:38.129;FBTP SI 20250606 PS;SIMPLE_INSTRUMENT;EFP_FIN;EUR;26;119.97000000;134;EXCHANGE_LAST;;1;1;XEUR;11820365;636;
20.05.2025;15:26:12.395;FBTP SI 20250606 PS;SIMPLE_INSTRUMENT;EFP_FIN;EUR;27;119.97000000;144;EXCHANGE_LAST;;1;1;XEUR;11820365;636;
20.05.2025;15:29:12.065;FBTP SI 20250606 PS;SIMPLE_INSTRUMENT;EFP_FIN;EUR;28;119.97000000;618;EXCHANGE_LAST;;1;1;XEUR;11820365;636;
20.05.2025;13:54:30.896;FBTP SI 20250606 PS;SIMPLE_INSTRUMENT;VOLA;EUR;268435522;120.18000000;80;EXCHANGE_LAST;;1;1;XEUR;11820365;636;
20.05.2025;09:06:17.864;FBTS SI 20250606 PS;SIMPLE_INSTRUMENT;EFS;EUR;7;108.03000000;696;EXCHANGE_LAST;;1;1;XEUR;11820367;639;
20.05.2025;09:07:46.227;FBTS SI 20250606 PS;SIMPLE_INSTRUMENT;EFS;EUR;8;108.03000000;925;EXCHANGE_LAST;;1;1;XEUR;11820367;639;
20.05.2025;09:08:45.620;FBTS SI 20250606 PS;SIMPLE_INSTRUMENT;EFS;EUR;9;108.03000000;2081;EXCHANGE_LAST;;1;1;XEUR;11820367;639;
20.05.2025;09:23:22.999;FBTS SI 20250606 PS;SIMPLE_INSTRUMENT;EFP_FIN;EUR;11;108.03000000;885;EXCHANGE_LAST;;1;1;XEUR;11820367;639;
20.05.2025;09:36:10.154;FBTS SI 20250606 PS;SIMPLE_INSTRUMENT;EFP_FIN;EUR;13;108.03000000;192;EXCHANGE_LAST;;1;1;XEUR;11820367;639;
20.05.2025;09:54:02.590;FBTS SI 20250606 PS;SIMPLE_INSTRUMENT;EFP_FIN;EUR;14;108.03000000;176;EXCHANGE_LAST;;1;1;XEUR;11820367;639;
20.05.2025;10:13:41.424;FBTS SI 20250606 PS;SIMPLE_INSTRUMENT;EFP_FIN;EUR;18;108.02000000;3332;EXCHANGE_LAST;;1;1;XEUR;11820367;639;
20.05.2025;11:56:26.070;FBTS SI 20250606 PS;SIMPLE_INSTRUMENT;BLOCK;EUR;23;107.98000000;1623;EXCHANGE_LAST;;1;1;XEUR;11820367;639;
20.05.2025;12:06:14.103;FBTS SI 20250606 PS;SIMPLE_INSTRUMENT;BLOCK;EUR;24;107.99000000;1164;EXCHANGE_LAST;;1;1;XEUR;11820367;639;
20.05.2025;12:03:32.969;FBTS SI 20250606 PS;SIMPLE_INSTRUMENT;EFP_FIN;EUR;25;108.00000000;1624;EXCHANGE_LAST;;1;1;XEUR;11820367;639;
20.05.2025;12:37:55.882;FBTS SI 20250606 PS;SIMPLE_INSTRUMENT;EFP_FIN;EUR;27;108.00000000;952;EXCHANGE_LAST;;1;1;XEUR;11820367;639;
20.05.2025;14:35:27.497;FBTS SI 20250606 PS;SIMPLE_INSTRUMENT;EFP_FIN;EUR;42;107.97000000;266;EXCHANGE_LAST;;1;1;XEUR;11820367;639;
20.05.2025;14:47:51.481;FBTS SI 20250606 PS;SIMPLE_INSTRUMENT;EFP_FIN;EUR;46;107.96000000;4760;EXCHANGE_LAST;;1;1;XEUR;11820367;639;
20.05.2025;14:49:33.561;FBTS SI 20250606 PS;SIMPLE_INSTRUMENT;EFP_FIN;EUR;47;107.96000000;302;EXCHANGE_LAST;;1;1;XEUR;11820367;639;
20.05.2025;15:09:19.425;FBTS SI 20250606 PS;SIMPLE_INSTRUMENT;EFP_FIN;EUR;52;107.97000000;952;EXCHANGE_LAST;;1;1;XEUR;11820367;639;
20.05.2025;15:13:39.970;FBTS SI 20250606 PS;SIMPLE_INSTRUMENT;EFP_FIN;EUR;53;107.96000000;727;EXCHANGE_LAST;;1;1;XEUR;11820367;639;
20.05.2025;15:16:36.634;FBTS SI 20250606 PS;SIMPLE_INSTRUMENT;EFP_FIN;EUR;54;107.97000000;661;EXCHANGE_LAST;;1;1;XEUR;11820367;639;
20.05.2025;07:43:19.930;FCEU SI 20250616 PS;SIMPLE_INSTRUMENT;BLOCK;USD;1;1.12905000;162;EXCHANGE_LAST;;1;1;XEUR;7879022;369376;
20.05.2025;12:20:38.708;FCEU SI 20250616 PS;SIMPLE_INSTRUMENT;BLOCK;USD;4;1.12638000;5;EXCHANGE_LAST;;1;1;XEUR;7879022;369376;
20.05.2025;11:23:50.985;FCNS SI 20250616 PS;SIMPLE_INSTRUMENT;EFP_IDX;SEK;2;0.93814000;18;EXCHANGE_LAST;;1;1;XEUR;7879240;402911;
20.05.2025;11:23:51.363;FCNS SI 20250616 PS;SIMPLE_INSTRUMENT;EFP_IDX;SEK;3;0.93815000;13;EXCHANGE_LAST;;1;1;XEUR;7879240;402911;
20.05.2025;15:26:02.934;FCNS SI 20250616 PS;SIMPLE_INSTRUMENT;EFP_IDX;SEK;5;0.93680000;105;EXCHANGE_LAST;;1;1;XEUR;7879240;402911;
20.05.2025;15:26:03.363;FCNS SI 20250616 PS;SIMPLE_INSTRUMENT;EFP_IDX;SEK;6;0.93681000;35;EXCHANGE_LAST;;1;1;XEUR;7879240;402911;
20.05.2025;13:14:14.836;FD3D SI 20261218 CS;SIMPLE_INSTRUMENT;BLOCK;EUR;46;111.70000000;1105;EXCHANGE_LAST;;2;2;XEUR;7158183;588;
20.05.2025;15:07:54.716;FD3D SI 20271217 CS;SIMPLE_INSTRUMENT;BLOCK;EUR;51;109.00000000;200;EXCHANGE_LAST;;1;1;XEUR;8782208;588;
20.05.2025;15:08:33.147;FD3D SI 20271217 CS;SIMPLE_INSTRUMENT;BLOCK;EUR;52;109.00000000;550;EXCHANGE_LAST;;1;1;XEUR;8782208;588;
20.05.2025;15:09:25.995;FD3D SI 20261218 CS;SIMPLE_INSTRUMENT;BLOCK;EUR;53;111.90000000;200;EXCHANGE_LAST;;1;1;XEUR;7158183;588;
20.05.2025;15:45:10.200;FDAX SI 20250620 CS;SIMPLE_INSTRUMENT;EFP_IDX;EUR;1;24092.00000000;34;EXCHANGE_LAST;;1;1;XEUR;7903800;589;
20.05.2025;15:45:02.541;FDAX SI 20250620 CS;SIMPLE_INSTRUMENT;EFP_IDX;EUR;2;24093.00000000;4;EXCHANGE_LAST;;1;1;XEUR;7903800;589;
20.05.2025;09:35:45.048;FDAX SI 20250620 CS;SIMPLE_INSTRUMENT;VOLA;EUR;671088646;24050.00000000;18;EXCHANGE_LAST;;1;1;XEUR;7903800;589;
20.05.2025;10:26:53.255;FDAX SI 20250620 CS;SIMPLE_INSTRUMENT;VOLA;EUR;671088649;24085.00000000;26;EXCHANGE_LAST;;1;1;XEUR;7903800;589;
20.05.2025;12:14:28.100;FDAX SI 20250620 CS;SIMPLE_INSTRUMENT;VOLA;EUR;671088652;24120.00000000;34;EXCHANGE_LAST;;1;1;XEUR;7903800;589;
20.05.2025;14:53:35.384;FDAX SI 20250620 CS;SIMPLE_INSTRUMENT;VOLA;EUR;671088656;24092.00000000;21;EXCHANGE_LAST;;1;1;XEUR;7903800;589;
20.05.2025;15:16:44.154;FDAX SI 20250620 CS;SIMPLE_INSTRUMENT;VOLA;EUR;671088660;24080.00000000;19;EXCHANGE_LAST;;1;1;XEUR;7903800;589;
20.05.2025;15:16:48.219;FDAX SI 20250620 CS;SIMPLE_INSTRUMENT;VOLA;EUR;671088661;24080.00000000;28;EXCHANGE_LAST;;1;1;XEUR;7903800;589;
20.05.2025;10:26:22.637;FEBD SI 20271217 CS;SIMPLE_INSTRUMENT;BLOCK;EUR;20;9.76000000;750;EXCHANGE_LAST;;1;2;XEUR;7776307;597;
20.05.2025;10:58:47.706;FEBD SI 20261218 CS;SIMPLE_INSTRUMENT;BLOCK;EUR;29;10.51000000;1750;EXCHANGE_LAST;;4;2;XEUR;7158212;597;
20.05.2025;10:57:30.910;FEBD SI 20261218 CS;SIMPLE_INSTRUMENT;BLOCK;EUR;30;10.51000000;375;EXCHANGE_LAST;;1;1;XEUR;7158212;597;
20.05.2025;10:57:38.911;FEBD SI 20261218 CS;SIMPLE_INSTRUMENT;BLOCK;EUR;31;10.52000000;375;EXCHANGE_LAST;;1;1;XEUR;7158212;597;
20.05.2025;11:10:19.842;FEBD SI 20271217 CS;SIMPLE_INSTRUMENT;BLOCK;EUR;35;9.74000000;250;EXCHANGE_LAST;;1;1;XEUR;7776307;597;
20.05.2025;11:20:31.740;FEBD SI 20251219 CS;SIMPLE_INSTRUMENT;BLOCK;EUR;36;11.26000000;1250;EXCHANGE_LAST;;2;1;XEUR;5914075;597;
20.05.2025;12:45:23.832;FEBD SI 20271217 CS;SIMPLE_INSTRUMENT;BLOCK;EUR;44;9.76000000;922;EXCHANGE_LAST;;1;1;XEUR;7776307;597;
20.05.2025;12:46:48.159;FEBD SI 20271217 CS;SIMPLE_INSTRUMENT;BLOCK;EUR;45;9.74000000;1250;EXCHANGE_LAST;;2;1;XEUR;7776307;597;
20.05.2025;08:36:45.664;FEDV SI 20250620 CS;SIMPLE_INSTRUMENT;BLOCK;EUR;8;2000.00000000;5000;EXCHANGE_LAST;;1;1;XEUR;11880642;596;
20.05.2025;08:44:38.819;FEDV SI 20250620 CS;SIMPLE_INSTRUMENT;BLOCK;EUR;9;2000.00000000;3000;EXCHANGE_LAST;;1;1;XEUR;11880642;596;
20.05.2025;10:08:40.408;FEDV SI 20250620 CS;SIMPLE_INSTRUMENT;BLOCK;EUR;17;1996.00000000;500;EXCHANGE_LAST;;1;1;XEUR;11880642;596;
20.05.2025;10:08:45.234;FEDV SI 20250620 CS;SIMPLE_INSTRUMENT;BLOCK;EUR;18;1996.00000000;500;EXCHANGE_LAST;;1;1;XEUR;11880642;596;
20.05.2025;10:29:23.912;FEDV SI 20250620 CS;SIMPLE_INSTRUMENT;BLOCK;EUR;21;1997.00000000;1500;EXCHANGE_LAST;;1;1;XEUR;11880642;596;
20.05.2025;10:43:11.906;FEDV SI 20250620 CS;SIMPLE_INSTRUMENT;BLOCK;EUR;26;1998.00000000;500;EXCHANGE_LAST;;1;1;XEUR;11880642;596;
20.05.2025;10:56:50.854;FEDV SI 20250620 CS;SIMPLE_INSTRUMENT;BLOCK;EUR;32;1998.00000000;1500;EXCHANGE_LAST;;1;1;XEUR;11880642;596;
20.05.2025;10:52:30.586;FESB SI 20250620 CS;SIMPLE_INSTRUMENT;BLOCK;EUR;35;203.30000000;1680;EXCHANGE_LAST;;1;1;XEUR;11880665;605;
20.05.2025;10:55:28.834;FESB SI 20250620 CS;SIMPLE_INSTRUMENT;VOLA;EUR;603979805;203.00000000;943;EXCHANGE_LAST;;1;1;XEUR;11880665;605;
20.05.2025;10:58:32.671;FESB SI 20250620 CS;SIMPLE_INSTRUMENT;VOLA;EUR;603979806;203.50000000;2657;EXCHANGE_LAST;;1;1;XEUR;11880665;605;
20.05.2025;13:03:49.253;FESB SI 20250620 CS;SIMPLE_INSTRUMENT;VOLA;EUR;603979821;203.50000000;601;EXCHANGE_LAST;;1;1;XEUR;11880665;605;
20.05.2025;13:04:28.455;FESB SI 20250620 CS;SIMPLE_INSTRUMENT;VOLA;EUR;603979823;203.60000000;959;EXCHANGE_LAST;;1;1;XEUR;11880665;605;
20.05.2025;13:05:04.673;FESB SI 20250620 CS;SIMPLE_INSTRUMENT;VOLA;EUR;603979825;203.90000000;300;EXCHANGE_LAST;;1;1;XEUR;11880665;605;
20.05.2025;13:45:13.683;FESB SI 20250620 CS;SIMPLE_INSTRUMENT;VOLA;EUR;603979834;204.20000000;300;EXCHANGE_LAST;;1;1;XEUR;11880665;605;
20.05.2025;15:20:50.576;FESB SI 20250620 CS;SIMPLE_INSTRUMENT;VOLA;EUR;603979851;204.20000000;420;EXCHANGE_LAST;;1;1;XEUR;11880665;605;
20.05.2025;08:57:19.239;FESX.S.JUN25.SEP25.SPD;FUTURES_SPREAD;BLOCK;EUR;1;-21.75000000;2000;EXCHANGE_LAST;;1;1;XEUR;72060493140863850;675;
20.05.2025;08:57:19.239;FESX SI 20250620 CS;SIMPLE_INSTRUMENT;BLOCK;EUR;1;5441.00000000;2000;PRC_DECOMP_MEMBER;;;;XEUR;7904020;675;MEMBER
20.05.2025;08:57:19.239;FESX SI 20250919 CS;SIMPLE_INSTRUMENT;BLOCK;EUR;1;5462.75000000;2000;PRC_DECOMP_MEMBER;;;;XEUR;8380551;675;MEMBER
20.05.2025;10:36:18.153;FESX.S.JUN25.SEP25.SPD;FUTURES_SPREAD;BLOCK;EUR;2;-22.00000000;4500;EXCHANGE_LAST;;1;1;XEUR;72060493140863850;675;
20.05.2025;10:36:18.153;FESX SI 20250919 CS;SIMPLE_INSTRUMENT;BLOCK;EUR;2;5475.00000000;4500;PRC_DECOMP_EXCHANGE;;;;XEUR;8380551;675;EXCHANGE
20.05.2025;10:36:18.153;FESX SI 20250620 CS;SIMPLE_INSTRUMENT;BLOCK;EUR;2;5453.00000000;4500;PRC_DECOMP_EXCHANGE;;;;XEUR;7904020;675;EXCHANGE
20.05.2025;13:51:43.086;FESX SI 20250620 CS;SIMPLE_INSTRUMENT;EFP_IDX;EUR;4;5462.00000000;1000;EXCHANGE_LAST;;1;1;XEUR;7904020;675;
20.05.2025;13:51:19.060;FESX SI 20250620 CS;SIMPLE_INSTRUMENT;EFP_IDX;EUR;5;5470.00000000;300;EXCHANGE_LAST;;1;1;XEUR;7904020;675;
20.05.2025;14:01:00.981;FESX SI 20250620 CS;SIMPLE_INSTRUMENT;EFP_IDX;EUR;6;5465.00000000;1000;EXCHANGE_LAST;;1;1;XEUR;7904020;675;
20.05.2025;14:08:08.231;FESX SI 20250620 CS;SIMPLE_INSTRUMENT;EFP_IDX;EUR;7;5460.00000000;1500;EXCHANGE_LAST;;1;1;XEUR;7904020;675;
20.05.2025;14:32:57.913;FESX SI 20250620 CS;SIMPLE_INSTRUMENT;BLOCK;EUR;8;5460.00000000;2500;EXCHANGE_LAST;;1;1;XEUR;7904020;675;
20.05.2025;15:42:32.388;FESX SI 20250620 CS;SIMPLE_INSTRUMENT;EFP_IDX;EUR;9;5460.00000000;80;EXCHANGE_LAST;;1;1;XEUR;7904020;675;
20.05.2025;15:43:09.391;FESX SI 20250620 CS;SIMPLE_INSTRUMENT;EFP_IDX;EUR;10;5461.00000000;20;EXCHANGE_LAST;;1;1;XEUR;7904020;675;
20.05.2025;15:49:28.412;FESX SI 20250620 CS;SIMPLE_INSTRUMENT;EFP_IDX;EUR;11;5460.00000000;725;EXCHANGE_LAST;;1;1;XEUR;7904020;675;
20.05.2025;15:49:44.677;FESX SI 20250620 CS;SIMPLE_INSTRUMENT;EFP_IDX;EUR;12;5461.00000000;275;EXCHANGE_LAST;;1;1;XEUR;7904020;675;
20.05.2025;15:43:56.661;FESX SI 20250620 CS;SIMPLE_INSTRUMENT;EFP_IDX;EUR;13;5460.00000000;254;EXCHANGE_LAST;;1;1;XEUR;7904020;675;
20.05.2025;15:43:56.661;FESX SI 20250620 CS;SIMPLE_INSTRUMENT;EFP_IDX;EUR;14;5461.00000000;96;EXCHANGE_LAST;;1;1;XEUR;7904020;675;
20.05.2025;15:47:24.395;FESX SI 20250620 CS;SIMPLE_INSTRUMENT;EFP_IDX;EUR;15;5460.00000000;298;EXCHANGE_LAST;;1;1;XEUR;7904020;675;
20.05.2025;15:46:32.216;FESX SI 20250620 CS;SIMPLE_INSTRUMENT;EFP_IDX;EUR;16;5461.00000000;52;EXCHANGE_LAST;;1;1;XEUR;7904020;675;
20.05.2025;15:45:47.305;FESX SI 20250620 CS;SIMPLE_INSTRUMENT;EFP_IDX;EUR;17;5460.00000000;117;EXCHANGE_LAST;;1;1;XEUR;7904020;675;
20.05.2025;15:46:44.782;FESX SI 20250620 CS;SIMPLE_INSTRUMENT;EFP_IDX;EUR;18;5461.00000000;45;EXCHANGE_LAST;;1;1;XEUR;7904020;675;
20.05.2025;15:47:03.537;FESX SI 20250620 CS;SIMPLE_INSTRUMENT;EFP_IDX;EUR;19;5460.00000000;1450;EXCHANGE_LAST;;1;1;XEUR;7904020;675;
20.05.2025;15:47:21.122;FESX SI 20250620 CS;SIMPLE_INSTRUMENT;EFP_IDX;EUR;20;5461.00000000;550;EXCHANGE_LAST;;1;1;XEUR;7904020;675;
20.05.2025;15:51:12.884;FESX SI 20250620 CS;SIMPLE_INSTRUMENT;EFP_IDX;EUR;21;5460.00000000;145;EXCHANGE_LAST;;1;1;XEUR;7904020;675;
20.05.2025;15:51:19.490;FESX SI 20250620 CS;SIMPLE_INSTRUMENT;EFP_IDX;EUR;22;5461.00000000;55;EXCHANGE_LAST;;1;1;XEUR;7904020;675;
20.05.2025;15:48:28.820;FESX SI 20250620 CS;SIMPLE_INSTRUMENT;EFP_IDX;EUR;23;5460.00000000;167;EXCHANGE_LAST;;1;1;XEUR;7904020;675;
20.05.2025;15:50:48.552;FESX SI 20250620 CS;SIMPLE_INSTRUMENT;EFP_IDX;EUR;24;5460.00000000;510;EXCHANGE_LAST;;1;1;XEUR;7904020;675;
20.05.2025;15:48:48.589;FESX SI 20250620 CS;SIMPLE_INSTRUMENT;EFP_IDX;EUR;25;5461.00000000;56;EXCHANGE_LAST;;1;1;XEUR;7904020;675;
20.05.2025;15:50:40.193;FESX SI 20250620 CS;SIMPLE_INSTRUMENT;EFP_IDX;EUR;26;5461.00000000;340;EXCHANGE_LAST;;1;1;XEUR;7904020;675;
20.05.2025;15:52:18.977;FESX SI 20250620 CS;SIMPLE_INSTRUMENT;EFP_IDX;EUR;27;5461.00000000;550;EXCHANGE_LAST;;1;1;XEUR;7904020;675;
20.05.2025;15:52:25.088;FESX SI 20250620 CS;SIMPLE_INSTRUMENT;EFP_IDX;EUR;28;5460.00000000;1450;EXCHANGE_LAST;;1;1;XEUR;7904020;675;
20.05.2025;15:51:43.048;FESX SI 20250620 CS;SIMPLE_INSTRUMENT;EFP_IDX;EUR;29;5461.00000000;300;EXCHANGE_LAST;;1;1;XEUR;7904020;675;
20.05.2025;15:51:18.594;FESX SI 20250620 CS;SIMPLE_INSTRUMENT;EFP_IDX;EUR;30;5460.00000000;450;EXCHANGE_LAST;;1;1;XEUR;7904020;675;
20.05.2025;15:51:58.837;FESX SI 20250620 CS;SIMPLE_INSTRUMENT;EFP_IDX;EUR;31;5460.00000000;218;EXCHANGE_LAST;;1;1;XEUR;7904020;675;
20.05.2025;15:52:06.246;FESX SI 20250620 CS;SIMPLE_INSTRUMENT;EFP_IDX;EUR;32;5461.00000000;82;EXCHANGE_LAST;;1;1;XEUR;7904020;675;
20.05.2025;08:24:42.001;FESX SI 20250620 CS;SIMPLE_INSTRUMENT;VOLA;EUR;637534228;5436.00000000;126;EXCHANGE_LAST;;1;1;XEUR;7904020;675;
20.05.2025;08:30:40.959;FESX SI 20250620 CS;SIMPLE_INSTRUMENT;VOLA;EUR;637534229;5435.00000000;675;EXCHANGE_LAST;;1;1;XEUR;7904020;675;
20.05.2025;08:33:43.814;FESX SI 20250620 CS;SIMPLE_INSTRUMENT;VOLA;EUR;637534233;5440.00000000;165;EXCHANGE_LAST;;1;1;XEUR;7904020;675;
20.05.2025;08:45:51.998;FESX SI 20250620 CS;SIMPLE_INSTRUMENT;VOLA;EUR;637534245;5435.00000000;70;EXCHANGE_LAST;;1;1;XEUR;7904020;675;
20.05.2025;08:47:14.141;FESX SI 20250620 CS;SIMPLE_INSTRUMENT;VOLA;EUR;637534247;5440.00000000;500;EXCHANGE_LAST;;1;1;XEUR;7904020;675;
20.05.2025;08:47:40.688;FESX SI 20250620 CS;SIMPLE_INSTRUMENT;VOLA;EUR;637534248;5440.00000000;500;EXCHANGE_LAST;;1;1;XEUR;7904020;675;
20.05.2025;08:48:41.703;FESX SI 20250620 CS;SIMPLE_INSTRUMENT;VOLA;EUR;637534249;5440.00000000;73;EXCHANGE_LAST;;1;1;XEUR;7904020;675;
20.05.2025;08:57:40.928;FESX SI 20250620 CS;SIMPLE_INSTRUMENT;VOLA;EUR;637534250;5435.00000000;15;EXCHANGE_LAST;;1;1;XEUR;7904020;675;
20.05.2025;09:58:16.479;FESX SI 20250620 CS;SIMPLE_INSTRUMENT;VOLA;EUR;637534271;5447.00000000;20;EXCHANGE_LAST;;1;1;XEUR;7904020;675;
20.05.2025;10:38:04.300;FESX SI 20250620 CS;SIMPLE_INSTRUMENT;VOLA;EUR;637534283;5454.00000000;546;EXCHANGE_LAST;;1;1;XEUR;7904020;675;
20.05.2025;10:38:06.904;FESX SI 20250620 CS;SIMPLE_INSTRUMENT;VOLA;EUR;637534284;5454.00000000;500;EXCHANGE_LAST;;1;1;XEUR;7904020;675;
20.05.2025;10:38:09.742;FESX SI 20250620 CS;SIMPLE_INSTRUMENT;VOLA;EUR;637534285;5454.00000000;500;EXCHANGE_LAST;;1;1;XEUR;7904020;675;
20.05.2025;10:49:19.745;FESX SI 20250620 CS;SIMPLE_INSTRUMENT;VOLA;EUR;637534287;5445.00000000;20;EXCHANGE_LAST;;1;1;XEUR;7904020;675;
20.05.2025;10:51:25.051;FESX SI 20250620 CS;SIMPLE_INSTRUMENT;VOLA;EUR;637534292;5445.00000000;20;EXCHANGE_LAST;;1;1;XEUR;7904020;675;
20.05.2025;10:52:12.625;FESX SI 20250620 CS;SIMPLE_INSTRUMENT;VOLA;EUR;637534293;5445.00000000;10;EXCHANGE_LAST;;1;1;XEUR;7904020;675;
20.05.2025;11:28:53.231;FESX SI 20250620 CS;SIMPLE_INSTRUMENT;VOLA;EUR;637534303;5445.00000000;10;EXCHANGE_LAST;;1;1;XEUR;7904020;675;
20.05.2025;11:25:34.911;FESX SI 20250620 CS;SIMPLE_INSTRUMENT;VOLA;EUR;637534306;5445.00000000;20;EXCHANGE_LAST;;1;1;XEUR;7904020;675;
20.05.2025;11:26:25.213;FESX SI 20250620 CS;SIMPLE_INSTRUMENT;VOLA;EUR;637534307;5445.00000000;20;EXCHANGE_LAST;;1;1;XEUR;7904020;675;
20.05.2025;11:29:04.862;FESX SI 20250620 CS;SIMPLE_INSTRUMENT;VOLA;EUR;637534311;5453.00000000;175;EXCHANGE_LAST;;1;1;XEUR;7904020;675;
20.05.2025;12:12:22.251;FESX SI 20250620 CS;SIMPLE_INSTRUMENT;VOLA;EUR;637534328;5462.00000000;176;EXCHANGE_LAST;;1;1;XEUR;7904020;675;
20.05.2025;12:38:28.315;FESX SI 20250620 CS;SIMPLE_INSTRUMENT;VOLA;EUR;637534336;5465.00000000;176;EXCHANGE_LAST;;1;1;XEUR;7904020;675;
20.05.2025;12:41:43.831;FESX SI 20250620 CS;SIMPLE_INSTRUMENT;VOLA;EUR;637534338;5445.00000000;20;EXCHANGE_LAST;;1;1;XEUR;7904020;675;
20.05.2025;14:02:27.245;FESX SI 20250620 CS;SIMPLE_INSTRUMENT;VOLA;EUR;637534362;5468.00000000;35;EXCHANGE_LAST;;1;1;XEUR;7904020;675;
20.05.2025;14:02:37.905;FESX SI 20250620 CS;SIMPLE_INSTRUMENT;VOLA;EUR;637534366;5472.00000000;530;EXCHANGE_LAST;;1;1;XEUR;7904020;675;
20.05.2025;15:20:04.535;FESX SI 20250620 CS;SIMPLE_INSTRUMENT;VOLA;EUR;637534398;5464.00000000;730;EXCHANGE_LAST;;1;1;XEUR;7904020;675;
20.05.2025;14:14:54.251;FEU3 SI 20250915 CS;SIMPLE_INSTRUMENT;BLOCK;EUR;42;98.13500000;5000;EXCHANGE_LAST;;1;1;XEUR;4396833;702;
20.05.2025;08:16:51.072;FEXD SI 20271217 CS;SIMPLE_INSTRUMENT;BLOCK;EUR;6;151.70000000;620;EXCHANGE_LAST;;1;1;XEUR;2848338;693;
20.05.2025;10:41:30.876;FEXD SI 20271217 CS;SIMPLE_INSTRUMENT;BLOCK;EUR;25;152.20000000;250;EXCHANGE_LAST;;1;1;XEUR;2848338;693;
20.05.2025;11:43:26.146;FEXD.S.DEC26.DEC27.SPD;FUTURES_SPREAD;BLOCK;EUR;37;4.60000000;500;EXCHANGE_LAST;;1;1;XEUR;72060570450264153;693;
20.05.2025;11:43:26.146;FEXD SI 20261218 CS;SIMPLE_INSTRUMENT;BLOCK;EUR;37;156.90000000;500;PRC_DECOMP_MEMBER;;;;XEUR;2163053;693;MEMBER
20.05.2025;11:43:26.146;FEXD SI 20271217 CS;SIMPLE_INSTRUMENT;BLOCK;EUR;37;152.30000000;500;PRC_DECOMP_MEMBER;;;;XEUR;2848338;693;MEMBER
20.05.2025;14:50:06.261;FEXD SI 20251219 CS;SIMPLE_INSTRUMENT;BLOCK;EUR;49;164.90000000;250;EXCHANGE_LAST;;1;1;XEUR;1548120;693;
20.05.2025;14:50:14.920;FEXD SI 20251219 CS;SIMPLE_INSTRUMENT;BLOCK;EUR;50;165.00000000;250;EXCHANGE_LAST;;1;1;XEUR;1548120;693;
20.05.2025;16:01:27.299;FEXD SI 20261218 CS;SIMPLE_INSTRUMENT;BLOCK;EUR;83;156.90000000;500;EXCHANGE_LAST;;1;1;XEUR;2163053;693;
20.05.2025;06:52:57.709;FGBL SI 20250606 PS;SIMPLE_INSTRUMENT;EFS;EUR;1;130.45000000;492;EXCHANGE_LAST;;1;1;XEUR;11820389;688;
20.05.2025;07:17:13.650;FGBL SI 20250606 PS;SIMPLE_INSTRUMENT;EFS;EUR;2;130.41000000;437;EXCHANGE_LAST;;1;1;XEUR;11820389;688;
20.05.2025;07:19:17.729;FGBL SI 20250606 PS;SIMPLE_INSTRUMENT;EFS;EUR;3;130.61000000;434;EXCHANGE_LAST;;1;1;XEUR;11820389;688;
20.05.2025;07:26:50.535;FGBL SI 20250606 PS;SIMPLE_INSTRUMENT;EFS;EUR;4;130.42000000;700;EXCHANGE_LAST;;1;1;XEUR;11820389;688;
20.05.2025;07:34:59.672;FGBL SI 20250606 PS;SIMPLE_INSTRUMENT;EFS;EUR;5;130.63000000;434;EXCHANGE_LAST;;1;1;XEUR;11820389;688;
20.05.2025;07:39:40.989;FGBL SI 20250606 PS;SIMPLE_INSTRUMENT;EFS;EUR;6;130.62000000;434;EXCHANGE_LAST;;1;1;XEUR;11820389;688;
20.05.2025;07:47:55.916;FGBL SI 20250606 PS;SIMPLE_INSTRUMENT;EFP_FIN;EUR;7;130.67000000;84;EXCHANGE_LAST;;1;1;XEUR;11820389;688;
20.05.2025;07:49:04.618;FGBL SI 20250606 PS;SIMPLE_INSTRUMENT;EFS;EUR;8;130.67000000;487;EXCHANGE_LAST;;1;1;XEUR;11820389;688;
20.05.2025;07:53:56.618;FGBL SI 20250606 PS;SIMPLE_INSTRUMENT;EFS;EUR;9;130.61000000;434;EXCHANGE_LAST;;1;1;XEUR;11820389;688;
20.05.2025;07:58:15.764;FGBL SI 20250606 PS;SIMPLE_INSTRUMENT;EFS;EUR;10;130.71000000;1150;EXCHANGE_LAST;;1;1;XEUR;11820389;688;
20.05.2025;08:04:07.073;FGBL SI 20250606 PS;SIMPLE_INSTRUMENT;EFS;EUR;11;130.58000000;434;EXCHANGE_LAST;;1;1;XEUR;11820389;688;
20.05.2025;08:05:02.117;FGBL SI 20250606 PS;SIMPLE_INSTRUMENT;EFS;EUR;12;130.56000000;434;EXCHANGE_LAST;;1;1;XEUR;11820389;688;
20.05.2025;08:12:44.104;FGBL SI 20250606 PS;SIMPLE_INSTRUMENT;EFP_FIN;EUR;13;130.61000000;215;EXCHANGE_LAST;;1;1;XEUR;11820389;688;
20.05.2025;08:22:16.568;FGBL SI 20250606 PS;SIMPLE_INSTRUMENT;EFP_FIN;EUR;14;130.60000000;561;EXCHANGE_LAST;;1;1;XEUR;11820389;688;
20.05.2025;08:29:54.705;FGBL SI 20250606 PS;SIMPLE_INSTRUMENT;EFS;EUR;15;130.62000000;1062;EXCHANGE_LAST;;1;1;XEUR;11820389;688;
20.05.2025;08:38:33.123;FGBL SI 20250606 PS;SIMPLE_INSTRUMENT;EFP_FIN;EUR;16;130.69000000;748;EXCHANGE_LAST;;1;1;XEUR;11820389;688;
20.05.2025;08:49:02.098;FGBL SI 20250606 PS;SIMPLE_INSTRUMENT;EFS;EUR;17;130.61000000;434;EXCHANGE_LAST;;1;1;XEUR;11820389;688;
20.05.2025;08:50:21.991;FGBL SI 20250606 PS;SIMPLE_INSTRUMENT;EFS;EUR;18;130.64000000;434;EXCHANGE_LAST;;1;1;XEUR;11820389;688;
20.05.2025;08:53:32.179;FGBL SI 20250606 PS;SIMPLE_INSTRUMENT;EFP_FIN;EUR;19;130.67000000;2654;EXCHANGE_LAST;;1;1;XEUR;11820389;688;
20.05.2025;08:53:59.127;FGBL SI 20250606 PS;SIMPLE_INSTRUMENT;EFP_FIN;EUR;20;130.60000000;2994;EXCHANGE_LAST;;1;1;XEUR;11820389;688;
20.05.2025;08:59:03.610;FGBL SI 20250606 PS;SIMPLE_INSTRUMENT;EFS;EUR;21;130.63000000;130;EXCHANGE_LAST;;1;1;XEUR;11820389;688;
20.05.2025;09:07:44.180;FGBL SI 20250606 PS;SIMPLE_INSTRUMENT;EFS;EUR;22;130.66000000;434;EXCHANGE_LAST;;1;1;XEUR;11820389;688;
20.05.2025;09:08:03.344;FGBL SI 20250606 PS;SIMPLE_INSTRUMENT;EFS;EUR;23;130.67000000;434;EXCHANGE_LAST;;1;1;XEUR;11820389;688;
20.05.2025;09:08:50.237;FGBL SI 20250606 PS;SIMPLE_INSTRUMENT;EFS;EUR;24;130.66000000;217;EXCHANGE_LAST;;1;1;XEUR;11820389;688;
20.05.2025;09:09:42.269;FGBL SI 20250606 PS;SIMPLE_INSTRUMENT;EFS;EUR;25;130.66000000;434;EXCHANGE_LAST;;1;1;XEUR;11820389;688;
20.05.2025;09:12:11.183;FGBL SI 20250606 PS;SIMPLE_INSTRUMENT;EFP_FIN;EUR;26;130.67000000;187;EXCHANGE_LAST;;1;1;XEUR;11820389;688;
20.05.2025;09:20:12.968;FGBL SI 20250606 PS;SIMPLE_INSTRUMENT;EFS;EUR;27;130.65000000;196;EXCHANGE_LAST;;1;1;XEUR;11820389;688;
20.05.2025;09:27:53.784;FGBL SI 20250606 PS;SIMPLE_INSTRUMENT;EFP_FIN;EUR;28;130.64000000;85;EXCHANGE_LAST;;1;1;XEUR;11820389;688;
20.05.2025;09:56:29.667;FGBL SI 20250606 PS;SIMPLE_INSTRUMENT;EFS;EUR;29;130.52000000;304;EXCHANGE_LAST;;1;1;XEUR;11820389;688;
20.05.2025;10:04:38.991;FGBL SI 20250606 PS;SIMPLE_INSTRUMENT;EFP_FIN;EUR;30;130.52000000;207;EXCHANGE_LAST;;1;1;XEUR;11820389;688;
20.05.2025;10:07:07.922;FGBL SI 20250606 PS;SIMPLE_INSTRUMENT;EFP_FIN;EUR;31;130.54000000;128;EXCHANGE_LAST;;1;1;XEUR;11820389;688;
20.05.2025;10:09:49.118;FGBL SI 20250606 PS;SIMPLE_INSTRUMENT;EFS;EUR;32;130.50000000;434;EXCHANGE_LAST;;1;1;XEUR;11820389;688;
20.05.2025;10:09:59.137;FGBL SI 20250606 PS;SIMPLE_INSTRUMENT;EFS;EUR;33;130.49000000;434;EXCHANGE_LAST;;1;1;XEUR;11820389;688;
20.05.2025;10:15:33.138;FGBL SI 20250606 PS;SIMPLE_INSTRUMENT;EFP_FIN;EUR;34;130.48000000;205;EXCHANGE_LAST;;1;1;XEUR;11820389;688;
20.05.2025;10:14:44.364;FGBL SI 20250606 PS;SIMPLE_INSTRUMENT;EFS;EUR;35;130.50000000;434;EXCHANGE_LAST;;1;1;XEUR;11820389;688;
20.05.2025;10:14:49.370;FGBL SI 20250606 PS;SIMPLE_INSTRUMENT;EFS;EUR;36;130.50000000;434;EXCHANGE_LAST;;1;1;XEUR;11820389;688;
20.05.2025;10:15:46.671;FGBL SI 20250606 PS;SIMPLE_INSTRUMENT;EFS;EUR;37;130.47000000;434;EXCHANGE_LAST;;1;1;XEUR;11820389;688;
20.05.2025;10:18:42.040;FGBL SI 20250606 PS;SIMPLE_INSTRUMENT;EFS;EUR;38;130.50000000;219;EXCHANGE_LAST;;1;1;XEUR;11820389;688;
20.05.2025;10:19:21.123;FGBL SI 20250606 PS;SIMPLE_INSTRUMENT;EFS;EUR;39;130.50000000;437;EXCHANGE_LAST;;1;1;XEUR;11820389;688;
20.05.2025;10:20:39.673;FGBL SI 20250606 PS;SIMPLE_INSTRUMENT;EFS;EUR;40;130.51000000;206;EXCHANGE_LAST;;1;1;XEUR;11820389;688;
20.05.2025;10:25:40.468;FGBL SI 20250606 PS;SIMPLE_INSTRUMENT;EFS;EUR;41;130.48000000;434;EXCHANGE_LAST;;1;1;XEUR;11820389;688;
20.05.2025;10:34:01.907;FGBL SI 20250606 PS;SIMPLE_INSTRUMENT;EFS;EUR;42;130.50000000;1091;EXCHANGE_LAST;;1;1;XEUR;11820389;688;
20.05.2025;10:36:22.093;FGBL SI 20250606 PS;SIMPLE_INSTRUMENT;EFS;EUR;43;130.48000000;442;EXCHANGE_LAST;;1;1;XEUR;11820389;688;
20.05.2025;10:36:29.479;FGBL SI 20250606 PS;SIMPLE_INSTRUMENT;EFS;EUR;44;130.53000000;434;EXCHANGE_LAST;;1;1;XEUR;11820389;688;
20.05.2025;10:38:21.642;FGBL SI 20250606 PS;SIMPLE_INSTRUMENT;EFS;EUR;45;130.47000000;217;EXCHANGE_LAST;;1;1;XEUR;11820389;688;
20.05.2025;10:38:26.647;FGBL SI 20250606 PS;SIMPLE_INSTRUMENT;EFS;EUR;46;130.47000000;217;EXCHANGE_LAST;;1;1;XEUR;11820389;688;
20.05.2025;10:40:08.748;FGBL SI 20250606 PS;SIMPLE_INSTRUMENT;EFP_FIN;EUR;47;130.47000000;83;EXCHANGE_LAST;;1;1;XEUR;11820389;688;
20.05.2025;10:40:23.645;FGBL SI 20250606 PS;SIMPLE_INSTRUMENT;EFP_FIN;EUR;48;130.52000000;61;EXCHANGE_LAST;;1;1;XEUR;11820389;688;
20.05.2025;10:44:31.925;FGBL SI 20250606 PS;SIMPLE_INSTRUMENT;EFS;EUR;49;130.49000000;434;EXCHANGE_LAST;;1;1;XEUR;11820389;688;
20.05.2025;10:49:24.133;FGBL SI 20250606 PS;SIMPLE_INSTRUMENT;EFS;EUR;50;130.48000000;217;EXCHANGE_LAST;;1;1;XEUR;11820389;688;
20.05.2025;10:53:55.309;FGBL SI 20250606 PS;SIMPLE_INSTRUMENT;EFP_FIN;EUR;51;130.50000000;299;EXCHANGE_LAST;;1;1;XEUR;11820389;688;
20.05.2025;10:59:17.513;FGBL SI 20250606 PS;SIMPLE_INSTRUMENT;EFS;EUR;52;130.52000000;217;EXCHANGE_LAST;;1;1;XEUR;11820389;688;
20.05.2025;11:07:50.591;FGBL SI 20250606 PS;SIMPLE_INSTRUMENT;EFS;EUR;53;130.50000000;434;EXCHANGE_LAST;;1;1;XEUR;11820389;688;
20.05.2025;11:12:30.225;FGBL SI 20250606 PS;SIMPLE_INSTRUMENT;EFS;EUR;54;130.44000000;509;EXCHANGE_LAST;;1;1;XEUR;11820389;688;
20.05.2025;11:13:06.252;FGBL SI 20250606 PS;SIMPLE_INSTRUMENT;EFS;EUR;55;130.44000000;509;EXCHANGE_LAST;;1;1;XEUR;11820389;688;
20.05.2025;11:13:15.265;FGBL SI 20250606 PS;SIMPLE_INSTRUMENT;EFS;EUR;56;130.45000000;434;EXCHANGE_LAST;;1;1;XEUR;11820389;688;
20.05.2025;11:13:35.288;FGBL SI 20250606 PS;SIMPLE_INSTRUMENT;EFS;EUR;57;130.46000000;434;EXCHANGE_LAST;;1;1;XEUR;11820389;688;
20.05.2025;11:14:32.072;FGBL SI 20250606 PS;SIMPLE_INSTRUMENT;EFS;EUR;58;130.47000000;437;EXCHANGE_LAST;;1;1;XEUR;11820389;688;
20.05.2025;11:18:45.819;FGBL SI 20250606 PS;SIMPLE_INSTRUMENT;EFP_FIN;EUR;59;130.48000000;673;EXCHANGE_LAST;;1;1;XEUR;11820389;688;
20.05.2025;11:21:20.769;FGBL SI 20250606 PS;SIMPLE_INSTRUMENT;EFS;EUR;60;130.46000000;434;EXCHANGE_LAST;;1;1;XEUR;11820389;688;
20.05.2025;11:22:55.898;FGBL SI 20250606 PS;SIMPLE_INSTRUMENT;EFS;EUR;61;130.44000000;434;EXCHANGE_LAST;;1;1;XEUR;11820389;688;
20.05.2025;11:23:55.972;FGBL SI 20250606 PS;SIMPLE_INSTRUMENT;EFS;EUR;62;130.45000000;434;EXCHANGE_LAST;;1;1;XEUR;11820389;688;
20.05.2025;11:33:50.092;FGBL SI 20250606 PS;SIMPLE_INSTRUMENT;EFS;EUR;63;130.43000000;24;EXCHANGE_LAST;;1;1;XEUR;11820389;688;
20.05.2025;11:34:03.528;FGBL SI 20250606 PS;SIMPLE_INSTRUMENT;EFS;EUR;64;130.43000000;24;EXCHANGE_LAST;;1;1;XEUR;11820389;688;
20.05.2025;11:37:15.795;FGBL SI 20250606 PS;SIMPLE_INSTRUMENT;EFS;EUR;65;130.34000000;434;EXCHANGE_LAST;;1;1;XEUR;11820389;688;
20.05.2025;11:41:26.385;FGBL SI 20250606 PS;SIMPLE_INSTRUMENT;EFS;EUR;66;130.37000000;434;EXCHANGE_LAST;;1;1;XEUR;11820389;688;
20.05.2025;11:43:23.685;FGBL SI 20250606 PS;SIMPLE_INSTRUMENT;EFS;EUR;67;130.43000000;228;EXCHANGE_LAST;;1;1;XEUR;11820389;688;
20.05.2025;11:43:53.326;FGBL SI 20250606 PS;SIMPLE_INSTRUMENT;EFS;EUR;68;130.33000000;434;EXCHANGE_LAST;;1;1;XEUR;11820389;688;
20.05.2025;11:44:36.414;FGBL SI 20250606 PS;SIMPLE_INSTRUMENT;EFS;EUR;69;130.35000000;217;EXCHANGE_LAST;;1;1;XEUR;11820389;688;
20.05.2025;11:45:13.182;FGBL SI 20250606 PS;SIMPLE_INSTRUMENT;EFS;EUR;70;130.35000000;217;EXCHANGE_LAST;;1;1;XEUR;11820389;688;
20.05.2025;11:48:41.038;FGBL SI 20250606 PS;SIMPLE_INSTRUMENT;EFS;EUR;71;130.42000000;492;EXCHANGE_LAST;;1;1;XEUR;11820389;688;
20.05.2025;11:53:52.356;FGBL SI 20250606 PS;SIMPLE_INSTRUMENT;EFS;EUR;72;130.38000000;261;EXCHANGE_LAST;;1;1;XEUR;11820389;688;
20.05.2025;11:55:13.526;FGBL SI 20250606 PS;SIMPLE_INSTRUMENT;EFP_FIN;EUR;73;130.37000000;399;EXCHANGE_LAST;;1;1;XEUR;11820389;688;
20.05.2025;11:56:38.415;FGBL SI 20250606 PS;SIMPLE_INSTRUMENT;EFS;EUR;74;130.41000000;510;EXCHANGE_LAST;;1;1;XEUR;11820389;688;
20.05.2025;11:56:46.949;FGBL SI 20250606 PS;SIMPLE_INSTRUMENT;BLOCK;EUR;75;130.38000000;9400;EXCHANGE_LAST;;1;1;XEUR;11820389;688;
20.05.2025;11:56:47.804;FGBL SI 20250606 PS;SIMPLE_INSTRUMENT;EFS;EUR;76;130.42000000;434;EXCHANGE_LAST;;1;1;XEUR;11820389;688;
20.05.2025;11:58:03.484;FGBL SI 20250606 PS;SIMPLE_INSTRUMENT;EFS;EUR;77;130.41000000;435;EXCHANGE_LAST;;1;1;XEUR;11820389;688;
20.05.2025;12:00:03.577;FGBL SI 20250606 PS;SIMPLE_INSTRUMENT;EFS;EUR;78;130.43000000;217;EXCHANGE_LAST;;1;1;XEUR;11820389;688;
20.05.2025;12:02:28.681;FGBL SI 20250606 PS;SIMPLE_INSTRUMENT;EFS;EUR;79;130.42000000;217;EXCHANGE_LAST;;1;1;XEUR;11820389;688;
20.05.2025;12:02:33.687;FGBL SI 20250606 PS;SIMPLE_INSTRUMENT;EFS;EUR;80;130.42000000;217;EXCHANGE_LAST;;1;1;XEUR;11820389;688;
20.05.2025;12:05:45.120;FGBL SI 20250606 PS;SIMPLE_INSTRUMENT;EFS;EUR;81;130.40000000;3045;EXCHANGE_LAST;;1;1;XEUR;11820389;688;
20.05.2025;12:06:19.886;FGBL SI 20250606 PS;SIMPLE_INSTRUMENT;EFS;EUR;82;130.38000000;217;EXCHANGE_LAST;;1;1;XEUR;11820389;688;
20.05.2025;12:06:19.931;FGBL SI 20250606 PS;SIMPLE_INSTRUMENT;EFS;EUR;83;130.38000000;435;EXCHANGE_LAST;;1;1;XEUR;11820389;688;
20.05.2025;12:07:10.892;FGBL SI 20250606 PS;SIMPLE_INSTRUMENT;EFS;EUR;84;130.40000000;3045;EXCHANGE_LAST;;1;1;XEUR;11820389;688;
20.05.2025;12:09:47.053;FGBL SI 20250606 PS;SIMPLE_INSTRUMENT;EFS;EUR;86;130.38000000;197;EXCHANGE_LAST;;1;1;XEUR;11820389;688;
20.05.2025;12:12:50.666;FGBL SI 20250606 PS;SIMPLE_INSTRUMENT;EFS;EUR;87;130.42000000;1303;EXCHANGE_LAST;;1;1;XEUR;11820389;688;
20.05.2025;12:13:40.322;FGBL SI 20250606 PS;SIMPLE_INSTRUMENT;EFS;EUR;88;130.42000000;1303;EXCHANGE_LAST;;1;1;XEUR;11820389;688;
20.05.2025;12:16:24.356;FGBL SI 20250606 PS;SIMPLE_INSTRUMENT;EFS;EUR;89;130.40000000;434;EXCHANGE_LAST;;1;1;XEUR;11820389;688;
20.05.2025;12:16:46.333;FGBL SI 20250606 PS;SIMPLE_INSTRUMENT;EFS;EUR;90;130.36000000;217;EXCHANGE_LAST;;1;1;XEUR;11820389;688;
20.05.2025;12:17:21.363;FGBL SI 20250606 PS;SIMPLE_INSTRUMENT;EFS;EUR;91;130.36000000;217;EXCHANGE_LAST;;1;1;XEUR;11820389;688;
20.05.2025;12:17:41.381;FGBL SI 20250606 PS;SIMPLE_INSTRUMENT;EFS;EUR;92;130.36000000;217;EXCHANGE_LAST;;1;1;XEUR;11820389;688;
20.05.2025;12:23:21.626;FGBL SI 20250606 PS;SIMPLE_INSTRUMENT;EFS;EUR;93;130.35000000;435;EXCHANGE_LAST;;1;1;XEUR;11820389;688;
20.05.2025;12:24:16.685;FGBL SI 20250606 PS;SIMPLE_INSTRUMENT;EFS;EUR;94;130.37000000;435;EXCHANGE_LAST;;1;1;XEUR;11820389;688;
20.05.2025;12:24:36.713;FGBL SI 20250606 PS;SIMPLE_INSTRUMENT;EFS;EUR;95;130.37000000;217;EXCHANGE_LAST;;1;1;XEUR;11820389;688;
20.05.2025;12:24:46.725;FGBL SI 20250606 PS;SIMPLE_INSTRUMENT;EFS;EUR;96;130.37000000;217;EXCHANGE_LAST;;1;1;XEUR;11820389;688;
20.05.2025;12:24:53.965;FGBL SI 20250606 PS;SIMPLE_INSTRUMENT;EFP_FIN;EUR;97;130.37000000;878;EXCHANGE_LAST;;1;1;XEUR;11820389;688;
20.05.2025;12:29:21.152;FGBL SI 20250606 PS;SIMPLE_INSTRUMENT;EFS;EUR;98;130.35000000;218;EXCHANGE_LAST;;1;1;XEUR;11820389;688;
20.05.2025;12:32:02.106;FGBL SI 20250606 PS;SIMPLE_INSTRUMENT;EFS;EUR;99;130.37000000;217;EXCHANGE_LAST;;1;1;XEUR;11820389;688;
20.05.2025;12:32:07.112;FGBL SI 20250606 PS;SIMPLE_INSTRUMENT;EFS;EUR;100;130.37000000;217;EXCHANGE_LAST;;1;1;XEUR;11820389;688;
20.05.2025;12:32:40.163;FGBL SI 20250606 PS;SIMPLE_INSTRUMENT;EFS;EUR;101;130.38000000;393;EXCHANGE_LAST;;1;1;XEUR;11820389;688;
20.05.2025;12:33:46.789;FGBL SI 20250606 PS;SIMPLE_INSTRUMENT;EFP_FIN;EUR;102;130.37000000;1894;EXCHANGE_LAST;;1;1;XEUR;11820389;688;
20.05.2025;12:34:55.176;FGBL SI 20250606 PS;SIMPLE_INSTRUMENT;EFS;EUR;103;130.36000000;176;EXCHANGE_LAST;;1;1;XEUR;11820389;688;
20.05.2025;12:35:30.653;FGBL SI 20250606 PS;SIMPLE_INSTRUMENT;BLOCK;EUR;104;130.38000000;2000;EXCHANGE_LAST;;1;1;XEUR;11820389;688;
20.05.2025;12:36:25.523;FGBL SI 20250606 PS;SIMPLE_INSTRUMENT;EFS;EUR;105;130.40000000;246;EXCHANGE_LAST;;1;1;XEUR;11820389;688;
20.05.2025;12:39:21.072;FGBL SI 20250606 PS;SIMPLE_INSTRUMENT;EFS;EUR;107;130.35000000;452;EXCHANGE_LAST;;1;1;XEUR;11820389;688;
20.05.2025;12:48:07.976;FGBL SI 20250606 PS;SIMPLE_INSTRUMENT;EFS;EUR;109;130.38000000;984;EXCHANGE_LAST;;1;1;XEUR;11820389;688;
20.05.2025;12:48:21.145;FGBL SI 20250606 PS;SIMPLE_INSTRUMENT;EFP_FIN;EUR;110;130.33000000;83;EXCHANGE_LAST;;1;1;XEUR;11820389;688;
20.05.2025;12:55:13.450;FGBL SI 20250606 PS;SIMPLE_INSTRUMENT;EFS;EUR;111;130.35000000;10;EXCHANGE_LAST;;1;1;XEUR;11820389;688;
20.05.2025;12:50:52.014;FGBL SI 20250606 PS;SIMPLE_INSTRUMENT;EFS;EUR;112;130.32000000;492;EXCHANGE_LAST;;1;1;XEUR;11820389;688;
20.05.2025;13:01:19.335;FGBL SI 20250606 PS;SIMPLE_INSTRUMENT;EFS;EUR;113;130.32000000;435;EXCHANGE_LAST;;1;1;XEUR;11820389;688;
20.05.2025;13:01:41.002;FGBL SI 20250606 PS;SIMPLE_INSTRUMENT;EFS;EUR;114;130.37000000;219;EXCHANGE_LAST;;1;1;XEUR;11820389;688;
20.05.2025;13:02:47.826;FGBL SI 20250606 PS;SIMPLE_INSTRUMENT;EFS;EUR;115;130.33000000;1133;EXCHANGE_LAST;;1;1;XEUR;11820389;688;
20.05.2025;13:03:03.932;FGBL SI 20250606 PS;SIMPLE_INSTRUMENT;EFS;EUR;116;130.33000000;217;EXCHANGE_LAST;;1;1;XEUR;11820389;688;
20.05.2025;13:07:54.026;FGBL SI 20250606 PS;SIMPLE_INSTRUMENT;EFS;EUR;117;130.34000000;217;EXCHANGE_LAST;;1;1;XEUR;11820389;688;
20.05.2025;13:08:52.921;FGBL SI 20250606 PS;SIMPLE_INSTRUMENT;EFS;EUR;118;130.31000000;435;EXCHANGE_LAST;;1;1;XEUR;11820389;688;
20.05.2025;13:08:56.926;FGBL SI 20250606 PS;SIMPLE_INSTRUMENT;EFS;EUR;119;130.31000000;435;EXCHANGE_LAST;;1;1;XEUR;11820389;688;
20.05.2025;13:09:36.971;FGBL SI 20250606 PS;SIMPLE_INSTRUMENT;EFS;EUR;120;130.30000000;435;EXCHANGE_LAST;;1;1;XEUR;11820389;688;
20.05.2025;13:11:37.083;FGBL SI 20250606 PS;SIMPLE_INSTRUMENT;EFS;EUR;121;130.29000000;488;EXCHANGE_LAST;;1;1;XEUR;11820389;688;
20.05.2025;13:12:22.119;FGBL SI 20250606 PS;SIMPLE_INSTRUMENT;EFS;EUR;122;130.29000000;435;EXCHANGE_LAST;;1;1;XEUR;11820389;688;
20.05.2025;13:12:40.779;FGBL SI 20250606 PS;SIMPLE_INSTRUMENT;EFS;EUR;123;130.34000000;246;EXCHANGE_LAST;;1;1;XEUR;11820389;688;
20.05.2025;13:15:33.261;FGBL SI 20250606 PS;SIMPLE_INSTRUMENT;EFS;EUR;124;130.28000000;435;EXCHANGE_LAST;;1;1;XEUR;11820389;688;
20.05.2025;13:16:43.319;FGBL SI 20250606 PS;SIMPLE_INSTRUMENT;EFS;EUR;125;130.28000000;435;EXCHANGE_LAST;;1;1;XEUR;11820389;688;
20.05.2025;13:16:58.341;FGBL SI 20250606 PS;SIMPLE_INSTRUMENT;EFS;EUR;126;130.28000000;435;EXCHANGE_LAST;;1;1;XEUR;11820389;688;
20.05.2025;13:16:58.386;FGBL SI 20250606 PS;SIMPLE_INSTRUMENT;EFS;EUR;127;130.28000000;435;EXCHANGE_LAST;;1;1;XEUR;11820389;688;
20.05.2025;13:17:42.693;FGBL SI 20250606 PS;SIMPLE_INSTRUMENT;EFS;EUR;128;130.28000000;304;EXCHANGE_LAST;;1;1;XEUR;11820389;688;
20.05.2025;13:18:38.425;FGBL SI 20250606 PS;SIMPLE_INSTRUMENT;EFS;EUR;129;130.30000000;435;EXCHANGE_LAST;;1;1;XEUR;11820389;688;
20.05.2025;13:20:37.267;FGBL SI 20250606 PS;SIMPLE_INSTRUMENT;EFP_FIN;EUR;130;130.35000000;748;EXCHANGE_LAST;;1;1;XEUR;11820389;688;
20.05.2025;13:22:51.098;FGBL SI 20250606 PS;SIMPLE_INSTRUMENT;EFS;EUR;131;130.28000000;435;EXCHANGE_LAST;;1;1;XEUR;11820389;688;
20.05.2025;13:24:03.684;FGBL SI 20250606 PS;SIMPLE_INSTRUMENT;EFS;EUR;132;130.29000000;217;EXCHANGE_LAST;;1;1;XEUR;11820389;688;
20.05.2025;13:32:36.040;FGBL SI 20250606 PS;SIMPLE_INSTRUMENT;BLOCK;EUR;133;130.22000000;7411;EXCHANGE_LAST;;1;1;XEUR;11820389;688;
20.05.2025;13:33:20.667;FGBL SI 20250606 PS;SIMPLE_INSTRUMENT;EFS;EUR;134;130.27000000;869;EXCHANGE_LAST;;1;1;XEUR;11820389;688;
20.05.2025;13:34:41.728;FGBL SI 20250606 PS;SIMPLE_INSTRUMENT;EFS;EUR;135;130.34000000;219;EXCHANGE_LAST;;1;1;XEUR;11820389;688;
20.05.2025;13:34:50.566;FGBL SI 20250606 PS;SIMPLE_INSTRUMENT;EFS;EUR;136;130.28000000;435;EXCHANGE_LAST;;1;1;XEUR;11820389;688;
20.05.2025;13:35:41.312;FGBL SI 20250606 PS;SIMPLE_INSTRUMENT;EFS;EUR;137;130.28000000;400;EXCHANGE_LAST;;1;1;XEUR;11820389;688;
20.05.2025;13:36:41.860;FGBL SI 20250606 PS;SIMPLE_INSTRUMENT;EFS;EUR;139;130.24000000;300;EXCHANGE_LAST;;1;1;XEUR;11820389;688;
20.05.2025;13:37:28.468;FGBL SI 20250606 PS;SIMPLE_INSTRUMENT;EFS;EUR;140;130.25000000;569;EXCHANGE_LAST;;1;1;XEUR;11820389;688;
20.05.2025;13:38:22.284;FGBL SI 20250606 PS;SIMPLE_INSTRUMENT;EFS;EUR;141;130.24000000;435;EXCHANGE_LAST;;1;1;XEUR;11820389;688;
20.05.2025;13:39:03.226;FGBL SI 20250606 PS;SIMPLE_INSTRUMENT;EFS;EUR;142;130.25000000;435;EXCHANGE_LAST;;1;1;XEUR;11820389;688;
20.05.2025;13:39:57.820;FGBL SI 20250606 PS;SIMPLE_INSTRUMENT;EFS;EUR;143;130.24000000;217;EXCHANGE_LAST;;1;1;XEUR;11820389;688;
20.05.2025;13:43:07.553;FGBL SI 20250606 PS;SIMPLE_INSTRUMENT;EFS;EUR;144;130.36000000;219;EXCHANGE_LAST;;1;1;XEUR;11820389;688;
20.05.2025;13:42:57.139;FGBL SI 20250606 PS;SIMPLE_INSTRUMENT;EFS;EUR;145;130.20000000;610;EXCHANGE_LAST;;1;1;XEUR;11820389;688;
20.05.2025;13:46:21.564;FGBL SI 20250606 PS;SIMPLE_INSTRUMENT;EFS;EUR;146;130.36000000;438;EXCHANGE_LAST;;1;1;XEUR;11820389;688;
20.05.2025;13:49:55.430;FGBL SI 20250606 PS;SIMPLE_INSTRUMENT;EFS;EUR;147;130.21000000;1220;EXCHANGE_LAST;;1;1;XEUR;11820389;688;
20.05.2025;13:50:48.932;FGBL SI 20250606 PS;SIMPLE_INSTRUMENT;EFS;EUR;148;130.15000000;493;EXCHANGE_LAST;;1;1;XEUR;11820389;688;
20.05.2025;13:56:03.372;FGBL SI 20250606 PS;SIMPLE_INSTRUMENT;EFS;EUR;149;130.10000000;435;EXCHANGE_LAST;;1;1;XEUR;11820389;688;
20.05.2025;13:56:11.187;FGBL SI 20250606 PS;SIMPLE_INSTRUMENT;EFS;EUR;150;130.10000000;653;EXCHANGE_LAST;;1;1;XEUR;11820389;688;
20.05.2025;13:56:43.055;FGBL SI 20250606 PS;SIMPLE_INSTRUMENT;EFS;EUR;151;130.06000000;218;EXCHANGE_LAST;;1;1;XEUR;11820389;688;
20.05.2025;13:56:46.220;FGBL SI 20250606 PS;SIMPLE_INSTRUMENT;EFS;EUR;152;130.10000000;435;EXCHANGE_LAST;;1;1;XEUR;11820389;688;
20.05.2025;14:01:59.551;FGBL SI 20250606 PS;SIMPLE_INSTRUMENT;EFS;EUR;153;130.09000000;29;EXCHANGE_LAST;;1;1;XEUR;11820389;688;
20.05.2025;14:03:03.396;FGBL SI 20250606 PS;SIMPLE_INSTRUMENT;BLOCK;EUR;154;130.10000000;8000;EXCHANGE_LAST;;1;1;XEUR;11820389;688;
20.05.2025;14:05:57.085;FGBL SI 20250606 PS;SIMPLE_INSTRUMENT;EFS;EUR;155;130.11000000;250;EXCHANGE_LAST;;1;1;XEUR;11820389;688;
20.05.2025;14:06:10.519;FGBL SI 20250606 PS;SIMPLE_INSTRUMENT;EFS;EUR;156;130.25000000;207;EXCHANGE_LAST;;1;1;XEUR;11820389;688;
20.05.2025;14:12:15.867;FGBL SI 20250606 PS;SIMPLE_INSTRUMENT;EFS;EUR;157;130.14000000;676;EXCHANGE_LAST;;1;1;XEUR;11820389;688;
20.05.2025;14:13:47.990;FGBL SI 20250606 PS;SIMPLE_INSTRUMENT;EFS;EUR;158;130.15000000;1221;EXCHANGE_LAST;;1;1;XEUR;11820389;688;
20.05.2025;14:18:29.286;FGBL SI 20250606 PS;SIMPLE_INSTRUMENT;EFS;EUR;159;130.17000000;305;EXCHANGE_LAST;;1;1;XEUR;11820389;688;
20.05.2025;14:18:43.483;FGBL SI 20250606 PS;SIMPLE_INSTRUMENT;EFS;EUR;160;130.16000000;995;EXCHANGE_LAST;;1;1;XEUR;11820389;688;
20.05.2025;14:19:19.330;FGBL SI 20250606 PS;SIMPLE_INSTRUMENT;EFS;EUR;161;130.17000000;131;EXCHANGE_LAST;;1;1;XEUR;11820389;688;
20.05.2025;14:19:49.349;FGBL SI 20250606 PS;SIMPLE_INSTRUMENT;EFS;EUR;162;130.19000000;435;EXCHANGE_LAST;;1;1;XEUR;11820389;688;
20.05.2025;14:20:42.659;FGBL SI 20250606 PS;SIMPLE_INSTRUMENT;EFS;EUR;163;130.24000000;250;EXCHANGE_LAST;;1;1;XEUR;11820389;688;
20.05.2025;14:22:28.872;FGBL SI 20250606 PS;SIMPLE_INSTRUMENT;EFS;EUR;164;130.14000000;870;EXCHANGE_LAST;;1;1;XEUR;11820389;688;
20.05.2025;14:23:06.013;FGBL SI 20250606 PS;SIMPLE_INSTRUMENT;EFP_FIN;EUR;165;130.15000000;1033;EXCHANGE_LAST;;1;1;XEUR;11820389;688;
20.05.2025;14:29:15.315;FGBL SI 20250606 PS;SIMPLE_INSTRUMENT;EFS;EUR;166;130.17000000;217;EXCHANGE_LAST;;1;1;XEUR;11820389;688;
20.05.2025;14:30:20.353;FGBL SI 20250606 PS;SIMPLE_INSTRUMENT;EFS;EUR;167;130.17000000;231;EXCHANGE_LAST;;1;1;XEUR;11820389;688;
20.05.2025;14:31:30.408;FGBL SI 20250606 PS;SIMPLE_INSTRUMENT;EFS;EUR;168;130.16000000;1972;EXCHANGE_LAST;;1;1;XEUR;11820389;688;
20.05.2025;14:34:12.409;FGBL SI 20250606 PS;SIMPLE_INSTRUMENT;EFS;EUR;169;130.22000000;600;EXCHANGE_LAST;;1;1;XEUR;11820389;688;
20.05.2025;14:37:35.161;FGBL SI 20250606 PS;SIMPLE_INSTRUMENT;EFS;EUR;170;130.19000000;435;EXCHANGE_LAST;;1;1;XEUR;11820389;688;
20.05.2025;14:39:25.255;FGBL SI 20250606 PS;SIMPLE_INSTRUMENT;EFS;EUR;171;130.18000000;435;EXCHANGE_LAST;;1;1;XEUR;11820389;688;
20.05.2025;14:41:56.606;FGBL SI 20250606 PS;SIMPLE_INSTRUMENT;EFS;EUR;172;130.17000000;493;EXCHANGE_LAST;;1;1;XEUR;11820389;688;
20.05.2025;14:41:53.434;FGBL SI 20250606 PS;SIMPLE_INSTRUMENT;EFS;EUR;173;130.17000000;739;EXCHANGE_LAST;;1;1;XEUR;11820389;688;
20.05.2025;14:42:40.396;FGBL SI 20250606 PS;SIMPLE_INSTRUMENT;EFS;EUR;174;130.18000000;610;EXCHANGE_LAST;;1;1;XEUR;11820389;688;
20.05.2025;14:43:15.970;FGBL SI 20250606 PS;SIMPLE_INSTRUMENT;EFS;EUR;175;130.18000000;435;EXCHANGE_LAST;;1;1;XEUR;11820389;688;
20.05.2025;14:47:14.967;FGBL SI 20250606 PS;SIMPLE_INSTRUMENT;EFS;EUR;176;130.22000000;870;EXCHANGE_LAST;;1;1;XEUR;11820389;688;
20.05.2025;14:50:09.808;FGBL SI 20250606 PS;SIMPLE_INSTRUMENT;EFP_FIN;EUR;177;130.21000000;739;EXCHANGE_LAST;;1;1;XEUR;11820389;688;
20.05.2025;14:50:14.660;FGBL SI 20250606 PS;SIMPLE_INSTRUMENT;BLOCK;EUR;178;130.17000000;3738;EXCHANGE_LAST;;1;1;XEUR;11820389;688;
20.05.2025;14:50:59.059;FGBL SI 20250606 PS;SIMPLE_INSTRUMENT;EFP_FIN;EUR;179;130.21000000;403;EXCHANGE_LAST;;1;1;XEUR;11820389;688;
20.05.2025;14:59:36.888;FGBL SI 20250606 PS;SIMPLE_INSTRUMENT;EFP_FIN;EUR;180;130.19000000;1199;EXCHANGE_LAST;;1;1;XEUR;11820389;688;
20.05.2025;15:03:55.275;FGBL SI 20250606 PS;SIMPLE_INSTRUMENT;EFS;EUR;181;130.17000000;435;EXCHANGE_LAST;;1;1;XEUR;11820389;688;
20.05.2025;15:04:46.172;FGBL SI 20250606 PS;SIMPLE_INSTRUMENT;EFS;EUR;182;130.17000000;493;EXCHANGE_LAST;;1;1;XEUR;11820389;688;
20.05.2025;15:06:39.482;FGBL SI 20250606 PS;SIMPLE_INSTRUMENT;EFS;EUR;183;130.18000000;218;EXCHANGE_LAST;;1;1;XEUR;11820389;688;
20.05.2025;15:07:20.106;FGBL SI 20250606 PS;SIMPLE_INSTRUMENT;EFS;EUR;184;130.20000000;2188;EXCHANGE_LAST;;1;1;XEUR;11820389;688;
20.05.2025;15:13:16.093;FGBL SI 20250606 PS;SIMPLE_INSTRUMENT;EFS;EUR;185;130.16000000;246;EXCHANGE_LAST;;1;1;XEUR;11820389;688;
20.05.2025;15:14:04.422;FGBL SI 20250606 PS;SIMPLE_INSTRUMENT;EFP_FIN;EUR;186;130.20000000;196;EXCHANGE_LAST;;1;1;XEUR;11820389;688;
20.05.2025;15:17:21.862;FGBL SI 20250606 PS;SIMPLE_INSTRUMENT;EFS;EUR;188;130.18000000;394;EXCHANGE_LAST;;1;1;XEUR;11820389;688;
20.05.2025;15:18:30.707;FGBL SI 20250606 PS;SIMPLE_INSTRUMENT;EFP_FIN;EUR;189;130.21000000;196;EXCHANGE_LAST;;1;1;XEUR;11820389;688;
20.05.2025;15:20:44.329;FGBL SI 20250606 PS;SIMPLE_INSTRUMENT;EFS;EUR;190;130.23000000;1025;EXCHANGE_LAST;;1;1;XEUR;11820389;688;
20.05.2025;15:22:01.233;FGBL SI 20250606 PS;SIMPLE_INSTRUMENT;EFS;EUR;191;130.23000000;99;EXCHANGE_LAST;;1;1;XEUR;11820389;688;
20.05.2025;15:27:20.924;FGBL SI 20250606 PS;SIMPLE_INSTRUMENT;EFS;EUR;192;130.30000000;435;EXCHANGE_LAST;;1;1;XEUR;11820389;688;
20.05.2025;15:28:57.987;FGBL SI 20250606 PS;SIMPLE_INSTRUMENT;EFS;EUR;193;130.30000000;218;EXCHANGE_LAST;;1;1;XEUR;11820389;688;
20.05.2025;15:31:34.189;FGBL SI 20250606 PS;SIMPLE_INSTRUMENT;EFS;EUR;194;130.30000000;652;EXCHANGE_LAST;;1;1;XEUR;11820389;688;
20.05.2025;15:35:21.634;FGBL SI 20250606 PS;SIMPLE_INSTRUMENT;EFS;EUR;195;130.30000000;435;EXCHANGE_LAST;;1;1;XEUR;11820389;688;
20.05.2025;15:37:07.894;FGBL SI 20250606 PS;SIMPLE_INSTRUMENT;EFS;EUR;196;130.29000000;435;EXCHANGE_LAST;;1;1;XEUR;11820389;688;
20.05.2025;15:37:37.598;FGBL SI 20250606 PS;SIMPLE_INSTRUMENT;EFS;EUR;197;130.31000000;650;EXCHANGE_LAST;;1;1;XEUR;11820389;688;
20.05.2025;15:42:45.319;FGBL SI 20250606 PS;SIMPLE_INSTRUMENT;EFS;EUR;198;130.26000000;435;EXCHANGE_LAST;;1;1;XEUR;11820389;688;
20.05.2025;16:03:50.093;FGBL SI 20250606 PS;SIMPLE_INSTRUMENT;EFS;EUR;199;130.28000000;435;EXCHANGE_LAST;;1;1;XEUR;11820389;688;
20.05.2025;16:04:42.105;FGBL SI 20250606 PS;SIMPLE_INSTRUMENT;EFS;EUR;200;130.29000000;1304;EXCHANGE_LAST;;1;1;XEUR;11820389;688;
20.05.2025;16:07:56.878;FGBL SI 20250606 PS;SIMPLE_INSTRUMENT;EFS;EUR;201;130.26000000;217;EXCHANGE_LAST;;1;1;XEUR;11820389;688;
20.05.2025;16:13:47.455;FGBL SI 20250606 PS;SIMPLE_INSTRUMENT;EFS;EUR;202;130.26000000;435;EXCHANGE_LAST;;1;1;XEUR;11820389;688;
20.05.2025;16:14:46.035;FGBL SI 20250606 PS;SIMPLE_INSTRUMENT;EFS;EUR;203;130.23000000;174;EXCHANGE_LAST;;1;1;XEUR;11820389;688;
20.05.2025;16:16:38.711;FGBL SI 20250606 PS;SIMPLE_INSTRUMENT;EFS;EUR;204;130.18000000;400;EXCHANGE_LAST;;1;1;XEUR;11820389;688;
20.05.2025;07:45:20.333;FGBL SI 20250606 PS;SIMPLE_INSTRUMENT;VOLA;EUR;268435467;130.68000000;13;EXCHANGE_LAST;;1;1;XEUR;11820389;688;
20.05.2025;09:06:27.176;FGBL SI 20250606 PS;SIMPLE_INSTRUMENT;VOLA;EUR;268435480;130.64000000;760;EXCHANGE_LAST;;1;1;XEUR;11820389;688;
20.05.2025;10:15:59.071;FGBL SI 20250606 PS;SIMPLE_INSTRUMENT;VOLA;EUR;268435488;130.73000000;25;EXCHANGE_LAST;;1;1;XEUR;11820389;688;
20.05.2025;10:15:59.863;FGBL SI 20250606 PS;SIMPLE_INSTRUMENT;VOLA;EUR;268435489;130.76000000;75;EXCHANGE_LAST;;1;1;XEUR;11820389;688;
20.05.2025;13:22:55.053;FGBL SI 20250606 PS;SIMPLE_INSTRUMENT;VOLA;EUR;268435515;130.27000000;135;EXCHANGE_LAST;;1;1;XEUR;11820389;688;
20.05.2025;13:58:04.906;FGBL SI 20250606 PS;SIMPLE_INSTRUMENT;VOLA;EUR;268435526;130.22000000;36;EXCHANGE_LAST;;1;1;XEUR;11820389;688;
20.05.2025;13:59:01.909;FGBL SI 20250606 PS;SIMPLE_INSTRUMENT;VOLA;EUR;268435527;130.22000000;36;EXCHANGE_LAST;;1;1;XEUR;11820389;688;
20.05.2025;15:30:57.162;FGBL SI 20250606 PS;SIMPLE_INSTRUMENT;VOLA;EUR;268435538;130.24000000;35;EXCHANGE_LAST;;1;1;XEUR;11820389;688;
20.05.2025;06:50:51.434;FGBM SI 20250606 PS;SIMPLE_INSTRUMENT;EFS;EUR;1;118.78000000;1233;EXCHANGE_LAST;;1;1;XEUR;11820390;689;
20.05.2025;06:56:07.691;FGBM SI 20250606 PS;SIMPLE_INSTRUMENT;EFS;EUR;2;118.77000000;1110;EXCHANGE_LAST;;1;1;XEUR;11820390;689;
20.05.2025;06:57:04.213;FGBM SI 20250606 PS;SIMPLE_INSTRUMENT;EFS;EUR;3;118.77000000;1110;EXCHANGE_LAST;;1;1;XEUR;11820390;689;
20.05.2025;07:03:10.626;FGBM SI 20250606 PS;SIMPLE_INSTRUMENT;EFS;EUR;4;118.81000000;1387;EXCHANGE_LAST;;1;1;XEUR;11820390;689;
20.05.2025;07:23:39.528;FGBM SI 20250606 PS;SIMPLE_INSTRUMENT;EFS;EUR;5;118.90000000;864;EXCHANGE_LAST;;1;1;XEUR;11820390;689;
20.05.2025;07:24:51.318;FGBM SI 20250606 PS;SIMPLE_INSTRUMENT;EFS;EUR;6;118.92000000;863;EXCHANGE_LAST;;1;1;XEUR;11820390;689;
20.05.2025;07:32:11.520;FGBM SI 20250606 PS;SIMPLE_INSTRUMENT;EFS;EUR;7;118.91000000;463;EXCHANGE_LAST;;1;1;XEUR;11820390;689;
20.05.2025;07:50:59.756;FGBM SI 20250606 PS;SIMPLE_INSTRUMENT;EFS;EUR;8;118.93000000;3694;EXCHANGE_LAST;;1;1;XEUR;11820390;689;
20.05.2025;07:57:15.886;FGBM SI 20250606 PS;SIMPLE_INSTRUMENT;EFS;EUR;9;118.87000000;2589;EXCHANGE_LAST;;1;1;XEUR;11820390;689;
20.05.2025;07:58:39.561;FGBM SI 20250606 PS;SIMPLE_INSTRUMENT;EFS;EUR;10;118.87000000;863;EXCHANGE_LAST;;1;1;XEUR;11820390;689;
20.05.2025;08:02:53.214;FGBM SI 20250606 PS;SIMPLE_INSTRUMENT;EFS;EUR;11;118.88000000;432;EXCHANGE_LAST;;1;1;XEUR;11820390;689;
20.05.2025;08:07:07.220;FGBM SI 20250606 PS;SIMPLE_INSTRUMENT;EFS;EUR;12;118.86000000;432;EXCHANGE_LAST;;1;1;XEUR;11820390;689;
20.05.2025;08:07:22.234;FGBM SI 20250606 PS;SIMPLE_INSTRUMENT;EFS;EUR;13;118.86000000;432;EXCHANGE_LAST;;1;1;XEUR;11820390;689;
20.05.2025;08:31:46.513;FGBM SI 20250606 PS;SIMPLE_INSTRUMENT;EFP_FIN;EUR;14;118.89000000;85;EXCHANGE_LAST;;1;1;XEUR;11820390;689;
20.05.2025;08:45:36.286;FGBM SI 20250606 PS;SIMPLE_INSTRUMENT;EFP_FIN;EUR;15;118.91000000;213;EXCHANGE_LAST;;1;1;XEUR;11820390;689;
20.05.2025;09:01:52.961;FGBM SI 20250606 PS;SIMPLE_INSTRUMENT;EFS;EUR;16;118.90000000;432;EXCHANGE_LAST;;1;1;XEUR;11820390;689;
20.05.2025;09:27:51.804;FGBM SI 20250606 PS;SIMPLE_INSTRUMENT;EFS;EUR;17;118.89000000;864;EXCHANGE_LAST;;1;1;XEUR;11820390;689;
20.05.2025;09:31:25.745;FGBM SI 20250606 PS;SIMPLE_INSTRUMENT;EFS;EUR;18;118.91000000;2771;EXCHANGE_LAST;;1;1;XEUR;11820390;689;
20.05.2025;09:32:22.807;FGBM SI 20250606 PS;SIMPLE_INSTRUMENT;EFP_FIN;EUR;19;118.85000000;1278;EXCHANGE_LAST;;1;1;XEUR;11820390;689;
20.05.2025;09:38:30.696;FGBM SI 20250606 PS;SIMPLE_INSTRUMENT;EFS;EUR;20;118.83000000;432;EXCHANGE_LAST;;1;1;XEUR;11820390;689;
20.05.2025;09:48:35.108;FGBM SI 20250606 PS;SIMPLE_INSTRUMENT;EFS;EUR;21;118.82000000;864;EXCHANGE_LAST;;1;1;XEUR;11820390;689;
20.05.2025;09:49:20.450;FGBM SI 20250606 PS;SIMPLE_INSTRUMENT;EFS;EUR;22;118.83000000;864;EXCHANGE_LAST;;1;1;XEUR;11820390;689;
20.05.2025;11:02:11.921;FGBM SI 20250606 PS;SIMPLE_INSTRUMENT;EFS;EUR;23;118.80000000;92;EXCHANGE_LAST;;1;1;XEUR;11820390;689;
20.05.2025;11:17:02.230;FGBM SI 20250606 PS;SIMPLE_INSTRUMENT;EFS;EUR;24;118.81000000;345;EXCHANGE_LAST;;1;1;XEUR;11820390;689;
20.05.2025;11:23:40.927;FGBM SI 20250606 PS;SIMPLE_INSTRUMENT;EFS;EUR;25;118.81000000;440;EXCHANGE_LAST;;1;1;XEUR;11820390;689;
20.05.2025;11:41:52.630;FGBM SI 20250606 PS;SIMPLE_INSTRUMENT;EFS;EUR;26;118.77000000;429;EXCHANGE_LAST;;1;1;XEUR;11820390;689;
20.05.2025;11:45:59.030;FGBM SI 20250606 PS;SIMPLE_INSTRUMENT;EFS;EUR;27;118.77000000;1850;EXCHANGE_LAST;;1;1;XEUR;11820390;689;
20.05.2025;11:46:21.920;FGBM SI 20250606 PS;SIMPLE_INSTRUMENT;EFS;EUR;28;118.73000000;432;EXCHANGE_LAST;;1;1;XEUR;11820390;689;
20.05.2025;11:54:42.187;FGBM SI 20250606 PS;SIMPLE_INSTRUMENT;EFS;EUR;29;118.76000000;432;EXCHANGE_LAST;;1;1;XEUR;11820390;689;
20.05.2025;11:55:02.139;FGBM SI 20250606 PS;SIMPLE_INSTRUMENT;EFS;EUR;30;118.73000000;924;EXCHANGE_LAST;;1;1;XEUR;11820390;689;
20.05.2025;12:01:45.649;FGBM SI 20250606 PS;SIMPLE_INSTRUMENT;EFP_FIN;EUR;31;118.74000000;234;EXCHANGE_LAST;;1;1;XEUR;11820390;689;
20.05.2025;12:02:04.108;FGBM SI 20250606 PS;SIMPLE_INSTRUMENT;EFP_FIN;EUR;32;118.76000000;293;EXCHANGE_LAST;;1;1;XEUR;11820390;689;
20.05.2025;12:35:08.364;FGBM SI 20250606 PS;SIMPLE_INSTRUMENT;EFP_FIN;EUR;33;118.76000000;213;EXCHANGE_LAST;;1;1;XEUR;11820390;689;
20.05.2025;12:35:44.050;FGBM SI 20250606 PS;SIMPLE_INSTRUMENT;EFS;EUR;34;118.78000000;467;EXCHANGE_LAST;;1;1;XEUR;11820390;689;
20.05.2025;12:40:23.505;FGBM SI 20250606 PS;SIMPLE_INSTRUMENT;EFS;EUR;35;118.79000000;865;EXCHANGE_LAST;;1;1;XEUR;11820390;689;
20.05.2025;12:40:28.512;FGBM SI 20250606 PS;SIMPLE_INSTRUMENT;EFS;EUR;36;118.78000000;865;EXCHANGE_LAST;;1;1;XEUR;11820390;689;
20.05.2025;12:40:54.270;FGBM SI 20250606 PS;SIMPLE_INSTRUMENT;EFP_FIN;EUR;37;118.78000000;484;EXCHANGE_LAST;;1;1;XEUR;11820390;689;
20.05.2025;12:40:51.078;FGBM SI 20250606 PS;SIMPLE_INSTRUMENT;EFS;EUR;38;118.74000000;850;EXCHANGE_LAST;;1;1;XEUR;11820390;689;
20.05.2025;12:43:33.664;FGBM SI 20250606 PS;SIMPLE_INSTRUMENT;EFS;EUR;39;118.79000000;432;EXCHANGE_LAST;;1;1;XEUR;11820390;689;
20.05.2025;12:43:53.682;FGBM SI 20250606 PS;SIMPLE_INSTRUMENT;EFS;EUR;40;118.79000000;432;EXCHANGE_LAST;;1;1;XEUR;11820390;689;
20.05.2025;12:44:28.715;FGBM SI 20250606 PS;SIMPLE_INSTRUMENT;EFS;EUR;41;118.78000000;865;EXCHANGE_LAST;;1;1;XEUR;11820390;689;
20.05.2025;12:50:54.653;FGBM SI 20250606 PS;SIMPLE_INSTRUMENT;EFS;EUR;43;118.77000000;864;EXCHANGE_LAST;;1;1;XEUR;11820390;689;
20.05.2025;13:04:22.697;FGBM SI 20250606 PS;SIMPLE_INSTRUMENT;EFP_FIN;EUR;44;118.78000000;85;EXCHANGE_LAST;;1;1;XEUR;11820390;689;
20.05.2025;13:08:36.900;FGBM SI 20250606 PS;SIMPLE_INSTRUMENT;EFS;EUR;45;118.75000000;865;EXCHANGE_LAST;;1;1;XEUR;11820390;689;
20.05.2025;13:11:16.683;FGBM SI 20250606 PS;SIMPLE_INSTRUMENT;EFP_FIN;EUR;46;118.78000000;852;EXCHANGE_LAST;;1;1;XEUR;11820390;689;
20.05.2025;13:15:18.245;FGBM SI 20250606 PS;SIMPLE_INSTRUMENT;EFS;EUR;47;118.73000000;433;EXCHANGE_LAST;;1;1;XEUR;11820390;689;
20.05.2025;13:20:42.387;FGBM SI 20250606 PS;SIMPLE_INSTRUMENT;EFP_FIN;EUR;48;118.73000000;916;EXCHANGE_LAST;;1;1;XEUR;11820390;689;
20.05.2025;13:24:08.690;FGBM SI 20250606 PS;SIMPLE_INSTRUMENT;EFS;EUR;49;118.73000000;433;EXCHANGE_LAST;;1;1;XEUR;11820390;689;
20.05.2025;13:32:19.836;FGBM SI 20250606 PS;SIMPLE_INSTRUMENT;BLOCK;EUR;50;118.74000000;14292;EXCHANGE_LAST;;1;1;XEUR;11820390;689;
20.05.2025;13:30:57.686;FGBM SI 20250606 PS;SIMPLE_INSTRUMENT;EFS;EUR;51;118.76000000;432;EXCHANGE_LAST;;1;1;XEUR;11820390;689;
20.05.2025;14:03:42.543;FGBM SI 20250606 PS;SIMPLE_INSTRUMENT;EFS;EUR;52;118.71000000;1130;EXCHANGE_LAST;;1;1;XEUR;11820390;689;
20.05.2025;14:05:21.479;FGBM SI 20250606 PS;SIMPLE_INSTRUMENT;EFS;EUR;53;118.67000000;830;EXCHANGE_LAST;;1;1;XEUR;11820390;689;
20.05.2025;14:10:45.561;FGBM SI 20250606 PS;SIMPLE_INSTRUMENT;EFS;EUR;54;118.68000000;432;EXCHANGE_LAST;;1;1;XEUR;11820390;689;
20.05.2025;14:11:42.893;FGBM SI 20250606 PS;SIMPLE_INSTRUMENT;EFS;EUR;55;118.70000000;433;EXCHANGE_LAST;;1;1;XEUR;11820390;689;
20.05.2025;14:18:45.948;FGBM SI 20250606 PS;SIMPLE_INSTRUMENT;EFS;EUR;56;118.70000000;1625;EXCHANGE_LAST;;1;1;XEUR;11820390;689;
20.05.2025;14:19:32.655;FGBM SI 20250606 PS;SIMPLE_INSTRUMENT;EFS;EUR;57;118.72000000;916;EXCHANGE_LAST;;1;1;XEUR;11820390;689;
20.05.2025;14:22:48.939;FGBM SI 20250606 PS;SIMPLE_INSTRUMENT;EFP_FIN;EUR;58;118.72000000;426;EXCHANGE_LAST;;1;1;XEUR;11820390;689;
20.05.2025;14:23:07.229;FGBM SI 20250606 PS;SIMPLE_INSTRUMENT;EFS;EUR;59;118.71000000;865;EXCHANGE_LAST;;1;1;XEUR;11820390;689;
20.05.2025;14:23:51.447;FGBM SI 20250606 PS;SIMPLE_INSTRUMENT;EFS;EUR;60;118.72000000;864;EXCHANGE_LAST;;1;1;XEUR;11820390;689;
20.05.2025;14:23:59.923;FGBM SI 20250606 PS;SIMPLE_INSTRUMENT;EFS;EUR;61;118.72000000;1745;EXCHANGE_LAST;;1;1;XEUR;11820390;689;
20.05.2025;14:24:39.179;FGBM SI 20250606 PS;SIMPLE_INSTRUMENT;EFS;EUR;62;118.72000000;432;EXCHANGE_LAST;;1;1;XEUR;11820390;689;
20.05.2025;14:27:19.543;FGBM SI 20250606 PS;SIMPLE_INSTRUMENT;EFS;EUR;63;118.72000000;406;EXCHANGE_LAST;;1;1;XEUR;11820390;689;
20.05.2025;14:30:02.396;FGBM SI 20250606 PS;SIMPLE_INSTRUMENT;EFS;EUR;64;118.70000000;411;EXCHANGE_LAST;;1;1;XEUR;11820390;689;
20.05.2025;14:40:47.101;FGBM SI 20250606 PS;SIMPLE_INSTRUMENT;EFS;EUR;65;118.72000000;813;EXCHANGE_LAST;;1;1;XEUR;11820390;689;
20.05.2025;14:44:35.260;FGBM SI 20250606 PS;SIMPLE_INSTRUMENT;EFS;EUR;66;118.72000000;432;EXCHANGE_LAST;;1;1;XEUR;11820390;689;
20.05.2025;14:45:53.736;FGBM SI 20250606 PS;SIMPLE_INSTRUMENT;EFS;EUR;67;118.73000000;1625;EXCHANGE_LAST;;1;1;XEUR;11820390;689;
20.05.2025;14:52:03.662;FGBM SI 20250606 PS;SIMPLE_INSTRUMENT;EFP_FIN;EUR;68;118.72000000;121;EXCHANGE_LAST;;1;1;XEUR;11820390;689;
20.05.2025;14:52:57.816;FGBM SI 20250606 PS;SIMPLE_INSTRUMENT;EFP_FIN;EUR;69;118.72000000;161;EXCHANGE_LAST;;1;1;XEUR;11820390;689;
20.05.2025;14:52:57.816;FGBM SI 20250606 PS;SIMPLE_INSTRUMENT;EFP_FIN;EUR;70;118.72000000;81;EXCHANGE_LAST;;1;1;XEUR;11820390;689;
20.05.2025;14:59:22.684;FGBM SI 20250606 PS;SIMPLE_INSTRUMENT;EFS;EUR;71;118.72000000;1645;EXCHANGE_LAST;;1;1;XEUR;11820390;689;
20.05.2025;15:07:14.521;FGBM SI 20250606 PS;SIMPLE_INSTRUMENT;EFS;EUR;72;118.72000000;865;EXCHANGE_LAST;;1;1;XEUR;11820390;689;
20.05.2025;15:08:16.952;FGBM SI 20250606 PS;SIMPLE_INSTRUMENT;EFS;EUR;73;118.74000000;865;EXCHANGE_LAST;;1;1;XEUR;11820390;689;
20.05.2025;15:09:08.049;FGBM SI 20250606 PS;SIMPLE_INSTRUMENT;EFS;EUR;74;118.74000000;433;EXCHANGE_LAST;;1;1;XEUR;11820390;689;
20.05.2025;15:11:23.711;FGBM SI 20250606 PS;SIMPLE_INSTRUMENT;EFS;EUR;75;118.72000000;865;EXCHANGE_LAST;;1;1;XEUR;11820390;689;
20.05.2025;15:13:47.870;FGBM SI 20250606 PS;SIMPLE_INSTRUMENT;EFS;EUR;76;118.71000000;865;EXCHANGE_LAST;;1;1;XEUR;11820390;689;
20.05.2025;15:16:55.918;FGBM SI 20250606 PS;SIMPLE_INSTRUMENT;EFS;EUR;77;118.71000000;865;EXCHANGE_LAST;;1;1;XEUR;11820390;689;
20.05.2025;15:18:22.541;FGBM SI 20250606 PS;SIMPLE_INSTRUMENT;EFS;EUR;78;118.72000000;577;EXCHANGE_LAST;;1;1;XEUR;11820390;689;
20.05.2025;15:23:01.245;FGBM SI 20250606 PS;SIMPLE_INSTRUMENT;EFS;EUR;79;118.77000000;865;EXCHANGE_LAST;;1;1;XEUR;11820390;689;
20.05.2025;15:24:06.559;FGBM SI 20250606 PS;SIMPLE_INSTRUMENT;EFS;EUR;80;118.73000000;1644;EXCHANGE_LAST;;1;1;XEUR;11820390;689;
20.05.2025;15:24:38.305;FGBM SI 20250606 PS;SIMPLE_INSTRUMENT;EFS;EUR;81;118.78000000;864;EXCHANGE_LAST;;1;1;XEUR;11820390;689;
20.05.2025;15:36:39.829;FGBM SI 20250606 PS;SIMPLE_INSTRUMENT;EFS;EUR;82;118.78000000;2100;EXCHANGE_LAST;;1;1;XEUR;11820390;689;
20.05.2025;15:41:34.780;FGBM SI 20250606 PS;SIMPLE_INSTRUMENT;EFP_FIN;EUR;83;118.77000000;2981;EXCHANGE_LAST;;1;1;XEUR;11820390;689;
20.05.2025;15:43:48.952;FGBM SI 20250606 PS;SIMPLE_INSTRUMENT;EFP_FIN;EUR;84;118.77000000;537;EXCHANGE_LAST;;1;1;XEUR;11820390;689;
20.05.2025;15:44:15.350;FGBM SI 20250606 PS;SIMPLE_INSTRUMENT;EFP_FIN;EUR;85;118.78000000;459;EXCHANGE_LAST;;1;1;XEUR;11820390;689;
20.05.2025;15:57:21.563;FGBM SI 20250606 PS;SIMPLE_INSTRUMENT;EFS;EUR;86;118.77000000;812;EXCHANGE_LAST;;1;1;XEUR;11820390;689;
20.05.2025;15:59:56.337;FGBM SI 20250606 PS;SIMPLE_INSTRUMENT;EFS;EUR;87;118.77000000;2438;EXCHANGE_LAST;;1;1;XEUR;11820390;689;
20.05.2025;16:12:48.863;FGBM SI 20250606 PS;SIMPLE_INSTRUMENT;EFS;EUR;88;118.76000000;813;EXCHANGE_LAST;;1;1;XEUR;11820390;689;
20.05.2025;07:28:27.541;FGBS SI 20250606 PS;SIMPLE_INSTRUMENT;EFS;EUR;1;107.29500000;3872;EXCHANGE_LAST;;1;1;XEUR;11820391;690;
20.05.2025;07:27:58.407;FGBS SI 20250606 PS;SIMPLE_INSTRUMENT;EFS;EUR;2;107.32500000;1362;EXCHANGE_LAST;;1;1;XEUR;11820391;690;
20.05.2025;07:46:19.231;FGBS SI 20250606 PS;SIMPLE_INSTRUMENT;EFS;EUR;3;107.32500000;1089;EXCHANGE_LAST;;1;1;XEUR;11820391;690;
20.05.2025;07:49:04.557;FGBS SI 20250606 PS;SIMPLE_INSTRUMENT;EFS;EUR;4;107.32500000;2719;EXCHANGE_LAST;;1;1;XEUR;11820391;690;
20.05.2025;07:49:11.018;FGBS SI 20250606 PS;SIMPLE_INSTRUMENT;EFS;EUR;5;107.32500000;991;EXCHANGE_LAST;;1;1;XEUR;11820391;690;
20.05.2025;07:50:40.348;FGBS SI 20250606 PS;SIMPLE_INSTRUMENT;EFS;EUR;6;107.33000000;10897;EXCHANGE_LAST;;1;1;XEUR;11820391;690;
20.05.2025;07:56:26.757;FGBS SI 20250606 PS;SIMPLE_INSTRUMENT;EFS;EUR;7;107.33000000;6388;EXCHANGE_LAST;;1;1;XEUR;11820391;690;
20.05.2025;07:59:44.403;FGBS SI 20250606 PS;SIMPLE_INSTRUMENT;EFP_FIN;EUR;8;107.32000000;1408;EXCHANGE_LAST;;1;1;XEUR;11820391;690;
20.05.2025;08:15:45.976;FGBS SI 20250606 PS;SIMPLE_INSTRUMENT;EFS;EUR;10;107.30500000;5884;EXCHANGE_LAST;;1;1;XEUR;11820391;690;
20.05.2025;08:54:02.891;FGBS SI 20250606 PS;SIMPLE_INSTRUMENT;EFP_FIN;EUR;11;107.32000000;4221;EXCHANGE_LAST;;1;1;XEUR;11820391;690;
20.05.2025;09:11:19.181;FGBS SI 20250606 PS;SIMPLE_INSTRUMENT;EFS;EUR;12;107.32000000;1444;EXCHANGE_LAST;;1;1;XEUR;11820391;690;
20.05.2025;09:24:28.667;FGBS SI 20250606 PS;SIMPLE_INSTRUMENT;EFS;EUR;13;107.32000000;1300;EXCHANGE_LAST;;1;1;XEUR;11820391;690;
20.05.2025;09:25:52.658;FGBS SI 20250606 PS;SIMPLE_INSTRUMENT;EFP_FIN;EUR;14;107.31000000;1373;EXCHANGE_LAST;;1;1;XEUR;11820391;690;
20.05.2025;09:28:00.248;FGBS SI 20250606 PS;SIMPLE_INSTRUMENT;EFS;EUR;15;107.31000000;2419;EXCHANGE_LAST;;1;1;XEUR;11820391;690;
20.05.2025;09:32:30.567;FGBS SI 20250606 PS;SIMPLE_INSTRUMENT;EFP_FIN;EUR;16;107.31500000;400;EXCHANGE_LAST;;1;1;XEUR;11820391;690;
20.05.2025;09:31:01.112;FGBS SI 20250606 PS;SIMPLE_INSTRUMENT;EFP_FIN;EUR;17;107.31500000;489;EXCHANGE_LAST;;1;1;XEUR;11820391;690;
20.05.2025;09:31:35.746;FGBS SI 20250606 PS;SIMPLE_INSTRUMENT;EFS;EUR;18;107.32500000;8173;EXCHANGE_LAST;;1;1;XEUR;11820391;690;
20.05.2025;09:43:22.357;FGBS SI 20250606 PS;SIMPLE_INSTRUMENT;EFS;EUR;19;107.31000000;1900;EXCHANGE_LAST;;1;1;XEUR;11820391;690;
20.05.2025;10:16:01.660;FGBS SI 20250606 PS;SIMPLE_INSTRUMENT;EFP_FIN;EUR;20;107.32500000;469;EXCHANGE_LAST;;1;1;XEUR;11820391;690;
20.05.2025;10:32:51.898;FGBS SI 20250606 PS;SIMPLE_INSTRUMENT;EFP_FIN;EUR;21;107.30000000;94;EXCHANGE_LAST;;1;1;XEUR;11820391;690;
20.05.2025;10:39:01.731;FGBS SI 20250606 PS;SIMPLE_INSTRUMENT;EFP_FIN;EUR;22;107.31000000;792;EXCHANGE_LAST;;1;1;XEUR;11820391;690;
20.05.2025;10:40:10.966;FGBS SI 20250606 PS;SIMPLE_INSTRUMENT;EFP_FIN;EUR;23;107.30000000;1583;EXCHANGE_LAST;;1;1;XEUR;11820391;690;
20.05.2025;10:40:59.550;FGBS SI 20250606 PS;SIMPLE_INSTRUMENT;EFP_FIN;EUR;24;107.30000000;264;EXCHANGE_LAST;;1;1;XEUR;11820391;690;
20.05.2025;11:07:11.806;FGBS SI 20250606 PS;SIMPLE_INSTRUMENT;EFS;EUR;25;107.30000000;4088;EXCHANGE_LAST;;1;1;XEUR;11820391;690;
20.05.2025;11:07:37.066;FGBS SI 20250606 PS;SIMPLE_INSTRUMENT;EFS;EUR;26;107.32000000;2725;EXCHANGE_LAST;;1;1;XEUR;11820391;690;
20.05.2025;11:20:39.843;FGBS SI 20250606 PS;SIMPLE_INSTRUMENT;EFS;EUR;27;107.30000000;2420;EXCHANGE_LAST;;1;1;XEUR;11820391;690;
20.05.2025;11:22:26.479;FGBS SI 20250606 PS;SIMPLE_INSTRUMENT;EFS;EUR;28;107.30000000;1294;EXCHANGE_LAST;;1;1;XEUR;11820391;690;
20.05.2025;11:41:52.018;FGBS SI 20250606 PS;SIMPLE_INSTRUMENT;EFS;EUR;29;107.28500000;2726;EXCHANGE_LAST;;1;1;XEUR;11820391;690;
20.05.2025;11:42:25.506;FGBS SI 20250606 PS;SIMPLE_INSTRUMENT;EFS;EUR;30;107.27000000;2726;EXCHANGE_LAST;;1;1;XEUR;11820391;690;
20.05.2025;12:20:26.153;FGBS SI 20250606 PS;SIMPLE_INSTRUMENT;EFS;EUR;31;107.28000000;5453;EXCHANGE_LAST;;1;1;XEUR;11820391;690;
20.05.2025;12:27:38.147;FGBS SI 20250606 PS;SIMPLE_INSTRUMENT;EFS;EUR;32;107.28000000;1213;EXCHANGE_LAST;;1;1;XEUR;11820391;690;
20.05.2025;12:45:31.858;FGBS SI 20250606 PS;SIMPLE_INSTRUMENT;EFP_FIN;EUR;33;107.28000000;2642;EXCHANGE_LAST;;1;1;XEUR;11820391;690;
20.05.2025;12:50:07.575;FGBS SI 20250606 PS;SIMPLE_INSTRUMENT;EFP_FIN;EUR;34;107.30000000;1057;EXCHANGE_LAST;;1;1;XEUR;11820391;690;
20.05.2025;13:00:15.018;FGBS SI 20250606 PS;SIMPLE_INSTRUMENT;EFP_FIN;EUR;35;107.30000000;938;EXCHANGE_LAST;;1;1;XEUR;11820391;690;
20.05.2025;13:02:23.414;FGBS SI 20250606 PS;SIMPLE_INSTRUMENT;EFP_FIN;EUR;36;107.28000000;1057;EXCHANGE_LAST;;1;1;XEUR;11820391;690;
20.05.2025;13:14:39.839;FGBS SI 20250606 PS;SIMPLE_INSTRUMENT;EFP_FIN;EUR;37;107.27000000;869;EXCHANGE_LAST;;1;1;XEUR;11820391;690;
20.05.2025;13:22:03.975;FGBS SI 20250606 PS;SIMPLE_INSTRUMENT;EFP_FIN;EUR;38;107.28000000;1691;EXCHANGE_LAST;;1;1;XEUR;11820391;690;
20.05.2025;13:30:23.836;FGBS SI 20250606 PS;SIMPLE_INSTRUMENT;EFP_FIN;EUR;39;107.28000000;81;EXCHANGE_LAST;;1;1;XEUR;11820391;690;
20.05.2025;14:03:46.473;FGBS SI 20250606 PS;SIMPLE_INSTRUMENT;EFS;EUR;40;107.26000000;2437;EXCHANGE_LAST;;1;1;XEUR;11820391;690;
20.05.2025;14:09:26.628;FGBS SI 20250606 PS;SIMPLE_INSTRUMENT;EFS;EUR;41;107.25000000;2428;EXCHANGE_LAST;;1;1;XEUR;11820391;690;
20.05.2025;14:18:22.651;FGBS SI 20250606 PS;SIMPLE_INSTRUMENT;EFS;EUR;43;107.26500000;1333;EXCHANGE_LAST;;1;1;XEUR;11820391;690;
20.05.2025;14:31:28.083;FGBS SI 20250606 PS;SIMPLE_INSTRUMENT;EFP_FIN;EUR;44;107.30000000;469;EXCHANGE_LAST;;1;1;XEUR;11820391;690;
20.05.2025;14:40:11.428;FGBS SI 20250606 PS;SIMPLE_INSTRUMENT;EFS;EUR;45;107.27000000;4090;EXCHANGE_LAST;;1;1;XEUR;11820391;690;
20.05.2025;14:50:09.776;FGBS SI 20250606 PS;SIMPLE_INSTRUMENT;EFS;EUR;46;107.25500000;2435;EXCHANGE_LAST;;1;1;XEUR;11820391;690;
20.05.2025;14:53:11.162;FGBS SI 20250606 PS;SIMPLE_INSTRUMENT;EFS;EUR;47;107.27000000;800;EXCHANGE_LAST;;1;1;XEUR;11820391;690;
20.05.2025;15:03:22.167;FGBS SI 20250606 PS;SIMPLE_INSTRUMENT;EFS;EUR;48;107.26000000;2727;EXCHANGE_LAST;;1;1;XEUR;11820391;690;
20.05.2025;15:12:57.811;FGBS SI 20250606 PS;SIMPLE_INSTRUMENT;EFS;EUR;49;107.26500000;1363;EXCHANGE_LAST;;1;1;XEUR;11820391;690;
20.05.2025;15:34:40.612;FGBS SI 20250606 PS;SIMPLE_INSTRUMENT;EFS;EUR;50;107.28000000;2500;EXCHANGE_LAST;;1;1;XEUR;11820391;690;
20.05.2025;07:09:53.678;FGBX SI 20250606 PS;SIMPLE_INSTRUMENT;EFP_FIN;EUR;1;120.52000000;212;EXCHANGE_LAST;;1;1;XEUR;11820392;691;
20.05.2025;07:18:42.340;FGBX SI 20250606 PS;SIMPLE_INSTRUMENT;EFP_FIN;EUR;2;120.50000000;213;EXCHANGE_LAST;;1;1;XEUR;11820392;691;
20.05.2025;08:19:00.033;FGBX SI 20250606 PS;SIMPLE_INSTRUMENT;EFP_FIN;EUR;3;121.02000000;1490;EXCHANGE_LAST;;1;1;XEUR;11820392;691;
20.05.2025;08:34:57.571;FGBX SI 20250606 PS;SIMPLE_INSTRUMENT;EFP_FIN;EUR;4;121.04000000;100;EXCHANGE_LAST;;1;1;XEUR;11820392;691;
20.05.2025;08:44:21.574;FGBX SI 20250606 PS;SIMPLE_INSTRUMENT;EFP_FIN;EUR;5;121.10000000;176;EXCHANGE_LAST;;1;1;XEUR;11820392;691;
20.05.2025;08:44:43.958;FGBX SI 20250606 PS;SIMPLE_INSTRUMENT;EFP_FIN;EUR;6;120.84000000;186;EXCHANGE_LAST;;1;1;XEUR;11820392;691;
20.05.2025;09:21:44.852;FGBX SI 20250606 PS;SIMPLE_INSTRUMENT;EFP_FIN;EUR;10;120.88000000;84;EXCHANGE_LAST;;1;1;XEUR;11820392;691;
20.05.2025;09:28:40.141;FGBX SI 20250606 PS;SIMPLE_INSTRUMENT;EFP_FIN;EUR;12;120.94000000;60;EXCHANGE_LAST;;1;1;XEUR;11820392;691;
20.05.2025;09:58:21.979;FGBX SI 20250606 PS;SIMPLE_INSTRUMENT;EFS;EUR;15;120.54000000;104;EXCHANGE_LAST;;1;1;XEUR;11820392;691;
20.05.2025;10:02:46.743;FGBX SI 20250606 PS;SIMPLE_INSTRUMENT;EFS;EUR;16;120.50000000;104;EXCHANGE_LAST;;1;1;XEUR;11820392;691;
20.05.2025;10:12:16.649;FGBX SI 20250606 PS;SIMPLE_INSTRUMENT;EFP_FIN;EUR;17;120.62000000;147;EXCHANGE_LAST;;1;1;XEUR;11820392;691;
20.05.2025;10:43:26.943;FGBX SI 20250606 PS;SIMPLE_INSTRUMENT;EFS;EUR;19;120.58000000;166;EXCHANGE_LAST;;1;1;XEUR;11820392;691;
20.05.2025;10:45:56.183;FGBX SI 20250606 PS;SIMPLE_INSTRUMENT;EFP_FIN;EUR;20;120.60000000;254;EXCHANGE_LAST;;1;1;XEUR;11820392;691;
20.05.2025;10:46:30.462;FGBX SI 20250606 PS;SIMPLE_INSTRUMENT;EFP_FIN;EUR;21;120.60000000;254;EXCHANGE_LAST;;1;1;XEUR;11820392;691;
20.05.2025;11:27:53.864;FGBX SI 20250606 PS;SIMPLE_INSTRUMENT;EFP_FIN;EUR;22;120.36000000;191;EXCHANGE_LAST;;1;1;XEUR;11820392;691;
20.05.2025;12:35:51.172;FGBX SI 20250606 PS;SIMPLE_INSTRUMENT;EFS;EUR;26;120.24000000;168;EXCHANGE_LAST;;1;1;XEUR;11820392;691;
20.05.2025;12:49:06.590;FGBX SI 20250606 PS;SIMPLE_INSTRUMENT;BLOCK;EUR;28;119.82000000;419;EXCHANGE_LAST;;1;1;XEUR;11820392;691;
20.05.2025;12:50:51.993;FGBX SI 20250606 PS;SIMPLE_INSTRUMENT;EFS;EUR;30;119.62000000;210;EXCHANGE_LAST;;1;1;XEUR;11820392;691;
20.05.2025;13:36:10.446;FGBX SI 20250606 PS;SIMPLE_INSTRUMENT;EFS;EUR;31;119.76000000;93;EXCHANGE_LAST;;1;1;XEUR;11820392;691;
20.05.2025;13:44:31.558;FGBX SI 20250606 PS;SIMPLE_INSTRUMENT;EFS;EUR;32;119.78000000;93;EXCHANGE_LAST;;1;1;XEUR;11820392;691;
20.05.2025;13:48:07.569;FGBX SI 20250606 PS;SIMPLE_INSTRUMENT;EFS;EUR;33;119.78000000;186;EXCHANGE_LAST;;1;1;XEUR;11820392;691;
20.05.2025;13:52:19.437;FGBX SI 20250606 PS;SIMPLE_INSTRUMENT;EFS;EUR;34;118.96000000;212;EXCHANGE_LAST;;1;1;XEUR;11820392;691;
20.05.2025;13:56:49.608;FGBX SI 20250606 PS;SIMPLE_INSTRUMENT;EFS;EUR;35;118.90000000;106;EXCHANGE_LAST;;1;1;XEUR;11820392;691;
20.05.2025;13:58:09.065;FGBX SI 20250606 PS;SIMPLE_INSTRUMENT;EFP_FIN;EUR;36;120.32000000;186;EXCHANGE_LAST;;1;1;XEUR;11820392;691;
20.05.2025;14:01:29.594;FGBX SI 20250606 PS;SIMPLE_INSTRUMENT;EFP_FIN;EUR;37;118.74000000;113;EXCHANGE_LAST;;1;1;XEUR;11820392;691;
20.05.2025;14:02:51.192;FGBX SI 20250606 PS;SIMPLE_INSTRUMENT;EFS;EUR;38;118.86000000;13;EXCHANGE_LAST;;1;1;XEUR;11820392;691;
20.05.2025;14:14:02.766;FGBX SI 20250606 PS;SIMPLE_INSTRUMENT;EFS;EUR;39;118.96000000;280;EXCHANGE_LAST;;1;1;XEUR;11820392;691;
20.05.2025;14:32:22.719;FGBX SI 20250606 PS;SIMPLE_INSTRUMENT;EFP_FIN;EUR;40;119.06000000;372;EXCHANGE_LAST;;1;1;XEUR;11820392;691;
20.05.2025;14:32:59.834;FGBX SI 20250606 PS;SIMPLE_INSTRUMENT;EFS;EUR;41;119.02000000;846;EXCHANGE_LAST;;1;1;XEUR;11820392;691;
20.05.2025;14:37:08.816;FGBX SI 20250606 PS;SIMPLE_INSTRUMENT;EFS;EUR;43;119.08000000;205;EXCHANGE_LAST;;1;1;XEUR;11820392;691;
20.05.2025;14:43:42.268;FGBX SI 20250606 PS;SIMPLE_INSTRUMENT;EFS;EUR;44;118.98000000;212;EXCHANGE_LAST;;1;1;XEUR;11820392;691;
20.05.2025;14:47:20.788;FGBX SI 20250606 PS;SIMPLE_INSTRUMENT;EFS;EUR;45;119.14000000;68;EXCHANGE_LAST;;1;1;XEUR;11820392;691;
20.05.2025;15:00:23.161;FGBX SI 20250606 PS;SIMPLE_INSTRUMENT;EFS;EUR;48;119.24000000;374;EXCHANGE_LAST;;1;1;XEUR;11820392;691;
20.05.2025;15:09:35.509;FGBX SI 20250606 PS;SIMPLE_INSTRUMENT;EFP_FIN;EUR;49;119.14000000;186;EXCHANGE_LAST;;1;1;XEUR;11820392;691;
20.05.2025;15:08:10.111;FGBX SI 20250606 PS;SIMPLE_INSTRUMENT;EFP_FIN;EUR;50;119.14000000;357;EXCHANGE_LAST;;1;1;XEUR;11820392;691;
20.05.2025;15:08:13.094;FGBX SI 20250606 PS;SIMPLE_INSTRUMENT;EFS;EUR;51;119.34000000;937;EXCHANGE_LAST;;1;1;XEUR;11820392;691;
20.05.2025;15:26:19.566;FGBX SI 20250606 PS;SIMPLE_INSTRUMENT;EFS;EUR;55;119.24000000;375;EXCHANGE_LAST;;1;1;XEUR;11820392;691;
20.05.2025;15:27:03.758;FGBX SI 20250606 PS;SIMPLE_INSTRUMENT;EFP_FIN;EUR;56;119.52000000;746;EXCHANGE_LAST;;1;1;XEUR;11820392;691;
20.05.2025;15:28:09.076;FGBX SI 20250606 PS;SIMPLE_INSTRUMENT;EFP_FIN;EUR;57;119.30000000;85;EXCHANGE_LAST;;1;1;XEUR;11820392;691;
20.05.2025;15:41:13.090;FGBX SI 20250606 PS;SIMPLE_INSTRUMENT;EFS;EUR;58;119.56000000;300;EXCHANGE_LAST;;1;1;XEUR;11820392;691;
20.05.2025;15:43:22.356;FGBX SI 20250606 PS;SIMPLE_INSTRUMENT;EFP_FIN;EUR;59;119.34000000;298;EXCHANGE_LAST;;1;1;XEUR;11820392;691;
20.05.2025;12:10:23.816;FGBX SI 20250606 PS;SIMPLE_INSTRUMENT;VOLA;EUR;268435502;120.28000000;185;EXCHANGE_LAST;;1;1;XEUR;11820392;691;
20.05.2025;12:51:12.179;FGBX SI 20250606 PS;SIMPLE_INSTRUMENT;VOLA;EUR;268435509;119.60000000;25;EXCHANGE_LAST;;1;1;XEUR;11820392;691;
20.05.2025;13:56:34.108;FGBX SI 20250606 PS;SIMPLE_INSTRUMENT;VOLA;EUR;268435525;119.18000000;95;EXCHANGE_LAST;;1;1;XEUR;11820392;691;
20.05.2025;07:47:22.195;FIA5 SI 20250619 PS AM P 11.00 0;SIMPLE_INSTRUMENT;BLOCK;EUR;1;1.55000000;1000;EXCHANGE_LAST;;1;1;XEUR;11340123;48227;
20.05.2025;10:50:20.379;FIA5.O.250520.PDIA.000003;STANDARD_OPTION_STRATEGY;BLOCK;EUR;10;-0.57000000;1750;EXCHANGE_LAST;;1;1;XEUR;72264727425721351;48227;
20.05.2025;10:50:20.379;FIA5 SI 20250619 PS AM P 10.00 0;SIMPLE_INSTRUMENT;BLOCK;EUR;10;0.77000000;1750;PRC_DECOMP_MEMBER;;;;XEUR;9533224;48227;MEMBER
20.05.2025;10:50:20.379;FIA5 SI 20250717 PS AM P 8.20 0;SIMPLE_INSTRUMENT;BLOCK;EUR;10;0.20000000;1750;PRC_DECOMP_MEMBER;;;;XEUR;13262999;48227;MEMBER
20.05.2025;12:59:34.803;FIN SI 20260320 PS AM P 56.00 0;SIMPLE_INSTRUMENT;ENLIGHT;CHF;21;2.27000000;300;EXCHANGE_LAST;;1;1;XEUR;13005083;671;
20.05.2025;07:11:14.283;FMEF SI 20250620 CS;SIMPLE_INSTRUMENT;BLOCK;USD;22;1166.74000000;30;EXCHANGE_LAST;;1;1;XEUR;7408968;30657;
20.05.2025;07:10:11.543;FMEM SI 20250620 CS;SIMPLE_INSTRUMENT;EFP_IDX;USD;20;630.59000000;726;EXCHANGE_LAST;;1;1;XEUR;7938803;12394;
20.05.2025;07:05:24.914;FMEN SI 20250620 CS;SIMPLE_INSTRUMENT;BLOCK;EUR;17;526.36500000;95;EXCHANGE_LAST;;1;1;XEUR;7939172;30652;
20.05.2025;10:28:31.093;FMEN SI 20250620 CS;SIMPLE_INSTRUMENT;BLOCK;EUR;33;526.30000000;52;EXCHANGE_LAST;;1;1;XEUR;7939172;30652;
20.05.2025;11:12:43.579;FMES SI 20250620 CS;SIMPLE_INSTRUMENT;BLOCK;EUR;37;613.18000000;19;EXCHANGE_LAST;;1;1;XEUR;7940344;221291;
20.05.2025;06:51:10.653;FMEU SI 20250620 CS;SIMPLE_INSTRUMENT;EFP_IDX;EUR;9;370.72000000;191;EXCHANGE_LAST;;1;1;XEUR;7938710;7058;
20.05.2025;06:57:25.407;FMEU SI 20250620 CS;SIMPLE_INSTRUMENT;EFP_IDX;EUR;13;370.72800000;34;EXCHANGE_LAST;;1;1;XEUR;7938710;7058;
20.05.2025;07:05:25.480;FMEU SI 20250620 CS;SIMPLE_INSTRUMENT;BLOCK;EUR;15;370.73000000;700;EXCHANGE_LAST;;1;1;XEUR;7938710;7058;
20.05.2025;08:37:01.223;FMEU SI 20250620 CS;SIMPLE_INSTRUMENT;BLOCK;EUR;24;370.73000000;700;EXCHANGE_LAST;;1;1;XEUR;7938710;7058;
20.05.2025;08:40:40.939;FMEU SI 20250620 CS;SIMPLE_INSTRUMENT;BLOCK;EUR;29;370.73000000;1360;EXCHANGE_LAST;;1;1;XEUR;7938710;7058;
20.05.2025;07:09:34.044;FMFP SI 20250620 CS;SIMPLE_INSTRUMENT;BLOCK;USD;19;2576.99000000;25;EXCHANGE_LAST;;1;1;XEUR;7411194;51999;
20.05.2025;13:50:21.874;FMGO SI 20250620 CS;SIMPLE_INSTRUMENT;BLOCK;USD;40;5633.00000000;50;EXCHANGE_LAST;;1;1;XEUR;8609371;583623;
20.05.2025;09:13:16.053;FMHK SI 20250620 CS;SIMPLE_INSTRUMENT;BLOCK;USD;30;63781.30100000;50;EXCHANGE_LAST;;2;1;XEUR;7939458;45282;
20.05.2025;00:33:57.178;FMID SI 20250620 CS;SIMPLE_INSTRUMENT;EFP_IDX;USD;1;1582.58500000;64;EXCHANGE_LAST;;1;1;XEUR;7939464;45289;
20.05.2025;00:51:12.970;FMID SI 20250620 CS;SIMPLE_INSTRUMENT;BLOCK;USD;2;1582.14300000;95;EXCHANGE_LAST;;1;1;XEUR;7939464;45289;
20.05.2025;02:07:18.761;FMIN SI 20250620 CS;SIMPLE_INSTRUMENT;EFP_IDX;USD;1;1297.88600000;45;EXCHANGE_LAST;;1;1;XEUR;7938852;12404;
20.05.2025;02:45:08.060;FMIN SI 20250620 CS;SIMPLE_INSTRUMENT;BLOCK;USD;2;1297.49800000;97;EXCHANGE_LAST;;1;1;XEUR;7938852;12404;
20.05.2025;08:37:41.557;FMJP SI 20250620 CS;SIMPLE_INSTRUMENT;BLOCK;USD;27;9280.00000000;1622;EXCHANGE_LAST;;2;2;XEUR;7937445;661;
20.05.2025;08:37:29.938;FMJP SI 20250919 CS;SIMPLE_INSTRUMENT;BLOCK;USD;28;9389.50400000;1603;EXCHANGE_LAST;;2;2;XEUR;8427138;661;
20.05.2025;09:39:52.354;FMJP SI 20250620 CS;SIMPLE_INSTRUMENT;BLOCK;USD;31;9300.00000000;4302;EXCHANGE_LAST;;1;1;XEUR;7937445;661;
20.05.2025;09:40:16.518;FMJP SI 20250919 CS;SIMPLE_INSTRUMENT;BLOCK;USD;32;9409.74000000;4252;EXCHANGE_LAST;;1;1;XEUR;8427138;661;
20.05.2025;07:05:49.128;FMMU SI 20250620 CS;SIMPLE_INSTRUMENT;EFP_IDX;EUR;18;338.74000000;40;EXCHANGE_LAST;;1;1;XEUR;7939646;48138;
20.05.2025;14:33:26.086;FMMU SI 20250620 CS;SIMPLE_INSTRUMENT;BLOCK;EUR;41;340.84000000;2065;EXCHANGE_LAST;;1;1;XEUR;7939646;48138;
20.05.2025;13:43:52.681;FMOV SI 20250620 CS;SIMPLE_INSTRUMENT;BLOCK;USD;39;14778.00000000;99;EXCHANGE_LAST;;1;1;XEUR;7939784;51878;
20.05.2025;11:04:25.343;FMSA SI 20250620 CS;SIMPLE_INSTRUMENT;BLOCK;USD;36;1753.54900000;85;EXCHANGE_LAST;;1;1;XEUR;7940199;134861;
20.05.2025;06:36:56.845;FMWN SI 20250620 CS;SIMPLE_INSTRUMENT;EFP_IDX;EUR;3;562.47000000;175;EXCHANGE_LAST;;1;1;XEUR;7939177;30654;
20.05.2025;06:37:14.865;FMWN SI 20250620 CS;SIMPLE_INSTRUMENT;EFP_IDX;EUR;4;562.47000000;150;EXCHANGE_LAST;;1;1;XEUR;7939177;30654;
20.05.2025;06:57:18.197;FMWN SI 20250620 CS;SIMPLE_INSTRUMENT;BLOCK;EUR;12;562.44500000;926;EXCHANGE_LAST;;1;1;XEUR;7939177;30654;
20.05.2025;07:02:38.677;FMWN SI 20250620 CS;SIMPLE_INSTRUMENT;BLOCK;EUR;14;562.55500000;336;EXCHANGE_LAST;;1;1;XEUR;7939177;30654;
20.05.2025;07:11:23.498;FMWN SI 20250620 CS;SIMPLE_INSTRUMENT;BLOCK;EUR;21;562.59000000;140;EXCHANGE_LAST;;1;1;XEUR;7939177;30654;
20.05.2025;07:20:35.187;FMWN SI 20250620 CS;SIMPLE_INSTRUMENT;BLOCK;EUR;23;562.50000000;750;EXCHANGE_LAST;;1;1;XEUR;7939177;30654;
20.05.2025;11:16:30.860;FMWN SI 20250620 CS;SIMPLE_INSTRUMENT;BLOCK;EUR;38;562.47000000;500;EXCHANGE_LAST;;1;1;XEUR;7939177;30654;
20.05.2025;15:30:37.261;FMWN SI 20250620 CS;SIMPLE_INSTRUMENT;BLOCK;EUR;42;562.15000000;380;EXCHANGE_LAST;;1;1;XEUR;7939177;30654;
20.05.2025;06:44:06.411;FMWO SI 20250620 CS;SIMPLE_INSTRUMENT;EFP_IDX;USD;5;12389.05000000;85;EXCHANGE_LAST;;1;1;XEUR;7938711;7059;
20.05.2025;06:44:14.547;FMWO SI 20250620 CS;SIMPLE_INSTRUMENT;EFP_IDX;USD;6;12387.95000000;31;EXCHANGE_LAST;;1;1;XEUR;7938711;7059;
20.05.2025;06:47:11.628;FMWO SI 20250620 CS;SIMPLE_INSTRUMENT;EFP_IDX;USD;7;12387.85000000;107;EXCHANGE_LAST;;1;1;XEUR;7938711;7059;
20.05.2025;06:51:57.794;FMWO SI 20250620 CS;SIMPLE_INSTRUMENT;BLOCK;USD;10;12390.10000000;400;EXCHANGE_LAST;;1;1;XEUR;7938711;7059;
20.05.2025;06:54:59.683;FMWO SI 20250620 CS;SIMPLE_INSTRUMENT;EFP_IDX;USD;11;12384.02000000;11;EXCHANGE_LAST;;1;1;XEUR;7938711;7059;
20.05.2025;07:05:04.567;FMWO SI 20250620 CS;SIMPLE_INSTRUMENT;EFP_IDX;USD;16;12388.35000000;11;EXCHANGE_LAST;;1;1;XEUR;7938711;7059;
20.05.2025;12:07:36.402;FO4I SI 20250620 CS;SIMPLE_INSTRUMENT;BLOCK;EUR;33;55.65760000;3000;EXCHANGE_LAST;;1;1;XEUR;11196103;57111;
20.05.2025;06:58:42.643;FOAT SI 20250606 PS;SIMPLE_INSTRUMENT;EFP_FIN;EUR;1;125.00000000;394;EXCHANGE_LAST;;1;1;XEUR;11820393;749;
20.05.2025;06:58:42.662;FOAT SI 20250606 PS;SIMPLE_INSTRUMENT;EFP_FIN;EUR;2;125.00000000;394;EXCHANGE_LAST;;1;1;XEUR;11820393;749;
20.05.2025;07:59:57.385;FOAT SI 20250606 PS;SIMPLE_INSTRUMENT;BLOCK;EUR;3;125.11000000;2434;EXCHANGE_LAST;;1;1;XEUR;11820393;749;
20.05.2025;08:12:34.868;FOAT SI 20250606 PS;SIMPLE_INSTRUMENT;EFP_FIN;EUR;4;124.98000000;788;EXCHANGE_LAST;;1;1;XEUR;11820393;749;
20.05.2025;08:44:33.445;FOAT SI 20250606 PS;SIMPLE_INSTRUMENT;EFP_FIN;EUR;5;125.09000000;480;EXCHANGE_LAST;;1;1;XEUR;11820393;749;
20.05.2025;08:46:27.015;FOAT SI 20250606 PS;SIMPLE_INSTRUMENT;EFP_FIN;EUR;6;124.98000000;394;EXCHANGE_LAST;;1;1;XEUR;11820393;749;
20.05.2025;08:48:00.619;FOAT SI 20250606 PS;SIMPLE_INSTRUMENT;EFP_FIN;EUR;7;124.98000000;394;EXCHANGE_LAST;;1;1;XEUR;11820393;749;
20.05.2025;09:28:11.710;FOAT SI 20250606 PS;SIMPLE_INSTRUMENT;EFP_FIN;EUR;8;125.07000000;985;EXCHANGE_LAST;;1;1;XEUR;11820393;749;
20.05.2025;09:33:47.275;FOAT SI 20250606 PS;SIMPLE_INSTRUMENT;EFP_FIN;EUR;9;125.08000000;2677;EXCHANGE_LAST;;1;1;XEUR;11820393;749;
20.05.2025;09:46:11.759;FOAT SI 20250606 PS;SIMPLE_INSTRUMENT;EFP_FIN;EUR;10;125.03000000;120;EXCHANGE_LAST;;1;1;XEUR;11820393;749;
20.05.2025;09:53:13.746;FOAT SI 20250606 PS;SIMPLE_INSTRUMENT;EFP_FIN;EUR;11;124.95000000;394;EXCHANGE_LAST;;1;1;XEUR;11820393;749;
20.05.2025;10:03:59.985;FOAT SI 20250606 PS;SIMPLE_INSTRUMENT;EFP_FIN;EUR;12;125.00000000;370;EXCHANGE_LAST;;1;1;XEUR;11820393;749;
20.05.2025;10:05:55.470;FOAT SI 20250606 PS;SIMPLE_INSTRUMENT;EFP_FIN;EUR;13;125.10000000;312;EXCHANGE_LAST;;1;1;XEUR;11820393;749;
20.05.2025;10:08:15.923;FOAT SI 20250606 PS;SIMPLE_INSTRUMENT;EFP_FIN;EUR;14;124.98000000;506;EXCHANGE_LAST;;1;1;XEUR;11820393;749;
20.05.2025;10:17:06.771;FOAT SI 20250606 PS;SIMPLE_INSTRUMENT;EFP_FIN;EUR;15;124.92000000;370;EXCHANGE_LAST;;1;1;XEUR;11820393;749;
20.05.2025;10:19:15.956;FOAT SI 20250606 PS;SIMPLE_INSTRUMENT;EFP_FIN;EUR;16;124.96000000;2363;EXCHANGE_LAST;;1;1;XEUR;11820393;749;
20.05.2025;10:29:27.140;FOAT SI 20250606 PS;SIMPLE_INSTRUMENT;EFP_FIN;EUR;17;124.96000000;1182;EXCHANGE_LAST;;1;1;XEUR;11820393;749;
20.05.2025;10:29:44.112;FOAT SI 20250606 PS;SIMPLE_INSTRUMENT;EFP_FIN;EUR;18;124.95000000;370;EXCHANGE_LAST;;1;1;XEUR;11820393;749;
20.05.2025;10:29:46.997;FOAT SI 20250606 PS;SIMPLE_INSTRUMENT;EFP_FIN;EUR;19;124.96000000;1182;EXCHANGE_LAST;;1;1;XEUR;11820393;749;
20.05.2025;10:30:01.975;FOAT SI 20250606 PS;SIMPLE_INSTRUMENT;EFP_FIN;EUR;20;124.96000000;3152;EXCHANGE_LAST;;1;1;XEUR;11820393;749;
20.05.2025;10:59:12.143;FOAT SI 20250606 PS;SIMPLE_INSTRUMENT;EFP_FIN;EUR;21;124.97000000;1182;EXCHANGE_LAST;;1;1;XEUR;11820393;749;
20.05.2025;11:17:16.716;FOAT SI 20250606 PS;SIMPLE_INSTRUMENT;EFP_FIN;EUR;22;124.96000000;788;EXCHANGE_LAST;;1;1;XEUR;11820393;749;
20.05.2025;11:34:56.053;FOAT SI 20250606 PS;SIMPLE_INSTRUMENT;EFP_FIN;EUR;23;124.94000000;2363;EXCHANGE_LAST;;1;1;XEUR;11820393;749;
20.05.2025;11:38:05.076;FOAT SI 20250606 PS;SIMPLE_INSTRUMENT;EFP_FIN;EUR;24;124.90000000;158;EXCHANGE_LAST;;1;1;XEUR;11820393;749;
20.05.2025;11:51:19.887;FOAT SI 20250606 PS;SIMPLE_INSTRUMENT;EFS;EUR;25;124.86000000;247;EXCHANGE_LAST;;1;1;XEUR;11820393;749;
20.05.2025;11:56:03.096;FOAT SI 20250606 PS;SIMPLE_INSTRUMENT;EFP_FIN;EUR;26;124.95000000;2363;EXCHANGE_LAST;;1;1;XEUR;11820393;749;
20.05.2025;12:01:45.482;FOAT SI 20250606 PS;SIMPLE_INSTRUMENT;EFP_FIN;EUR;27;124.87000000;79;EXCHANGE_LAST;;1;1;XEUR;11820393;749;
20.05.2025;12:27:48.245;FOAT SI 20250606 PS;SIMPLE_INSTRUMENT;EFP_FIN;EUR;28;124.98000000;943;EXCHANGE_LAST;;1;1;XEUR;11820393;749;
20.05.2025;12:36:25.262;FOAT SI 20250606 PS;SIMPLE_INSTRUMENT;EFP_FIN;EUR;29;124.87000000;1970;EXCHANGE_LAST;;1;1;XEUR;11820393;749;
20.05.2025;12:37:07.786;FOAT SI 20250606 PS;SIMPLE_INSTRUMENT;EFP_FIN;EUR;30;124.87000000;788;EXCHANGE_LAST;;1;1;XEUR;11820393;749;
20.05.2025;12:58:12.832;FOAT SI 20250606 PS;SIMPLE_INSTRUMENT;EFP_FIN;EUR;31;124.84000000;788;EXCHANGE_LAST;;1;1;XEUR;11820393;749;
20.05.2025;12:59:28.560;FOAT SI 20250606 PS;SIMPLE_INSTRUMENT;EFP_FIN;EUR;32;124.86000000;985;EXCHANGE_LAST;;1;1;XEUR;11820393;749;
20.05.2025;12:59:43.677;FOAT SI 20250606 PS;SIMPLE_INSTRUMENT;EFP_FIN;EUR;33;124.90000000;788;EXCHANGE_LAST;;1;1;XEUR;11820393;749;
20.05.2025;13:14:00.330;FOAT SI 20250606 PS;SIMPLE_INSTRUMENT;EFP_FIN;EUR;34;124.86000000;985;EXCHANGE_LAST;;1;1;XEUR;11820393;749;
20.05.2025;13:15:07.558;FOAT SI 20250606 PS;SIMPLE_INSTRUMENT;EFS;EUR;35;124.84000000;247;EXCHANGE_LAST;;1;1;XEUR;11820393;749;
20.05.2025;13:34:46.073;FOAT SI 20250606 PS;SIMPLE_INSTRUMENT;EFP_FIN;EUR;36;124.84000000;370;EXCHANGE_LAST;;1;1;XEUR;11820393;749;
20.05.2025;14:13:29.507;FOAT SI 20250606 PS;SIMPLE_INSTRUMENT;EFS;EUR;37;124.62000000;495;EXCHANGE_LAST;;1;1;XEUR;11820393;749;
20.05.2025;14:29:23.146;FOAT SI 20250606 PS;SIMPLE_INSTRUMENT;EFP_FIN;EUR;38;124.66000000;437;EXCHANGE_LAST;;1;1;XEUR;11820393;749;
20.05.2025;14:29:47.142;FOAT SI 20250606 PS;SIMPLE_INSTRUMENT;EFS;EUR;39;124.66000000;300;EXCHANGE_LAST;;1;1;XEUR;11820393;749;
20.05.2025;14:53:19.757;FOAT SI 20250606 PS;SIMPLE_INSTRUMENT;EFP_FIN;EUR;40;124.63000000;402;EXCHANGE_LAST;;1;1;XEUR;11820393;749;
20.05.2025;15:14:14.286;FOAT SI 20250606 PS;SIMPLE_INSTRUMENT;EFP_FIN;EUR;41;124.70000000;473;EXCHANGE_LAST;;1;1;XEUR;11820393;749;
20.05.2025;15:21:16.553;FOAT SI 20250606 PS;SIMPLE_INSTRUMENT;EFP_FIN;EUR;42;124.69000000;241;EXCHANGE_LAST;;1;1;XEUR;11820393;749;
20.05.2025;15:11:02.993;FOT SI 20250919 PS AM C 16.00 0;SIMPLE_INSTRUMENT;BLOCK;EUR;24;0.57000000;8200;EXCHANGE_LAST;;1;1;XEUR;13126058;751;
20.05.2025;15:10:52.377;FOT SI 20250919 PS AM C 16.00 0;SIMPLE_INSTRUMENT;BLOCK;EUR;25;0.56000000;1800;EXCHANGE_LAST;;1;1;XEUR;13126058;751;
20.05.2025;15:45:31.130;FSCE SI 20250620 CS;SIMPLE_INSTRUMENT;EFP_IDX;EUR;59;338.90000000;1200;EXCHANGE_LAST;;1;1;XEUR;11881882;763;
20.05.2025;15:45:11.454;FSCE SI 20250620 CS;SIMPLE_INSTRUMENT;EFP_IDX;EUR;60;339.00000000;800;EXCHANGE_LAST;;1;1;XEUR;11881882;763;
20.05.2025;15:45:18.177;FSEG SI 20250620 CS;SIMPLE_INSTRUMENT;EFP_IDX;EUR;65;204.20000000;10;EXCHANGE_LAST;;1;1;XEUR;11913120;109977;
20.05.2025;15:45:29.478;FSEG SI 20250620 CS;SIMPLE_INSTRUMENT;EFP_IDX;EUR;67;204.10000000;54;EXCHANGE_LAST;;1;1;XEUR;11913120;109977;
20.05.2025;15:46:20.428;FSEG SI 20250620 CS;SIMPLE_INSTRUMENT;EFP_IDX;EUR;71;204.20000000;11;EXCHANGE_LAST;;1;1;XEUR;11913120;109977;
20.05.2025;15:46:40.572;FSEG SI 20250620 CS;SIMPLE_INSTRUMENT;EFP_IDX;EUR;72;204.10000000;42;EXCHANGE_LAST;;1;1;XEUR;11913120;109977;
20.05.2025;15:58:36.480;FSEG SI 20250620 CS;SIMPLE_INSTRUMENT;BLOCK;EUR;75;204.10000000;2550;EXCHANGE_LAST;;2;1;XEUR;11913120;109977;
20.05.2025;15:58:43.347;FSEG SI 20250620 CS;SIMPLE_INSTRUMENT;BLOCK;EUR;76;204.20000000;450;EXCHANGE_LAST;;2;1;XEUR;11913120;109977;
20.05.2025;13:51:55.494;FSMI SI 20250620 CS;SIMPLE_INSTRUMENT;EFP_IDX;CHF;1;12450.00000000;400;EXCHANGE_LAST;;1;1;XEUR;7904351;757;
