#Date;TrdTime;Contract;ContractType;TrdTyp;Currency;TesId;Prc;Qty;TrdInd;Aggressor;Buy;Sell;Exch;InstrumentId;RelatedProdId;PrcDecomp
07.05.2025;15:05:59.731;A2DS SI 20271217 CS;SIMPLE_INSTRUMENT;BLOCK;EUR;81;3.20000000;75;EXCHANGE_LAST;;2;1;XEUR;8402734;9701;
07.05.2025;16:11:24.614;A2LV SI 20250620 CS;SIMPLE_INSTRUMENT;BLOCK;EUR;102;15.40000000;41;EXCHANGE_LAST;;1;1;XEUR;10827629;12;
07.05.2025;08:05:28.203;A2SG SI 20250620 CS;SIMPLE_INSTRUMENT;BLOCK;EUR;1;1.43000000;1144;EXCHANGE_LAST;;1;1;XEUR;10827627;14;
07.05.2025;10:49:34.867;A2SG SI 20250620 CS;SIMPLE_INSTRUMENT;BLOCK;EUR;34;1.43000000;2327;EXCHANGE_LAST;;3;4;XEUR;10827627;14;
07.05.2025;08:35:43.188;ADEN SI 20260320 PS AM P 18.00 0;SIMPLE_INSTRUMENT;BLOCK;CHF;7;1.38000000;2000;EXCHANGE_LAST;;1;1;XEUR;12994411;44;
07.05.2025;07:55:22.818;ADS SI 20250516 PS AM C 220.00 0;SIMPLE_INSTRUMENT;BLOCK;EUR;2;0.45000000;500;EXCHANGE_LAST;;1;1;XEUR;12812016;50;
07.05.2025;13:46:08.494;ADSG SI 20250620 CS;SIMPLE_INSTRUMENT;BLOCK;EUR;60;204.67000000;350;EXCHANGE_LAST;;1;1;XEUR;11167407;48;
07.05.2025;11:31:54.545;ALV SI 20250516 PS AM P 350.00 0;SIMPLE_INSTRUMENT;BLOCK;EUR;5;2.10000000;600;EXCHANGE_LAST;;1;1;XEUR;12812701;74;
07.05.2025;12:14:57.290;ALVG SI 20250620 CS;SIMPLE_INSTRUMENT;BLOCK;EUR;47;361.07500000;1500;EXCHANGE_LAST;;1;1;XEUR;11168195;85;
07.05.2025;16:06:06.379;ALVG SI 20250620 CS;SIMPLE_INSTRUMENT;BLOCK;EUR;101;361.25000000;500;EXCHANGE_LAST;;1;1;XEUR;11168195;85;
07.05.2025;12:26:37.171;ANN SI 20250620 PS AM P 20.00 0;SIMPLE_INSTRUMENT;BLOCK;EUR;13;0.08000000;1000;EXCHANGE_LAST;;1;1;XEUR;7921057;45202;
07.05.2025;12:43:53.233;ANN SI 20250919 PS AM P 27.00 0;SIMPLE_INSTRUMENT;BLOCK;EUR;18;1.42000000;36050;EXCHANGE_LAST;;3;6;XEUR;12936987;45202;
07.05.2025;13:15:36.466;ANN.O.250507.BRT.000010;STANDARD_OPTION_STRATEGY;BLOCK;EUR;19;1.65000000;2000;EXCHANGE_LAST;;2;1;XEUR;72251735149670425;45202;
07.05.2025;13:15:36.466;ANN SI 20260320 PS AM P 28.00 0;SIMPLE_INSTRUMENT;BLOCK;EUR;19;2.59000000;2000;PRC_DECOMP_EXCHANGE;;;;XEUR;13030914;45202;EXCHANGE
07.05.2025;13:15:36.466;ANN SI 20250620 PS AM P 28.00 0;SIMPLE_INSTRUMENT;BLOCK;EUR;19;0.94000000;2000;PRC_DECOMP_EXCHANGE;;;;XEUR;7921068;45202;EXCHANGE
07.05.2025;14:12:44.469;ANN.O.250507.RBUL.000013;STANDARD_OPTION_STRATEGY;BLOCK;EUR;28;-1.65000000;750;EXCHANGE_LAST;;1;1;XEUR;72251735149670428;45202;
07.05.2025;14:12:44.469;ANN SI 20250516 PS AM C 28.00 0;SIMPLE_INSTRUMENT;BLOCK;EUR;28;2.17000000;750;PRC_DECOMP_EXCHANGE;;;;XEUR;12838441;45202;EXCHANGE
07.05.2025;14:12:44.469;ANN SI 20250516 PS AM C 31.00 0;SIMPLE_INSTRUMENT;BLOCK;EUR;28;0.26000000;1500;PRC_DECOMP_EXCHANGE;;;;XEUR;12838420;45202;EXCHANGE
07.05.2025;08:13:22.445;ASGF SI 20250619 CS;SIMPLE_INSTRUMENT;BLOCK;EUR;2;32.94150000;6500;EXCHANGE_LAST;;1;1;XEUR;12186943;949862;
07.05.2025;10:49:46.523;ASGF SI 20250619 CS;SIMPLE_INSTRUMENT;BLOCK;EUR;33;32.74500000;26500;EXCHANGE_LAST;;3;4;XEUR;12186943;949862;
07.05.2025;13:10:34.283;ASGF SI 20250619 CS;SIMPLE_INSTRUMENT;BLOCK;EUR;50;32.93790000;5200;EXCHANGE_LAST;;1;1;XEUR;12186943;949862;
07.05.2025;09:05:28.783;ASM SI 20291221 PS AM C 640.00 0;SIMPLE_INSTRUMENT;BLOCK;EUR;3;184.00000000;150;EXCHANGE_LAST;;1;1;XEUR;12432634;107;
07.05.2025;13:47:43.953;ASM.O.250507.BUL.000004;STANDARD_OPTION_STRATEGY;BLOCK;EUR;12;1.45000000;300;EXCHANGE_LAST;;2;1;XEUR;72058053599446844;107;
07.05.2025;13:47:43.953;ASM SI 20250516 PS AM C 650.00 0;SIMPLE_INSTRUMENT;BLOCK;EUR;12;2.44000000;300;PRC_DECOMP_EXCHANGE;;;;XEUR;12813044;107;EXCHANGE
07.05.2025;13:47:43.953;ASM SI 20250516 PS AM C 680.00 0;SIMPLE_INSTRUMENT;BLOCK;EUR;12;0.99000000;300;PRC_DECOMP_EXCHANGE;;;;XEUR;12813009;107;EXCHANGE
07.05.2025;08:30:24.045;AXA.O.250507.PDIA.000002;STANDARD_OPTION_STRATEGY;BLOCK;EUR;6;2.07000000;1250;EXCHANGE_LAST;;1;1;XEUR;72058139498795552;127;
07.05.2025;08:30:24.045;AXA SI 20251219 PS AM P 40.00 0;SIMPLE_INSTRUMENT;BLOCK;EUR;6;2.23000000;1250;PRC_DECOMP_MEMBER;;;;XEUR;7227096;127;MEMBER
07.05.2025;08:30:24.045;AXA SI 20250620 PS AM P 36.00 0;SIMPLE_INSTRUMENT;BLOCK;EUR;6;0.16000000;1250;PRC_DECOMP_MEMBER;;;;XEUR;8111506;127;MEMBER
07.05.2025;12:50:59.601;AXA SI 20250620 PS AM P 35.00 0;SIMPLE_INSTRUMENT;BLOCK;EUR;21;0.14000000;1250;EXCHANGE_LAST;;1;1;XEUR;12767491;127;
07.05.2025;13:45:46.340;AXA.O.250507.STD.000004;STANDARD_OPTION_STRATEGY;BLOCK;EUR;23;8.15000000;1500;EXCHANGE_LAST;;1;1;XEUR;72058139498795554;127;
07.05.2025;13:45:46.340;AXA SI 20260619 PS AM P 39.00 0;SIMPLE_INSTRUMENT;BLOCK;EUR;23;3.27000000;1500;PRC_DECOMP_EXCHANGE;;;;XEUR;12767509;127;EXCHANGE
07.05.2025;13:45:46.340;AXA SI 20260619 PS AM C 39.00 0;SIMPLE_INSTRUMENT;BLOCK;EUR;23;4.88000000;1500;PRC_DECOMP_EXCHANGE;;;;XEUR;12767437;127;EXCHANGE
07.05.2025;15:13:37.640;AXA SI 20260320 PS AM P 34.00 0;SIMPLE_INSTRUMENT;BLOCK;EUR;30;1.06000000;3000;EXCHANGE_LAST;;1;1;XEUR;12996281;127;
07.05.2025;15:44:36.572;AXAG SI 20250620 CS;SIMPLE_INSTRUMENT;BLOCK;EUR;91;40.76800000;5000;EXCHANGE_LAST;;1;1;XEUR;11168731;125;
07.05.2025;08:38:17.232;B2MW SI 20261218 CS;SIMPLE_INSTRUMENT;BLOCK;EUR;4;3.20000000;425;EXCHANGE_LAST;;1;3;XEUR;4632168;128;
07.05.2025;10:33:48.399;B2MW SI 20261218 CS;SIMPLE_INSTRUMENT;BLOCK;EUR;29;3.24000000;300;EXCHANGE_LAST;;1;3;XEUR;4632168;128;
07.05.2025;10:03:02.136;B2NP SI 20261218 CS;SIMPLE_INSTRUMENT;BLOCK;EUR;19;4.87000000;200;EXCHANGE_LAST;;1;2;XEUR;6798320;131;
07.05.2025;13:23:40.045;B2NP SI 20271217 CS;SIMPLE_INSTRUMENT;BLOCK;EUR;54;4.51000000;200;EXCHANGE_LAST;;1;1;XEUR;7086925;131;
07.05.2025;15:23:41.830;B2NP SI 20271217 CS;SIMPLE_INSTRUMENT;BLOCK;EUR;85;4.51000000;200;EXCHANGE_LAST;;1;1;XEUR;7086925;131;
07.05.2025;15:25:53.753;B2NP SI 20261218 CS;SIMPLE_INSTRUMENT;BLOCK;EUR;86;4.84000000;200;EXCHANGE_LAST;;1;1;XEUR;6798320;131;
07.05.2025;08:49:15.436;B2PE SI 20250620 CS;SIMPLE_INSTRUMENT;BLOCK;EUR;7;0.60000000;9708;EXCHANGE_LAST;;1;1;XEUR;12178633;949835;
07.05.2025;14:04:07.771;B2PE SI 20250620 CS;SIMPLE_INSTRUMENT;BLOCK;EUR;67;0.60000000;880;EXCHANGE_LAST;;1;1;XEUR;12178633;949835;
07.05.2025;11:24:02.022;BAS SI 20251219 PS AM P 46.00 0;SIMPLE_INSTRUMENT;BLOCK;EUR;5;5.50000000;900;EXCHANGE_LAST;;1;1;XEUR;7509825;150;
07.05.2025;11:23:55.022;BAS SI 20251219 PS AM P 46.00 0;SIMPLE_INSTRUMENT;BLOCK;EUR;6;5.60000000;600;EXCHANGE_LAST;;1;1;XEUR;7509825;150;
07.05.2025;09:05:01.167;BAY.O.250507.BLT.000010;STANDARD_OPTION_STRATEGY;BLOCK;EUR;2;0.90000000;5000;EXCHANGE_LAST;;1;3;XEUR;72058315592510233;168;
07.05.2025;09:05:01.167;BAY SI 20250919 PS AM C 26.00 0;SIMPLE_INSTRUMENT;BLOCK;EUR;2;1.82000000;5000;PRC_DECOMP_EXCHANGE;;;;XEUR;11873101;168;EXCHANGE
07.05.2025;09:05:01.167;BAY SI 20251219 PS AM C 26.00 0;SIMPLE_INSTRUMENT;BLOCK;EUR;2;2.72000000;5000;PRC_DECOMP_EXCHANGE;;;;XEUR;11594950;168;EXCHANGE
07.05.2025;10:26:05.795;BAY SI 20251219 PS AM P 28.00 0;SIMPLE_INSTRUMENT;BLOCK;EUR;4;5.95000000;1000;EXCHANGE_LAST;;1;1;XEUR;6068400;168;
07.05.2025;11:28:41.189;BAY.O.250507.BLT.000015;STANDARD_OPTION_STRATEGY;BLOCK;EUR;7;1.85000000;7500;EXCHANGE_LAST;;1;1;XEUR;72058315592510238;168;
07.05.2025;11:28:41.189;BAY SI 20250620 PS AM C 27.00 0;SIMPLE_INSTRUMENT;BLOCK;EUR;7;0.52000000;7500;PRC_DECOMP_EXCHANGE;;;;XEUR;11992379;168;EXCHANGE
07.05.2025;11:28:41.189;BAY SI 20251219 PS AM C 27.00 0;SIMPLE_INSTRUMENT;BLOCK;EUR;7;2.37000000;7500;PRC_DECOMP_EXCHANGE;;;;XEUR;12224661;168;EXCHANGE
07.05.2025;15:32:44.893;BAY SI 20250516 PS AM C 24.00 0;SIMPLE_INSTRUMENT;BLOCK;EUR;12;0.61000000;1000;EXCHANGE_LAST;;1;1;XEUR;12814228;168;
07.05.2025;10:47:16.071;BMW SI 20250620 PS AM P 84.00 0;SIMPLE_INSTRUMENT;BLOCK;EUR;7;12.13000000;2000;EXCHANGE_LAST;;2;1;XEUR;7899908;210;
07.05.2025;11:02:00.082;BMW SI 20250620 PS AM P 84.00 0;SIMPLE_INSTRUMENT;BLOCK;EUR;8;12.13000000;1400;EXCHANGE_LAST;;1;2;XEUR;7899908;210;
07.05.2025;11:05:16.850;BMW SI 20251219 PS AM P 64.00 0;SIMPLE_INSTRUMENT;BLOCK;EUR;9;3.25000000;500;EXCHANGE_LAST;;1;1;XEUR;12435175;210;
07.05.2025;11:53:32.378;BMW SI 20250620 PS AM P 84.00 0;SIMPLE_INSTRUMENT;BLOCK;EUR;14;12.13000000;1200;EXCHANGE_LAST;;1;1;XEUR;7899908;210;
07.05.2025;11:49:51.866;BMW SI 20250620 PS AM C 84.00 0;SIMPLE_INSTRUMENT;BLOCK;EUR;15;0.29000000;400;EXCHANGE_LAST;;1;1;XEUR;7899911;210;
07.05.2025;12:33:22.202;BMW SI 20251219 PS AM C 72.00 0;SIMPLE_INSTRUMENT;BLOCK;EUR;20;7.15000000;1000;EXCHANGE_LAST;;1;1;XEUR;11992510;210;
07.05.2025;15:25:40.413;BMW SI 20250516 PS AM C 75.00 0;SIMPLE_INSTRUMENT;BLOCK;EUR;31;1.73000000;500;EXCHANGE_LAST;;1;1;XEUR;12814758;210;
07.05.2025;14:46:32.264;BNP.O.250507.BUL.000006;STANDARD_OPTION_STRATEGY;BLOCK;EUR;28;1.12000000;1000;EXCHANGE_LAST;;1;1;XEUR;72058611945200392;237;
07.05.2025;14:46:32.264;BNP SI 20251219 PS AM C 82.00 0;SIMPLE_INSTRUMENT;BLOCK;EUR;28;2.21000000;1000;PRC_DECOMP_EXCHANGE;;;;XEUR;12761983;237;EXCHANGE
07.05.2025;14:46:32.264;BNP SI 20251219 PS AM C 88.00 0;SIMPLE_INSTRUMENT;BLOCK;EUR;28;1.09000000;1000;PRC_DECOMP_EXCHANGE;;;;XEUR;7245862;237;EXCHANGE
07.05.2025;16:06:42.760;BNPH SI 20250620 CS;SIMPLE_INSTRUMENT;BLOCK;EUR;100;72.10000000;1000;EXCHANGE_LAST;;1;1;XEUR;11170600;236;
07.05.2025;08:49:11.910;BPEF SI 20250619 CS;SIMPLE_INSTRUMENT;BLOCK;EUR;6;6.83330000;11000;EXCHANGE_LAST;;1;1;XEUR;11161772;226;
07.05.2025;14:04:03.318;BPEF SI 20250619 CS;SIMPLE_INSTRUMENT;BLOCK;EUR;66;6.83480000;1000;EXCHANGE_LAST;;1;1;XEUR;11161772;226;
07.05.2025;13:29:39.062;BPV.O.250507.BUL.000001;STANDARD_OPTION_STRATEGY;BLOCK;EUR;9;0.49000000;2000;EXCHANGE_LAST;;2;1;XEUR;72058672074719316;251;
07.05.2025;13:29:39.062;BPV SI 20250918 PS AM C 9.00 0;SIMPLE_INSTRUMENT;BLOCK;EUR;9;1.03050000;2000;PRC_DECOMP_EXCHANGE;;;;XEUR;11862994;251;EXCHANGE
07.05.2025;13:29:39.062;BPV SI 20250918 PS AM C 10.00 0;SIMPLE_INSTRUMENT;BLOCK;EUR;9;0.54050000;2000;PRC_DECOMP_EXCHANGE;;;;XEUR;11863004;251;EXCHANGE
07.05.2025;11:21:15.922;BSD2 SI 20281215 PS AM P 6.00 0;SIMPLE_INSTRUMENT;BLOCK;EUR;4;1.21000000;4000;EXCHANGE_LAST;;1;1;XEUR;10399043;245;
07.05.2025;14:02:06.375;C3AR SI 20271217 CS;SIMPLE_INSTRUMENT;BLOCK;EUR;63;0.84500000;600;EXCHANGE_LAST;;1;2;XEUR;8375173;256;
07.05.2025;14:47:33.117;C4RI SI 20261218 CS;SIMPLE_INSTRUMENT;BLOCK;EUR;79;2.88000000;250;EXCHANGE_LAST;;1;2;XEUR;6821680;50862;
07.05.2025;14:54:59.870;CBK SI 20261218 PS AM C 20.00 0;SIMPLE_INSTRUMENT;BLOCK;EUR;9;7.15000000;6000;EXCHANGE_LAST;;2;1;XEUR;9040226;268;
07.05.2025;15:38:47.663;CBK SI 20250919 PS AM C 22.00 0;SIMPLE_INSTRUMENT;BLOCK;EUR;10;3.63000000;1500;EXCHANGE_LAST;;1;1;XEUR;11875677;268;
07.05.2025;09:39:02.276;D3AI SI 20261218 CS;SIMPLE_INSTRUMENT;BLOCK;EUR;10;2.52500000;500;EXCHANGE_LAST;;2;2;XEUR;7144051;443197;
07.05.2025;10:10:37.679;D3AI SI 20261218 CS;SIMPLE_INSTRUMENT;BLOCK;EUR;22;2.52500000;150;EXCHANGE_LAST;;2;2;XEUR;7144051;443197;
07.05.2025;10:15:32.217;D3AI SI 20261218 CS;SIMPLE_INSTRUMENT;BLOCK;EUR;25;2.52500000;50;EXCHANGE_LAST;;1;1;XEUR;7144051;443197;
07.05.2025;15:57:06.528;D3AI SI 20250620 CS;SIMPLE_INSTRUMENT;BLOCK;EUR;93;4.30000000;251;EXCHANGE_LAST;;1;2;XEUR;10884356;443197;
07.05.2025;08:27:32.915;DAI SI 20250516 PS AM C 54.00 0;SIMPLE_INSTRUMENT;BLOCK;EUR;2;0.52000000;750;EXCHANGE_LAST;;1;1;XEUR;12852494;443196;
07.05.2025;08:44:58.860;DAI.O.250507.BRT.000013;STANDARD_OPTION_STRATEGY;BLOCK;EUR;3;1.97000000;775;EXCHANGE_LAST;;1;1;XEUR;73961106363665451;443196;
07.05.2025;08:44:58.860;DAI SI 20261218 PS AM P 68.00 0;SIMPLE_INSTRUMENT;BLOCK;EUR;3;18.91000000;775;PRC_DECOMP_EXCHANGE;;;;XEUR;7190186;443196;EXCHANGE
07.05.2025;08:44:58.860;DAI SI 20251219 PS AM P 68.00 0;SIMPLE_INSTRUMENT;BLOCK;EUR;3;16.94000000;775;PRC_DECOMP_EXCHANGE;;;;XEUR;7144550;443196;EXCHANGE
07.05.2025;08:47:02.282;DAI SI 20291221 PS AM P 48.00 0;SIMPLE_INSTRUMENT;BLOCK;EUR;5;10.68000000;1000;EXCHANGE_LAST;;1;1;XEUR;12490271;443196;
07.05.2025;11:32:06.474;DAI SI 20261218 PS AM C 52.00 0;SIMPLE_INSTRUMENT;BLOCK;EUR;13;6.10000000;2000;EXCHANGE_LAST;;2;1;XEUR;7190093;443196;
07.05.2025;11:54:05.985;DAI SI 20271217 PS AM P 44.00 0;SIMPLE_INSTRUMENT;BLOCK;EUR;16;6.20000000;3750;EXCHANGE_LAST;;1;1;XEUR;8833338;443196;
07.05.2025;11:54:12.062;DAI SI 20271217 PS AM C 56.00 0;SIMPLE_INSTRUMENT;BLOCK;EUR;17;6.35000000;2500;EXCHANGE_LAST;;1;1;XEUR;9836500;443196;
07.05.2025;12:25:45.379;DAI.O.250507.BUL.000031;STANDARD_OPTION_STRATEGY;BLOCK;EUR;19;1.25000000;1625;EXCHANGE_LAST;;1;1;XEUR;73961106363665469;443196;
07.05.2025;12:25:45.379;DAI SI 20261218 PS AM C 60.00 0;SIMPLE_INSTRUMENT;BLOCK;EUR;19;3.00000000;1625;PRC_DECOMP_MEMBER;;;;XEUR;7190187;443196;MEMBER
07.05.2025;12:25:45.379;DAI SI 20261218 PS AM C 56.00 0;SIMPLE_INSTRUMENT;BLOCK;EUR;19;4.25000000;1625;PRC_DECOMP_MEMBER;;;;XEUR;7362235;443196;MEMBER
07.05.2025;12:50:11.225;DAI.O.250507.STG.000034;STANDARD_OPTION_STRATEGY;BLOCK;EUR;22;3.72000000;1250;EXCHANGE_LAST;;1;1;XEUR;73961106363665472;443196;
07.05.2025;12:50:11.225;DAI SI 20250919 PS AM C 60.00 0;SIMPLE_INSTRUMENT;BLOCK;EUR;22;0.60000000;1250;PRC_DECOMP_EXCHANGE;;;;XEUR;11925649;443196;EXCHANGE
07.05.2025;12:50:11.225;DAI SI 20250919 PS AM P 50.00 0;SIMPLE_INSTRUMENT;BLOCK;EUR;22;3.12000000;1250;PRC_DECOMP_EXCHANGE;;;;XEUR;11925616;443196;EXCHANGE
07.05.2025;14:36:04.148;DAI SI 20250620 PS AM P 50.00 0;SIMPLE_INSTRUMENT;BLOCK;EUR;26;1.76000000;1500;EXCHANGE_LAST;;1;1;XEUR;11407736;443196;
07.05.2025;15:54:46.958;DAIG SI 20250620 CS;SIMPLE_INSTRUMENT;BLOCK;EUR;92;50.49000000;3000;EXCHANGE_LAST;;1;2;XEUR;11207841;443203;
07.05.2025;10:31:14.856;DAIP SI 20250620 PS;SIMPLE_INSTRUMENT;BLOCK;EUR;31;50.70000000;330;EXCHANGE_LAST;;1;1;XEUR;11198928;124292;
07.05.2025;14:01:43.294;DHE SI 20250620 PS AM P 24.00 0;SIMPLE_INSTRUMENT;BLOCK;EUR;27;1.70000000;1500;EXCHANGE_LAST;;1;4;XEUR;7924121;57135;
07.05.2025;09:05:44.692;DPW SI 20260320 PS AM P 36.00 0;SIMPLE_INSTRUMENT;BLOCK;EUR;2;2.89000000;750;EXCHANGE_LAST;;1;1;XEUR;13002499;445;
07.05.2025;09:43:25.674;DPW SI 20250620 PS AM P 36.00 0;SIMPLE_INSTRUMENT;BLOCK;EUR;4;0.83000000;2500;EXCHANGE_LAST;;1;2;XEUR;7902458;445;
07.05.2025;13:25:40.806;DPW SI 20250516 PS AM C 38.00 0;SIMPLE_INSTRUMENT;BLOCK;EUR;20;0.22000000;3396;EXCHANGE_LAST;;1;1;XEUR;12817745;445;
07.05.2025;13:46:50.013;DPW SI 20250516 PS AM C 37.50 0;SIMPLE_INSTRUMENT;BLOCK;EUR;23;0.44000000;1300;EXCHANGE_LAST;;1;1;XEUR;12817750;445;
07.05.2025;13:56:01.260;DPW SI 20250516 PS AM C 37.50 0;SIMPLE_INSTRUMENT;BLOCK;EUR;26;0.44000000;1500;EXCHANGE_LAST;;1;1;XEUR;12817750;445;
07.05.2025;15:56:35.564;DSMF SI 20250620 CS;SIMPLE_INSTRUMENT;BLOCK;EUR;99;92.60000000;1000;EXCHANGE_LAST;;1;1;XEUR;11173219;439;
07.05.2025;09:28:24.037;DUFN SI 20251219 PS AM P 28.00 0;SIMPLE_INSTRUMENT;BLOCK;CHF;16;0.40000000;750;EXCHANGE_LAST;;1;1;XEUR;10402262;418;
07.05.2025;12:57:07.987;E2NT SI 20251219 CS;SIMPLE_INSTRUMENT;BLOCK;EUR;48;1.01000000;500;EXCHANGE_LAST;;1;1;XEUR;3681294;470;
07.05.2025;15:18:44.862;E2NT SI 20281215 CS;SIMPLE_INSTRUMENT;BLOCK;EUR;84;0.76500000;500;EXCHANGE_LAST;;1;1;XEUR;6802271;470;
07.05.2025;10:59:22.682;EAD SI 20250919 PS AM P 150.00 0;SIMPLE_INSTRUMENT;BLOCK;EUR;14;8.10000000;650;EXCHANGE_LAST;;1;1;XEUR;13242272;465;
07.05.2025;13:23:48.158;EAD.O.250507.BUL.000007;STANDARD_OPTION_STRATEGY;BLOCK;EUR;22;3.50000000;503;EXCHANGE_LAST;;1;1;XEUR;72059591197748049;465;
07.05.2025;13:23:48.158;EAD SI 20250620 PS AM C 175.00 0;SIMPLE_INSTRUMENT;BLOCK;EUR;22;0.75000000;503;PRC_DECOMP_MEMBER;;;;XEUR;13242214;465;MEMBER
07.05.2025;13:23:48.158;EAD SI 20250620 PS AM C 160.00 0;SIMPLE_INSTRUMENT;BLOCK;EUR;22;4.25000000;503;PRC_DECOMP_MEMBER;;;;XEUR;13242220;465;MEMBER
07.05.2025;14:03:19.172;EAD SI 20250620 PS AM P 145.00 0;SIMPLE_INSTRUMENT;BLOCK;EUR;27;3.00000000;350;EXCHANGE_LAST;;1;1;XEUR;13242225;465;
07.05.2025;15:18:09.296;ENL5 SI 20251218 PS AM P 7.00 0;SIMPLE_INSTRUMENT;BLOCK;EUR;15;0.24500000;2000;EXCHANGE_LAST;;1;1;XEUR;6960713;500;
07.05.2025;10:06:34.081;ENR SI 20250516 PS AM C 76.00 0;SIMPLE_INSTRUMENT;BLOCK;EUR;6;1.23000000;1000;EXCHANGE_LAST;;2;1;XEUR;12873733;298530;
07.05.2025;10:54:13.012;ENR SI 20250516 PS AM P 70.00 0;SIMPLE_INSTRUMENT;BLOCK;EUR;10;1.25000000;3000;EXCHANGE_LAST;;2;1;XEUR;12848134;298530;
07.05.2025;11:01:06.922;ENR SI 20250516 PS AM P 70.00 0;SIMPLE_INSTRUMENT;BLOCK;EUR;11;1.25000000;500;EXCHANGE_LAST;;1;1;XEUR;12848134;298530;
07.05.2025;14:07:28.410;ENR SI 20250516 PS AM P 70.00 0;SIMPLE_INSTRUMENT;BLOCK;EUR;29;1.54000000;1000;EXCHANGE_LAST;;1;1;XEUR;12848134;298530;
07.05.2025;13:07:31.010;ENT5 SI 20251218 PS AM P 12.00 0;SIMPLE_INSTRUMENT;BLOCK;EUR;7;0.82000000;800;EXCHANGE_LAST;;1;2;XEUR;5911903;497;
07.05.2025;12:03:12.812;F3TE SI 20250620 CS;SIMPLE_INSTRUMENT;BLOCK;EUR;46;0.45000000;4263;EXCHANGE_LAST;;2;2;XEUR;10882016;390379;
07.05.2025;07:58:39.535;FBTP SI 20250606 PS;SIMPLE_INSTRUMENT;EFP_FIN;EUR;1;120.00000000;224;EXCHANGE_LAST;;1;1;XEUR;11820365;636;
07.05.2025;08:06:15.865;FBTP SI 20250606 PS;SIMPLE_INSTRUMENT;EFP_FIN;EUR;2;119.98000000;205;EXCHANGE_LAST;;1;1;XEUR;11820365;636;
07.05.2025;08:53:48.417;FBTP SI 20250606 PS;SIMPLE_INSTRUMENT;EFP_FIN;EUR;3;119.93000000;221;EXCHANGE_LAST;;1;1;XEUR;11820365;636;
07.05.2025;08:54:26.137;FBTP SI 20250606 PS;SIMPLE_INSTRUMENT;BLOCK;EUR;4;119.92000000;1936;EXCHANGE_LAST;;1;1;XEUR;11820365;636;
07.05.2025;09:53:08.427;FBTP SI 20250606 PS;SIMPLE_INSTRUMENT;EFP_FIN;EUR;5;120.19000000;275;EXCHANGE_LAST;;1;1;XEUR;11820365;636;
07.05.2025;10:50:33.029;FBTP SI 20250606 PS;SIMPLE_INSTRUMENT;EFP_FIN;EUR;6;120.28000000;175;EXCHANGE_LAST;;1;1;XEUR;11820365;636;
07.05.2025;10:58:32.191;FBTP SI 20250606 PS;SIMPLE_INSTRUMENT;EFP_FIN;EUR;7;120.13000000;2015;EXCHANGE_LAST;;1;1;XEUR;11820365;636;
07.05.2025;11:13:04.424;FBTP SI 20250606 PS;SIMPLE_INSTRUMENT;EFP_FIN;EUR;8;120.29000000;1070;EXCHANGE_LAST;;1;1;XEUR;11820365;636;
07.05.2025;11:17:43.633;FBTP SI 20250606 PS;SIMPLE_INSTRUMENT;EFP_FIN;EUR;9;120.34000000;1211;EXCHANGE_LAST;;1;1;XEUR;11820365;636;
07.05.2025;11:24:02.218;FBTP SI 20250606 PS;SIMPLE_INSTRUMENT;EFP_FIN;EUR;10;120.29000000;129;EXCHANGE_LAST;;1;1;XEUR;11820365;636;
07.05.2025;11:42:57.275;FBTP SI 20250606 PS;SIMPLE_INSTRUMENT;EFP_FIN;EUR;11;120.34000000;279;EXCHANGE_LAST;;1;1;XEUR;11820365;636;
07.05.2025;11:44:17.474;FBTP SI 20250606 PS;SIMPLE_INSTRUMENT;EFP_FIN;EUR;12;120.34000000;66;EXCHANGE_LAST;;1;1;XEUR;11820365;636;
07.05.2025;11:44:36.338;FBTP SI 20250606 PS;SIMPLE_INSTRUMENT;EFP_FIN;EUR;13;120.35000000;371;EXCHANGE_LAST;;1;1;XEUR;11820365;636;
07.05.2025;11:45:29.999;FBTP SI 20250606 PS;SIMPLE_INSTRUMENT;EFP_FIN;EUR;14;120.34000000;89;EXCHANGE_LAST;;1;1;XEUR;11820365;636;
07.05.2025;11:54:25.601;FBTP SI 20250606 PS;SIMPLE_INSTRUMENT;EFP_FIN;EUR;15;120.35000000;310;EXCHANGE_LAST;;1;1;XEUR;11820365;636;
07.05.2025;11:59:03.131;FBTP SI 20250606 PS;SIMPLE_INSTRUMENT;EFP_FIN;EUR;16;120.32000000;133;EXCHANGE_LAST;;1;1;XEUR;11820365;636;
07.05.2025;12:00:53.557;FBTP SI 20250606 PS;SIMPLE_INSTRUMENT;EFP_FIN;EUR;17;120.32000000;354;EXCHANGE_LAST;;1;1;XEUR;11820365;636;
07.05.2025;12:00:53.577;FBTP SI 20250606 PS;SIMPLE_INSTRUMENT;EFP_FIN;EUR;18;120.32000000;310;EXCHANGE_LAST;;1;1;XEUR;11820365;636;
07.05.2025;12:02:36.205;FBTP SI 20250606 PS;SIMPLE_INSTRUMENT;EFP_FIN;EUR;19;120.35000000;242;EXCHANGE_LAST;;1;1;XEUR;11820365;636;
07.05.2025;12:04:31.153;FBTP SI 20250606 PS;SIMPLE_INSTRUMENT;EFP_FIN;EUR;20;120.35000000;173;EXCHANGE_LAST;;1;1;XEUR;11820365;636;
07.05.2025;12:42:00.431;FBTP SI 20250606 PS;SIMPLE_INSTRUMENT;EFP_FIN;EUR;21;120.37000000;265;EXCHANGE_LAST;;1;1;XEUR;11820365;636;
07.05.2025;12:47:40.809;FBTP SI 20250606 PS;SIMPLE_INSTRUMENT;EFP_FIN;EUR;22;120.35000000;969;EXCHANGE_LAST;;1;1;XEUR;11820365;636;
07.05.2025;12:48:24.698;FBTP SI 20250606 PS;SIMPLE_INSTRUMENT;EFS;EUR;23;120.35000000;124;EXCHANGE_LAST;;1;1;XEUR;11820365;636;
07.05.2025;12:49:07.448;FBTP SI 20250606 PS;SIMPLE_INSTRUMENT;EFP_FIN;EUR;24;120.40000000;484;EXCHANGE_LAST;;1;1;XEUR;11820365;636;
07.05.2025;12:56:14.046;FBTP SI 20250606 PS;SIMPLE_INSTRUMENT;EFP_FIN;EUR;25;120.39000000;1050;EXCHANGE_LAST;;1;1;XEUR;11820365;636;
07.05.2025;13:00:25.733;FBTP SI 20250606 PS;SIMPLE_INSTRUMENT;EFP_FIN;EUR;26;120.35000000;969;EXCHANGE_LAST;;1;1;XEUR;11820365;636;
07.05.2025;13:05:02.252;FBTP SI 20250606 PS;SIMPLE_INSTRUMENT;EFP_FIN;EUR;27;120.38000000;96;EXCHANGE_LAST;;1;1;XEUR;11820365;636;
07.05.2025;13:08:14.402;FBTP SI 20250606 PS;SIMPLE_INSTRUMENT;EFP_FIN;EUR;28;120.38000000;932;EXCHANGE_LAST;;1;1;XEUR;11820365;636;
07.05.2025;13:14:35.891;FBTP SI 20250606 PS;SIMPLE_INSTRUMENT;EFP_FIN;EUR;29;120.40000000;242;EXCHANGE_LAST;;1;1;XEUR;11820365;636;
07.05.2025;13:47:39.860;FBTP SI 20250606 PS;SIMPLE_INSTRUMENT;EFP_FIN;EUR;31;120.43000000;1539;EXCHANGE_LAST;;1;1;XEUR;11820365;636;
07.05.2025;13:56:30.959;FBTP SI 20250606 PS;SIMPLE_INSTRUMENT;EFS;EUR;32;120.44000000;1180;EXCHANGE_LAST;;1;1;XEUR;11820365;636;
07.05.2025;14:03:09.788;FBTP SI 20250606 PS;SIMPLE_INSTRUMENT;EFP_FIN;EUR;33;120.38000000;244;EXCHANGE_LAST;;1;1;XEUR;11820365;636;
07.05.2025;14:06:48.352;FBTP SI 20250606 PS;SIMPLE_INSTRUMENT;BLOCK;EUR;34;120.44000000;500;EXCHANGE_LAST;;1;1;XEUR;11820365;636;
07.05.2025;14:07:00.007;FBTP SI 20250606 PS;SIMPLE_INSTRUMENT;BLOCK;EUR;35;120.47000000;500;EXCHANGE_LAST;;1;1;XEUR;11820365;636;
07.05.2025;14:18:25.161;FBTP SI 20250606 PS;SIMPLE_INSTRUMENT;EFP_FIN;EUR;36;120.52000000;221;EXCHANGE_LAST;;1;1;XEUR;11820365;636;
07.05.2025;14:32:02.042;FBTP SI 20250606 PS;SIMPLE_INSTRUMENT;EFP_FIN;EUR;37;120.52000000;224;EXCHANGE_LAST;;1;1;XEUR;11820365;636;
07.05.2025;14:40:16.915;FBTP SI 20250606 PS;SIMPLE_INSTRUMENT;EFP_FIN;EUR;38;120.53000000;166;EXCHANGE_LAST;;1;1;XEUR;11820365;636;
07.05.2025;15:13:17.593;FBTP SI 20250606 PS;SIMPLE_INSTRUMENT;EFP_FIN;EUR;39;120.54000000;94;EXCHANGE_LAST;;1;1;XEUR;11820365;636;
07.05.2025;15:14:35.452;FBTP SI 20250606 PS;SIMPLE_INSTRUMENT;EFP_FIN;EUR;40;120.54000000;89;EXCHANGE_LAST;;1;1;XEUR;11820365;636;
07.05.2025;15:15:03.305;FBTP SI 20250606 PS;SIMPLE_INSTRUMENT;BLOCK;EUR;41;120.52000000;2243;EXCHANGE_LAST;;1;1;XEUR;11820365;636;
07.05.2025;15:28:35.430;FBTP SI 20250606 PS;SIMPLE_INSTRUMENT;BLOCK;EUR;42;120.52000000;1792;EXCHANGE_LAST;;1;1;XEUR;11820365;636;
07.05.2025;15:41:35.265;FBTP SI 20250606 PS;SIMPLE_INSTRUMENT;EFP_FIN;EUR;43;120.58000000;221;EXCHANGE_LAST;;1;1;XEUR;11820365;636;
07.05.2025;10:02:38.566;FBTS SI 20250606 PS;SIMPLE_INSTRUMENT;BLOCK;EUR;10;108.18000000;286;EXCHANGE_LAST;;1;1;XEUR;11820367;639;
07.05.2025;11:27:20.565;FBTS SI 20250606 PS;SIMPLE_INSTRUMENT;BLOCK;EUR;16;108.19000000;524;EXCHANGE_LAST;;1;1;XEUR;11820367;639;
07.05.2025;11:33:02.287;FBTS SI 20250606 PS;SIMPLE_INSTRUMENT;EFP_FIN;EUR;18;108.19000000;1428;EXCHANGE_LAST;;1;1;XEUR;11820367;639;
07.05.2025;11:37:00.587;FBTS SI 20250606 PS;SIMPLE_INSTRUMENT;EFP_FIN;EUR;19;108.18000000;1160;EXCHANGE_LAST;;1;1;XEUR;11820367;639;
07.05.2025;11:49:51.140;FBTS SI 20250606 PS;SIMPLE_INSTRUMENT;EFP_FIN;EUR;20;108.18000000;238;EXCHANGE_LAST;;1;1;XEUR;11820367;639;
07.05.2025;12:00:25.640;FBTS SI 20250606 PS;SIMPLE_INSTRUMENT;EFP_FIN;EUR;21;108.18000000;476;EXCHANGE_LAST;;1;1;XEUR;11820367;639;
07.05.2025;12:00:29.784;FBTS SI 20250606 PS;SIMPLE_INSTRUMENT;EFP_FIN;EUR;22;108.18000000;952;EXCHANGE_LAST;;1;1;XEUR;11820367;639;
07.05.2025;12:14:56.495;FBTS SI 20250606 PS;SIMPLE_INSTRUMENT;EFP_FIN;EUR;23;108.18000000;1160;EXCHANGE_LAST;;1;1;XEUR;11820367;639;
07.05.2025;12:41:27.773;FBTS SI 20250606 PS;SIMPLE_INSTRUMENT;EFP_FIN;EUR;25;108.18000000;971;EXCHANGE_LAST;;1;1;XEUR;11820367;639;
07.05.2025;13:50:13.746;FBTS SI 20250606 PS;SIMPLE_INSTRUMENT;EFP_FIN;EUR;31;108.18000000;1160;EXCHANGE_LAST;;1;1;XEUR;11820367;639;
07.05.2025;15:05:14.508;FBTS SI 20250606 PS;SIMPLE_INSTRUMENT;EFP_FIN;EUR;34;108.17000000;95;EXCHANGE_LAST;;1;1;XEUR;11820367;639;
07.05.2025;15:10:35.527;FBTS SI 20250606 PS;SIMPLE_INSTRUMENT;EFP_FIN;EUR;35;108.20000000;806;EXCHANGE_LAST;;1;1;XEUR;11820367;639;
07.05.2025;15:39:51.259;FBTS SI 20250606 PS;SIMPLE_INSTRUMENT;EFP_FIN;EUR;37;108.22000000;434;EXCHANGE_LAST;;1;1;XEUR;11820367;639;
07.05.2025;15:12:41.954;FCEU SI 20250616 PS;SIMPLE_INSTRUMENT;BLOCK;USD;1;1.13948000;384;EXCHANGE_LAST;;1;1;XEUR;7879022;369376;
07.05.2025;12:51:29.665;FDAX SI 20250620 CS;SIMPLE_INSTRUMENT;BLOCK;EUR;1;23350.00000000;300;EXCHANGE_LAST;;1;1;XEUR;7903800;589;
07.05.2025;12:52:53.649;FDAX SI 20250620 CS;SIMPLE_INSTRUMENT;EFP_IDX;EUR;2;23350.00000000;200;EXCHANGE_LAST;;1;1;XEUR;7903800;589;
07.05.2025;15:50:59.132;FDAX SI 20250620 CS;SIMPLE_INSTRUMENT;EFP_IDX;EUR;3;23233.00000000;70;EXCHANGE_LAST;;1;1;XEUR;7903800;589;
07.05.2025;15:51:14.968;FDAX SI 20250620 CS;SIMPLE_INSTRUMENT;EFP_IDX;EUR;4;23234.00000000;59;EXCHANGE_LAST;;1;1;XEUR;7903800;589;
07.05.2025;08:17:25.842;FDAX SI 20250620 CS;SIMPLE_INSTRUMENT;VOLA;EUR;671088642;23360.00000000;41;EXCHANGE_LAST;;1;1;XEUR;7903800;589;
07.05.2025;14:46:39.304;FDAX SI 20250620 CS;SIMPLE_INSTRUMENT;VOLA;EUR;671088659;23308.00000000;36;EXCHANGE_LAST;;1;1;XEUR;7903800;589;
07.05.2025;14:20:53.361;FEBD SI 20271217 CS;SIMPLE_INSTRUMENT;BLOCK;EUR;27;9.57000000;1000;EXCHANGE_LAST;;1;1;XEUR;7776307;597;
07.05.2025;14:19:27.444;FEBD SI 20261218 CS;SIMPLE_INSTRUMENT;BLOCK;EUR;28;10.26000000;450;EXCHANGE_LAST;;1;1;XEUR;7158212;597;
07.05.2025;14:19:28.152;FEBD SI 20261218 CS;SIMPLE_INSTRUMENT;BLOCK;EUR;29;10.28000000;550;EXCHANGE_LAST;;1;1;XEUR;7158212;597;
07.05.2025;14:24:38.417;FEBD SI 20281215 CS;SIMPLE_INSTRUMENT;BLOCK;EUR;30;8.84000000;1000;EXCHANGE_LAST;;1;1;XEUR;7776305;597;
07.05.2025;15:34:59.198;FEBD SI 20291221 CS;SIMPLE_INSTRUMENT;BLOCK;EUR;33;8.40000000;1000;EXCHANGE_LAST;;1;1;XEUR;8782283;597;
07.05.2025;13:57:24.428;FECX SI 20250620 CS;SIMPLE_INSTRUMENT;BLOCK;EUR;23;167.11000000;130;EXCHANGE_LAST;;1;1;XEUR;11949125;410158;
07.05.2025;10:47:07.068;FEDV SI 20250620 CS;SIMPLE_INSTRUMENT;BLOCK;EUR;14;1909.00000000;3000;EXCHANGE_LAST;;1;1;XEUR;11880642;596;
07.05.2025;15:47:09.882;FEDV SI 20250620 CS;SIMPLE_INSTRUMENT;BLOCK;EUR;36;1908.00000000;100;EXCHANGE_LAST;;1;1;XEUR;11880642;596;
07.05.2025;15:47:30.557;FEDV SI 20250620 CS;SIMPLE_INSTRUMENT;BLOCK;EUR;38;1909.00000000;2400;EXCHANGE_LAST;;1;1;XEUR;11880642;596;
07.05.2025;15:55:45.301;FEDV SI 20250620 CS;SIMPLE_INSTRUMENT;EFP_IDX;EUR;40;1908.00000000;80;EXCHANGE_LAST;;1;1;XEUR;11880642;596;
07.05.2025;15:55:55.766;FEDV SI 20250620 CS;SIMPLE_INSTRUMENT;BLOCK;EUR;42;1909.00000000;1920;EXCHANGE_LAST;;1;1;XEUR;11880642;596;
07.05.2025;15:52:18.515;FEDV SI 20250620 CS;SIMPLE_INSTRUMENT;BLOCK;EUR;60;1908.50000000;159;EXCHANGE_LAST;;1;1;XEUR;11880642;596;
07.05.2025;15:52:28.557;FEDV SI 20250620 CS;SIMPLE_INSTRUMENT;BLOCK;EUR;61;1909.50000000;135;EXCHANGE_LAST;;1;1;XEUR;11880642;596;
07.05.2025;13:15:43.409;FES1 SI 20250620 PS;SIMPLE_INSTRUMENT;BLOCK;EUR;21;-30.40000000;132;EXCHANGE_LAST;;1;1;XEUR;11910814;58959;
07.05.2025;10:18:30.546;FESB SI 20250620 CS;SIMPLE_INSTRUMENT;BLOCK;EUR;21;186.60000000;3040;EXCHANGE_LAST;;1;1;XEUR;11880665;605;
07.05.2025;13:16:44.505;FESB SI 20250620 CS;SIMPLE_INSTRUMENT;BLOCK;EUR;24;186.95000000;2000;EXCHANGE_LAST;;1;1;XEUR;11880665;605;
07.05.2025;13:16:50.078;FESB SI 20250620 CS;SIMPLE_INSTRUMENT;BLOCK;EUR;25;186.90000000;2000;EXCHANGE_LAST;;1;1;XEUR;11880665;605;
07.05.2025;15:46:47.184;FESB SI 20250620 CS;SIMPLE_INSTRUMENT;BLOCK;EUR;35;186.70000000;4500;EXCHANGE_LAST;;1;1;XEUR;11880665;605;
07.05.2025;15:46:58.765;FESB SI 20250620 CS;SIMPLE_INSTRUMENT;EFP_IDX;EUR;38;186.80000000;500;EXCHANGE_LAST;;1;1;XEUR;11880665;605;
07.05.2025;15:47:19.100;FESB SI 20250620 CS;SIMPLE_INSTRUMENT;EFP_IDX;EUR;39;186.70000000;1000;EXCHANGE_LAST;;1;1;XEUR;11880665;605;
07.05.2025;15:47:39.678;FESB SI 20250620 CS;SIMPLE_INSTRUMENT;EFP_IDX;EUR;40;186.75000000;1500;EXCHANGE_LAST;;1;1;XEUR;11880665;605;
07.05.2025;15:09:58.574;FESB SI 20250620 CS;SIMPLE_INSTRUMENT;VOLA;EUR;603979831;187.45000000;600;EXCHANGE_LAST;;1;1;XEUR;11880665;605;
07.05.2025;15:54:16.543;FESL SI 20250620 CS;SIMPLE_INSTRUMENT;EFP_IDX;EUR;7;150.40000000;54;EXCHANGE_LAST;;1;1;XEUR;11881191;680;
07.05.2025;15:54:18.405;FESL SI 20250620 CS;SIMPLE_INSTRUMENT;EFP_IDX;EUR;8;150.30000000;214;EXCHANGE_LAST;;1;1;XEUR;11881191;680;
07.05.2025;12:45:39.426;FESX SI 20250620 CS;SIMPLE_INSTRUMENT;BLOCK;EUR;1;5215.00000000;2500;EXCHANGE_LAST;;1;1;XEUR;7904020;675;
07.05.2025;12:59:40.148;FESX SI 20250620 CS;SIMPLE_INSTRUMENT;BLOCK;EUR;2;5215.00000000;2000;EXCHANGE_LAST;;1;1;XEUR;7904020;675;
07.05.2025;13:01:42.651;FESX SI 20250620 CS;SIMPLE_INSTRUMENT;BLOCK;EUR;3;5215.00000000;2000;EXCHANGE_LAST;;1;1;XEUR;7904020;675;
07.05.2025;15:43:02.405;FESX SI 20250620 CS;SIMPLE_INSTRUMENT;EFP_IDX;EUR;4;5199.00000000;24;EXCHANGE_LAST;;1;1;XEUR;7904020;675;
07.05.2025;15:43:16.274;FESX SI 20250620 CS;SIMPLE_INSTRUMENT;EFP_IDX;EUR;5;5200.00000000;116;EXCHANGE_LAST;;1;1;XEUR;7904020;675;
07.05.2025;15:49:45.720;FESX SI 20250620 CS;SIMPLE_INSTRUMENT;EFP_IDX;EUR;6;5199.00000000;91;EXCHANGE_LAST;;1;1;XEUR;7904020;675;
07.05.2025;15:50:19.088;FESX SI 20250620 CS;SIMPLE_INSTRUMENT;EFP_IDX;EUR;7;5200.00000000;119;EXCHANGE_LAST;;1;1;XEUR;7904020;675;
07.05.2025;15:50:43.029;FESX SI 20250620 CS;SIMPLE_INSTRUMENT;EFP_IDX;EUR;8;5199.00000000;122;EXCHANGE_LAST;;1;1;XEUR;7904020;675;
07.05.2025;15:50:50.811;FESX SI 20250620 CS;SIMPLE_INSTRUMENT;EFP_IDX;EUR;9;5200.00000000;159;EXCHANGE_LAST;;1;1;XEUR;7904020;675;
07.05.2025;15:46:44.408;FESX SI 20250620 CS;SIMPLE_INSTRUMENT;EFP_IDX;EUR;10;5199.00000000;153;EXCHANGE_LAST;;1;1;XEUR;7904020;675;
07.05.2025;15:46:51.945;FESX SI 20250620 CS;SIMPLE_INSTRUMENT;EFP_IDX;EUR;11;5200.00000000;197;EXCHANGE_LAST;;1;1;XEUR;7904020;675;
07.05.2025;15:47:06.247;FESX SI 20250620 CS;SIMPLE_INSTRUMENT;EFP_IDX;EUR;12;5200.00000000;690;EXCHANGE_LAST;;1;1;XEUR;7904020;675;
07.05.2025;15:47:16.337;FESX SI 20250620 CS;SIMPLE_INSTRUMENT;EFP_IDX;EUR;13;5199.00000000;310;EXCHANGE_LAST;;1;1;XEUR;7904020;675;
07.05.2025;15:46:48.557;FESX SI 20250620 CS;SIMPLE_INSTRUMENT;EFP_IDX;EUR;14;5199.00000000;1550;EXCHANGE_LAST;;1;1;XEUR;7904020;675;
07.05.2025;15:47:09.478;FESX SI 20250620 CS;SIMPLE_INSTRUMENT;BLOCK;EUR;15;5200.00000000;3450;EXCHANGE_LAST;;1;1;XEUR;7904020;675;
07.05.2025;15:53:25.194;FESX SI 20250620 CS;SIMPLE_INSTRUMENT;EFP_IDX;EUR;16;5199.00000000;310;EXCHANGE_LAST;;1;1;XEUR;7904020;675;
07.05.2025;15:53:35.591;FESX SI 20250620 CS;SIMPLE_INSTRUMENT;EFP_IDX;EUR;17;5200.00000000;690;EXCHANGE_LAST;;1;1;XEUR;7904020;675;
07.05.2025;15:47:38.091;FESX SI 20250620 CS;SIMPLE_INSTRUMENT;EFP_IDX;EUR;18;5199.00000000;52;EXCHANGE_LAST;;1;1;XEUR;7904020;675;
07.05.2025;15:47:45.141;FESX SI 20250620 CS;SIMPLE_INSTRUMENT;EFP_IDX;EUR;19;5200.00000000;228;EXCHANGE_LAST;;1;1;XEUR;7904020;675;
07.05.2025;16:04:21.690;FESX SI 20250620 CS;SIMPLE_INSTRUMENT;EFP_IDX;EUR;20;5200.00000000;690;EXCHANGE_LAST;;1;1;XEUR;7904020;675;
07.05.2025;15:54:19.447;FESX SI 20250620 CS;SIMPLE_INSTRUMENT;EFP_IDX;EUR;21;5200.00000000;1518;EXCHANGE_LAST;;1;1;XEUR;7904020;675;
07.05.2025;15:54:34.165;FESX SI 20250620 CS;SIMPLE_INSTRUMENT;EFP_IDX;EUR;22;5200.00000000;2760;EXCHANGE_LAST;;1;1;XEUR;7904020;675;
07.05.2025;16:04:27.831;FESX SI 20250620 CS;SIMPLE_INSTRUMENT;EFP_IDX;EUR;23;5199.00000000;310;EXCHANGE_LAST;;1;1;XEUR;7904020;675;
07.05.2025;15:54:50.653;FESX SI 20250620 CS;SIMPLE_INSTRUMENT;EFP_IDX;EUR;24;5199.00000000;682;EXCHANGE_LAST;;1;1;XEUR;7904020;675;
07.05.2025;15:54:59.092;FESX SI 20250620 CS;SIMPLE_INSTRUMENT;EFP_IDX;EUR;25;5199.00000000;1240;EXCHANGE_LAST;;1;1;XEUR;7904020;675;
07.05.2025;15:57:25.480;FESX SI 20250620 CS;SIMPLE_INSTRUMENT;EFP_IDX;EUR;26;5199.00000000;75;EXCHANGE_LAST;;1;1;XEUR;7904020;675;
07.05.2025;15:57:38.962;FESX SI 20250620 CS;SIMPLE_INSTRUMENT;EFP_IDX;EUR;27;5201.00000000;48;EXCHANGE_LAST;;1;1;XEUR;7904020;675;
07.05.2025;16:02:12.636;FESX SI 20250620 CS;SIMPLE_INSTRUMENT;EFP_IDX;EUR;28;5200.00000000;1130;EXCHANGE_LAST;;1;1;XEUR;7904020;675;
07.05.2025;16:01:16.470;FESX SI 20250620 CS;SIMPLE_INSTRUMENT;EFP_IDX;EUR;29;5200.00000000;2825;EXCHANGE_LAST;;1;1;XEUR;7904020;675;
07.05.2025;15:58:19.608;FESX SI 20250620 CS;SIMPLE_INSTRUMENT;EFP_IDX;EUR;30;5199.00000000;40;EXCHANGE_LAST;;1;1;XEUR;7904020;675;
07.05.2025;16:01:59.870;FESX SI 20250620 CS;SIMPLE_INSTRUMENT;EFP_IDX;EUR;31;5199.00000000;870;EXCHANGE_LAST;;1;1;XEUR;7904020;675;
07.05.2025;16:01:30.703;FESX SI 20250620 CS;SIMPLE_INSTRUMENT;EFP_IDX;EUR;32;5199.00000000;2175;EXCHANGE_LAST;;1;1;XEUR;7904020;675;
07.05.2025;15:58:37.954;FESX SI 20250620 CS;SIMPLE_INSTRUMENT;EFP_IDX;EUR;33;5200.00000000;113;EXCHANGE_LAST;;1;1;XEUR;7904020;675;
07.05.2025;16:02:15.297;FESX SI 20250620 CS;SIMPLE_INSTRUMENT;EFP_IDX;EUR;34;5199.00000000;411;EXCHANGE_LAST;;1;1;XEUR;7904020;675;
07.05.2025;16:02:36.457;FESX SI 20250620 CS;SIMPLE_INSTRUMENT;EFP_IDX;EUR;35;5200.00000000;3013;EXCHANGE_LAST;;1;1;XEUR;7904020;675;
07.05.2025;08:22:24.279;FESX SI 20250620 CS;SIMPLE_INSTRUMENT;VOLA;EUR;637534227;5228.00000000;840;EXCHANGE_LAST;;1;1;XEUR;7904020;675;
07.05.2025;10:03:18.447;FESX SI 20250620 CS;SIMPLE_INSTRUMENT;VOLA;EUR;637534248;5220.00000000;588;EXCHANGE_LAST;;1;1;XEUR;7904020;675;
07.05.2025;12:33:36.926;FESX SI 20250620 CS;SIMPLE_INSTRUMENT;VOLA;EUR;637534285;5216.00000000;490;EXCHANGE_LAST;;1;1;XEUR;7904020;675;
07.05.2025;14:38:40.576;FESX SI 20250620 CS;SIMPLE_INSTRUMENT;VOLA;EUR;637534319;5204.00000000;2800;EXCHANGE_LAST;;1;1;XEUR;7904020;675;
07.05.2025;14:39:26.758;FESX SI 20250620 CS;SIMPLE_INSTRUMENT;VOLA;EUR;637534321;5205.00000000;700;EXCHANGE_LAST;;1;1;XEUR;7904020;675;
07.05.2025;08:08:16.315;FEXD SI 20261218 CS;SIMPLE_INSTRUMENT;BLOCK;EUR;3;153.00000000;1800;EXCHANGE_LAST;;2;1;XEUR;2163053;693;
07.05.2025;08:28:05.978;FEXD SI 20261218 CS;SIMPLE_INSTRUMENT;BLOCK;EUR;4;153.00000000;200;EXCHANGE_LAST;;1;1;XEUR;2163053;693;
07.05.2025;08:41:12.397;FEXD SI 20251219 CS;SIMPLE_INSTRUMENT;BLOCK;EUR;8;164.60000000;511;EXCHANGE_LAST;;1;1;XEUR;1548120;693;
07.05.2025;14:06:41.024;FEXD SI 20261218 CS;SIMPLE_INSTRUMENT;BLOCK;EUR;26;152.60000000;300;EXCHANGE_LAST;;1;1;XEUR;2163053;693;
07.05.2025;15:46:24.268;FEXD SI 20251219 CS;SIMPLE_INSTRUMENT;BLOCK;EUR;48;164.60000000;1000;EXCHANGE_LAST;;1;1;XEUR;1548120;693;
07.05.2025;16:00:03.748;FEXD SI 20261218 CS;SIMPLE_INSTRUMENT;BLOCK;EUR;53;152.60000000;750;EXCHANGE_LAST;;2;1;XEUR;2163053;693;
07.05.2025;07:00:03.034;FGBL SI 20250606 PS;SIMPLE_INSTRUMENT;EFS;EUR;1;130.87000000;433;EXCHANGE_LAST;;1;1;XEUR;11820389;688;
07.05.2025;07:00:13.039;FGBL SI 20250606 PS;SIMPLE_INSTRUMENT;EFS;EUR;2;130.88000000;433;EXCHANGE_LAST;;1;1;XEUR;11820389;688;
07.05.2025;07:00:33.058;FGBL SI 20250606 PS;SIMPLE_INSTRUMENT;EFS;EUR;3;130.87000000;433;EXCHANGE_LAST;;1;1;XEUR;11820389;688;
07.05.2025;07:00:48.071;FGBL SI 20250606 PS;SIMPLE_INSTRUMENT;EFS;EUR;4;130.88000000;433;EXCHANGE_LAST;;1;1;XEUR;11820389;688;
07.05.2025;07:00:51.315;FGBL SI 20250606 PS;SIMPLE_INSTRUMENT;EFS;EUR;5;130.85000000;432;EXCHANGE_LAST;;1;1;XEUR;11820389;688;
07.05.2025;07:07:29.123;FGBL SI 20250606 PS;SIMPLE_INSTRUMENT;EFS;EUR;6;130.87000000;345;EXCHANGE_LAST;;1;1;XEUR;11820389;688;
07.05.2025;07:12:09.540;FGBL SI 20250606 PS;SIMPLE_INSTRUMENT;EFS;EUR;7;130.85000000;433;EXCHANGE_LAST;;1;1;XEUR;11820389;688;
07.05.2025;07:12:19.550;FGBL SI 20250606 PS;SIMPLE_INSTRUMENT;EFS;EUR;8;130.87000000;216;EXCHANGE_LAST;;1;1;XEUR;11820389;688;
07.05.2025;07:12:44.570;FGBL SI 20250606 PS;SIMPLE_INSTRUMENT;EFS;EUR;9;130.87000000;216;EXCHANGE_LAST;;1;1;XEUR;11820389;688;
07.05.2025;07:13:09.590;FGBL SI 20250606 PS;SIMPLE_INSTRUMENT;EFS;EUR;10;130.83000000;433;EXCHANGE_LAST;;1;1;XEUR;11820389;688;
07.05.2025;07:13:29.607;FGBL SI 20250606 PS;SIMPLE_INSTRUMENT;EFS;EUR;11;130.88000000;216;EXCHANGE_LAST;;1;1;XEUR;11820389;688;
07.05.2025;07:14:14.642;FGBL SI 20250606 PS;SIMPLE_INSTRUMENT;EFS;EUR;12;130.87000000;433;EXCHANGE_LAST;;1;1;XEUR;11820389;688;
07.05.2025;07:16:36.543;FGBL SI 20250606 PS;SIMPLE_INSTRUMENT;EFS;EUR;13;130.84000000;216;EXCHANGE_LAST;;1;1;XEUR;11820389;688;
07.05.2025;07:18:51.579;FGBL SI 20250606 PS;SIMPLE_INSTRUMENT;EFS;EUR;14;130.86000000;200;EXCHANGE_LAST;;1;1;XEUR;11820389;688;
07.05.2025;07:22:14.486;FGBL SI 20250606 PS;SIMPLE_INSTRUMENT;EFS;EUR;15;130.89000000;216;EXCHANGE_LAST;;1;1;XEUR;11820389;688;
07.05.2025;07:23:20.526;FGBL SI 20250606 PS;SIMPLE_INSTRUMENT;EFS;EUR;16;130.88000000;214;EXCHANGE_LAST;;1;1;XEUR;11820389;688;
07.05.2025;07:29:49.258;FGBL SI 20250606 PS;SIMPLE_INSTRUMENT;EFS;EUR;18;130.91000000;1000;EXCHANGE_LAST;;1;1;XEUR;11820389;688;
07.05.2025;07:31:52.879;FGBL SI 20250606 PS;SIMPLE_INSTRUMENT;EFS;EUR;19;130.90000000;245;EXCHANGE_LAST;;1;1;XEUR;11820389;688;
07.05.2025;07:31:45.772;FGBL SI 20250606 PS;SIMPLE_INSTRUMENT;EFS;EUR;20;130.86000000;216;EXCHANGE_LAST;;1;1;XEUR;11820389;688;
07.05.2025;07:33:18.828;FGBL SI 20250606 PS;SIMPLE_INSTRUMENT;EFS;EUR;21;130.91000000;865;EXCHANGE_LAST;;1;1;XEUR;11820389;688;
07.05.2025;07:35:33.875;FGBL SI 20250606 PS;SIMPLE_INSTRUMENT;EFS;EUR;22;130.90000000;432;EXCHANGE_LAST;;1;1;XEUR;11820389;688;
07.05.2025;07:36:08.513;FGBL SI 20250606 PS;SIMPLE_INSTRUMENT;EFS;EUR;23;130.90000000;432;EXCHANGE_LAST;;1;1;XEUR;11820389;688;
07.05.2025;07:36:39.730;FGBL SI 20250606 PS;SIMPLE_INSTRUMENT;EFS;EUR;24;130.90000000;432;EXCHANGE_LAST;;1;1;XEUR;11820389;688;
07.05.2025;07:36:47.531;FGBL SI 20250606 PS;SIMPLE_INSTRUMENT;EFS;EUR;25;130.94000000;432;EXCHANGE_LAST;;1;1;XEUR;11820389;688;
07.05.2025;07:38:52.701;FGBL SI 20250606 PS;SIMPLE_INSTRUMENT;EFS;EUR;26;130.91000000;245;EXCHANGE_LAST;;1;1;XEUR;11820389;688;
07.05.2025;07:42:32.338;FGBL SI 20250606 PS;SIMPLE_INSTRUMENT;EFS;EUR;27;130.93000000;196;EXCHANGE_LAST;;1;1;XEUR;11820389;688;
07.05.2025;07:42:52.364;FGBL SI 20250606 PS;SIMPLE_INSTRUMENT;EFP_FIN;EUR;28;130.87000000;853;EXCHANGE_LAST;;1;1;XEUR;11820389;688;
07.05.2025;07:51:53.579;FGBL SI 20250606 PS;SIMPLE_INSTRUMENT;EFS;EUR;29;130.90000000;432;EXCHANGE_LAST;;1;1;XEUR;11820389;688;
07.05.2025;07:59:58.805;FGBL SI 20250606 PS;SIMPLE_INSTRUMENT;EFS;EUR;30;130.92000000;98;EXCHANGE_LAST;;1;1;XEUR;11820389;688;
07.05.2025;08:13:31.001;FGBL SI 20250606 PS;SIMPLE_INSTRUMENT;EFS;EUR;31;130.91000000;450;EXCHANGE_LAST;;1;1;XEUR;11820389;688;
07.05.2025;08:16:37.139;FGBL SI 20250606 PS;SIMPLE_INSTRUMENT;EFS;EUR;32;130.92000000;100;EXCHANGE_LAST;;1;1;XEUR;11820389;688;
07.05.2025;08:26:35.375;FGBL SI 20250606 PS;SIMPLE_INSTRUMENT;EFP_FIN;EUR;33;130.94000000;562;EXCHANGE_LAST;;1;1;XEUR;11820389;688;
07.05.2025;08:27:21.198;FGBL SI 20250606 PS;SIMPLE_INSTRUMENT;EFS;EUR;34;130.92000000;450;EXCHANGE_LAST;;1;1;XEUR;11820389;688;
07.05.2025;08:29:01.230;FGBL SI 20250606 PS;SIMPLE_INSTRUMENT;EFS;EUR;35;130.94000000;1958;EXCHANGE_LAST;;1;1;XEUR;11820389;688;
07.05.2025;08:33:59.949;FGBL SI 20250606 PS;SIMPLE_INSTRUMENT;EFP_FIN;EUR;36;130.88000000;345;EXCHANGE_LAST;;1;1;XEUR;11820389;688;
07.05.2025;08:37:46.330;FGBL SI 20250606 PS;SIMPLE_INSTRUMENT;EFS;EUR;37;130.84000000;433;EXCHANGE_LAST;;1;1;XEUR;11820389;688;
07.05.2025;08:38:28.914;FGBL SI 20250606 PS;SIMPLE_INSTRUMENT;EFS;EUR;38;130.84000000;490;EXCHANGE_LAST;;1;1;XEUR;11820389;688;
07.05.2025;08:40:37.206;FGBL SI 20250606 PS;SIMPLE_INSTRUMENT;EFS;EUR;39;130.83000000;950;EXCHANGE_LAST;;1;1;XEUR;11820389;688;
07.05.2025;08:41:06.384;FGBL SI 20250606 PS;SIMPLE_INSTRUMENT;EFP_FIN;EUR;40;130.88000000;980;EXCHANGE_LAST;;1;1;XEUR;11820389;688;
07.05.2025;08:41:58.150;FGBL SI 20250606 PS;SIMPLE_INSTRUMENT;EFS;EUR;41;130.82000000;300;EXCHANGE_LAST;;1;1;XEUR;11820389;688;
07.05.2025;08:44:01.304;FGBL SI 20250606 PS;SIMPLE_INSTRUMENT;EFS;EUR;42;130.83000000;2155;EXCHANGE_LAST;;1;1;XEUR;11820389;688;
07.05.2025;08:44:55.513;FGBL SI 20250606 PS;SIMPLE_INSTRUMENT;EFS;EUR;43;130.86000000;86;EXCHANGE_LAST;;1;1;XEUR;11820389;688;
07.05.2025;08:45:06.009;FGBL SI 20250606 PS;SIMPLE_INSTRUMENT;EFS;EUR;44;130.83000000;490;EXCHANGE_LAST;;1;1;XEUR;11820389;688;
07.05.2025;08:54:31.247;FGBL SI 20250606 PS;SIMPLE_INSTRUMENT;EFS;EUR;45;130.85000000;980;EXCHANGE_LAST;;1;1;XEUR;11820389;688;
07.05.2025;08:54:57.014;FGBL SI 20250606 PS;SIMPLE_INSTRUMENT;EFS;EUR;46;130.89000000;216;EXCHANGE_LAST;;1;1;XEUR;11820389;688;
07.05.2025;08:56:41.525;FGBL SI 20250606 PS;SIMPLE_INSTRUMENT;EFS;EUR;47;130.89000000;432;EXCHANGE_LAST;;1;1;XEUR;11820389;688;
07.05.2025;09:02:40.257;FGBL SI 20250606 PS;SIMPLE_INSTRUMENT;EFS;EUR;48;130.93000000;432;EXCHANGE_LAST;;1;1;XEUR;11820389;688;
07.05.2025;09:02:55.221;FGBL SI 20250606 PS;SIMPLE_INSTRUMENT;EFS;EUR;49;130.98000000;432;EXCHANGE_LAST;;1;1;XEUR;11820389;688;
07.05.2025;09:03:20.757;FGBL SI 20250606 PS;SIMPLE_INSTRUMENT;EFS;EUR;50;130.94000000;850;EXCHANGE_LAST;;1;1;XEUR;11820389;688;
07.05.2025;09:08:52.141;FGBL SI 20250606 PS;SIMPLE_INSTRUMENT;EFP_FIN;EUR;51;130.95000000;140;EXCHANGE_LAST;;1;1;XEUR;11820389;688;
07.05.2025;09:16:57.899;FGBL SI 20250606 PS;SIMPLE_INSTRUMENT;EFS;EUR;52;131.05000000;432;EXCHANGE_LAST;;1;1;XEUR;11820389;688;
07.05.2025;09:21:58.636;FGBL SI 20250606 PS;SIMPLE_INSTRUMENT;EFP_FIN;EUR;53;131.07000000;204;EXCHANGE_LAST;;1;1;XEUR;11820389;688;
07.05.2025;09:20:54.915;FGBL SI 20250606 PS;SIMPLE_INSTRUMENT;EFS;EUR;54;131.07000000;276;EXCHANGE_LAST;;1;1;XEUR;11820389;688;
07.05.2025;09:21:59.785;FGBL SI 20250606 PS;SIMPLE_INSTRUMENT;EFS;EUR;55;131.07000000;342;EXCHANGE_LAST;;1;1;XEUR;11820389;688;
07.05.2025;09:24:07.644;FGBL SI 20250606 PS;SIMPLE_INSTRUMENT;EFP_FIN;EUR;56;130.99000000;160;EXCHANGE_LAST;;1;1;XEUR;11820389;688;
07.05.2025;09:28:32.861;FGBL SI 20250606 PS;SIMPLE_INSTRUMENT;EFS;EUR;57;131.05000000;216;EXCHANGE_LAST;;1;1;XEUR;11820389;688;
07.05.2025;09:34:36.707;FGBL SI 20250606 PS;SIMPLE_INSTRUMENT;EFS;EUR;58;131.09000000;489;EXCHANGE_LAST;;1;1;XEUR;11820389;688;
07.05.2025;09:35:15.364;FGBL SI 20250606 PS;SIMPLE_INSTRUMENT;EFS;EUR;59;131.07000000;2444;EXCHANGE_LAST;;1;1;XEUR;11820389;688;
07.05.2025;09:34:59.397;FGBL SI 20250606 PS;SIMPLE_INSTRUMENT;EFS;EUR;60;130.86000000;980;EXCHANGE_LAST;;1;1;XEUR;11820389;688;
07.05.2025;09:46:36.496;FGBL SI 20250606 PS;SIMPLE_INSTRUMENT;EFP_FIN;EUR;61;131.06000000;171;EXCHANGE_LAST;;1;1;XEUR;11820389;688;
07.05.2025;10:02:06.534;FGBL SI 20250606 PS;SIMPLE_INSTRUMENT;EFP_FIN;EUR;62;131.11000000;479;EXCHANGE_LAST;;1;1;XEUR;11820389;688;
07.05.2025;10:00:26.379;FGBL SI 20250606 PS;SIMPLE_INSTRUMENT;EFS;EUR;63;131.05000000;216;EXCHANGE_LAST;;1;1;XEUR;11820389;688;
07.05.2025;10:11:16.707;FGBL SI 20250606 PS;SIMPLE_INSTRUMENT;EFS;EUR;64;131.19000000;216;EXCHANGE_LAST;;1;1;XEUR;11820389;688;
07.05.2025;10:11:38.624;FGBL SI 20250606 PS;SIMPLE_INSTRUMENT;EFS;EUR;65;131.18000000;216;EXCHANGE_LAST;;1;1;XEUR;11820389;688;
07.05.2025;10:18:33.673;FGBL SI 20250606 PS;SIMPLE_INSTRUMENT;EFS;EUR;66;131.08000000;945;EXCHANGE_LAST;;1;1;XEUR;11820389;688;
07.05.2025;10:21:37.810;FGBL SI 20250606 PS;SIMPLE_INSTRUMENT;EFS;EUR;67;131.20000000;216;EXCHANGE_LAST;;1;1;XEUR;11820389;688;
07.05.2025;10:23:31.323;FGBL SI 20250606 PS;SIMPLE_INSTRUMENT;EFS;EUR;68;131.20000000;173;EXCHANGE_LAST;;1;1;XEUR;11820389;688;
07.05.2025;10:28:59.133;FGBL SI 20250606 PS;SIMPLE_INSTRUMENT;EFS;EUR;69;131.17000000;488;EXCHANGE_LAST;;1;1;XEUR;11820389;688;
07.05.2025;10:30:14.917;FGBL SI 20250606 PS;SIMPLE_INSTRUMENT;EFS;EUR;70;131.01000000;245;EXCHANGE_LAST;;1;1;XEUR;11820389;688;
07.05.2025;10:32:46.573;FGBL SI 20250606 PS;SIMPLE_INSTRUMENT;EFP_FIN;EUR;71;131.16000000;374;EXCHANGE_LAST;;1;1;XEUR;11820389;688;
07.05.2025;10:34:41.038;FGBL SI 20250606 PS;SIMPLE_INSTRUMENT;EFS;EUR;72;131.16000000;537;EXCHANGE_LAST;;1;1;XEUR;11820389;688;
07.05.2025;10:43:03.023;FGBL SI 20250606 PS;SIMPLE_INSTRUMENT;EFS;EUR;73;131.16000000;676;EXCHANGE_LAST;;1;1;XEUR;11820389;688;
07.05.2025;10:45:33.222;FGBL SI 20250606 PS;SIMPLE_INSTRUMENT;EFS;EUR;74;131.20000000;302;EXCHANGE_LAST;;1;1;XEUR;11820389;688;
07.05.2025;10:50:35.085;FGBL SI 20250606 PS;SIMPLE_INSTRUMENT;EFP_FIN;EUR;75;131.16000000;970;EXCHANGE_LAST;;1;1;XEUR;11820389;688;
07.05.2025;10:55:46.625;FGBL SI 20250606 PS;SIMPLE_INSTRUMENT;EFP_FIN;EUR;76;131.16000000;1055;EXCHANGE_LAST;;1;1;XEUR;11820389;688;
07.05.2025;11:00:44.118;FGBL SI 20250606 PS;SIMPLE_INSTRUMENT;EFS;EUR;77;131.14000000;1290;EXCHANGE_LAST;;1;1;XEUR;11820389;688;
07.05.2025;11:09:08.145;FGBL SI 20250606 PS;SIMPLE_INSTRUMENT;EFP_FIN;EUR;78;131.16000000;256;EXCHANGE_LAST;;1;1;XEUR;11820389;688;
07.05.2025;11:09:42.914;FGBL SI 20250606 PS;SIMPLE_INSTRUMENT;EFP_FIN;EUR;79;131.16000000;128;EXCHANGE_LAST;;1;1;XEUR;11820389;688;
07.05.2025;11:10:43.146;FGBL SI 20250606 PS;SIMPLE_INSTRUMENT;EFS;EUR;80;131.19000000;129;EXCHANGE_LAST;;1;1;XEUR;11820389;688;
07.05.2025;11:24:33.174;FGBL SI 20250606 PS;SIMPLE_INSTRUMENT;EFS;EUR;81;131.19000000;200;EXCHANGE_LAST;;1;1;XEUR;11820389;688;
07.05.2025;11:38:37.147;FGBL SI 20250606 PS;SIMPLE_INSTRUMENT;EFS;EUR;82;131.16000000;1729;EXCHANGE_LAST;;1;1;XEUR;11820389;688;
07.05.2025;11:44:34.482;FGBL SI 20250606 PS;SIMPLE_INSTRUMENT;EFS;EUR;83;131.20000000;293;EXCHANGE_LAST;;1;1;XEUR;11820389;688;
07.05.2025;11:48:38.025;FGBL SI 20250606 PS;SIMPLE_INSTRUMENT;EFP_FIN;EUR;84;131.20000000;139;EXCHANGE_LAST;;1;1;XEUR;11820389;688;
07.05.2025;11:51:58.466;FGBL SI 20250606 PS;SIMPLE_INSTRUMENT;EFS;EUR;85;131.20000000;432;EXCHANGE_LAST;;1;1;XEUR;11820389;688;
07.05.2025;12:00:57.290;FGBL SI 20250606 PS;SIMPLE_INSTRUMENT;EFP_FIN;EUR;86;131.17000000;155;EXCHANGE_LAST;;1;1;XEUR;11820389;688;
07.05.2025;12:03:42.918;FGBL SI 20250606 PS;SIMPLE_INSTRUMENT;EFS;EUR;87;131.17000000;200;EXCHANGE_LAST;;1;1;XEUR;11820389;688;
07.05.2025;12:04:34.135;FGBL SI 20250606 PS;SIMPLE_INSTRUMENT;EFS;EUR;88;131.17000000;200;EXCHANGE_LAST;;1;1;XEUR;11820389;688;
07.05.2025;12:10:58.315;FGBL SI 20250606 PS;SIMPLE_INSTRUMENT;EFS;EUR;89;131.20000000;432;EXCHANGE_LAST;;1;1;XEUR;11820389;688;
07.05.2025;12:11:13.328;FGBL SI 20250606 PS;SIMPLE_INSTRUMENT;EFS;EUR;90;131.19000000;432;EXCHANGE_LAST;;1;1;XEUR;11820389;688;
07.05.2025;12:20:27.282;FGBL SI 20250606 PS;SIMPLE_INSTRUMENT;EFP_FIN;EUR;91;131.20000000;179;EXCHANGE_LAST;;1;1;XEUR;11820389;688;
07.05.2025;12:27:40.511;FGBL SI 20250606 PS;SIMPLE_INSTRUMENT;EFS;EUR;92;131.21000000;216;EXCHANGE_LAST;;1;1;XEUR;11820389;688;
07.05.2025;12:32:30.453;FGBL SI 20250606 PS;SIMPLE_INSTRUMENT;EFS;EUR;93;131.21000000;432;EXCHANGE_LAST;;1;1;XEUR;11820389;688;
07.05.2025;12:38:06.170;FGBL SI 20250606 PS;SIMPLE_INSTRUMENT;EFP_FIN;EUR;94;131.25000000;367;EXCHANGE_LAST;;1;1;XEUR;11820389;688;
07.05.2025;12:40:19.108;FGBL SI 20250606 PS;SIMPLE_INSTRUMENT;EFS;EUR;95;131.26000000;432;EXCHANGE_LAST;;1;1;XEUR;11820389;688;
07.05.2025;12:45:59.324;FGBL SI 20250606 PS;SIMPLE_INSTRUMENT;EFS;EUR;96;131.23000000;584;EXCHANGE_LAST;;1;1;XEUR;11820389;688;
07.05.2025;12:58:09.348;FGBL SI 20250606 PS;SIMPLE_INSTRUMENT;EFP_FIN;EUR;97;131.27000000;1123;EXCHANGE_LAST;;1;1;XEUR;11820389;688;
07.05.2025;13:00:08.279;FGBL SI 20250606 PS;SIMPLE_INSTRUMENT;EFS;EUR;98;131.26000000;216;EXCHANGE_LAST;;1;1;XEUR;11820389;688;
07.05.2025;13:00:34.473;FGBL SI 20250606 PS;SIMPLE_INSTRUMENT;EFP_FIN;EUR;99;131.26000000;340;EXCHANGE_LAST;;1;1;XEUR;11820389;688;
07.05.2025;13:03:58.682;FGBL SI 20250606 PS;SIMPLE_INSTRUMENT;EFS;EUR;100;131.29000000;432;EXCHANGE_LAST;;1;1;XEUR;11820389;688;
07.05.2025;13:03:58.727;FGBL SI 20250606 PS;SIMPLE_INSTRUMENT;EFS;EUR;101;131.29000000;432;EXCHANGE_LAST;;1;1;XEUR;11820389;688;
07.05.2025;13:05:22.665;FGBL SI 20250606 PS;SIMPLE_INSTRUMENT;EFP_FIN;EUR;102;131.07000000;210;EXCHANGE_LAST;;1;1;XEUR;11820389;688;
07.05.2025;13:05:35.846;FGBL SI 20250606 PS;SIMPLE_INSTRUMENT;EFS;EUR;103;131.23000000;430;EXCHANGE_LAST;;1;1;XEUR;11820389;688;
07.05.2025;13:05:48.508;FGBL SI 20250606 PS;SIMPLE_INSTRUMENT;EFP_FIN;EUR;104;131.06000000;134;EXCHANGE_LAST;;1;1;XEUR;11820389;688;
07.05.2025;13:17:18.056;FGBL SI 20250606 PS;SIMPLE_INSTRUMENT;BLOCK;EUR;105;131.35000000;9000;EXCHANGE_LAST;;1;1;XEUR;11820389;688;
07.05.2025;13:44:22.555;FGBL SI 20250606 PS;SIMPLE_INSTRUMENT;EFS;EUR;106;131.40000000;206;EXCHANGE_LAST;;1;1;XEUR;11820389;688;
07.05.2025;13:45:27.482;FGBL SI 20250606 PS;SIMPLE_INSTRUMENT;EFS;EUR;107;131.40000000;431;EXCHANGE_LAST;;1;1;XEUR;11820389;688;
07.05.2025;13:51:12.726;FGBL SI 20250606 PS;SIMPLE_INSTRUMENT;EFS;EUR;108;131.48000000;431;EXCHANGE_LAST;;1;1;XEUR;11820389;688;
07.05.2025;13:53:15.002;FGBL SI 20250606 PS;SIMPLE_INSTRUMENT;EFP_FIN;EUR;109;131.34000000;748;EXCHANGE_LAST;;1;1;XEUR;11820389;688;
07.05.2025;14:20:45.157;FGBL SI 20250606 PS;SIMPLE_INSTRUMENT;EFP_FIN;EUR;110;131.38000000;213;EXCHANGE_LAST;;1;1;XEUR;11820389;688;
07.05.2025;14:29:20.963;FGBL SI 20250606 PS;SIMPLE_INSTRUMENT;EFS;EUR;111;131.46000000;431;EXCHANGE_LAST;;1;1;XEUR;11820389;688;
07.05.2025;14:31:56.522;FGBL SI 20250606 PS;SIMPLE_INSTRUMENT;EFS;EUR;112;131.47000000;431;EXCHANGE_LAST;;1;1;XEUR;11820389;688;
07.05.2025;14:32:15.723;FGBL SI 20250606 PS;SIMPLE_INSTRUMENT;EFS;EUR;113;131.46000000;863;EXCHANGE_LAST;;1;1;XEUR;11820389;688;
07.05.2025;14:32:31.552;FGBL SI 20250606 PS;SIMPLE_INSTRUMENT;EFS;EUR;114;131.47000000;431;EXCHANGE_LAST;;1;1;XEUR;11820389;688;
07.05.2025;14:32:46.567;FGBL SI 20250606 PS;SIMPLE_INSTRUMENT;EFS;EUR;115;131.46000000;431;EXCHANGE_LAST;;1;1;XEUR;11820389;688;
07.05.2025;14:41:40.493;FGBL SI 20250606 PS;SIMPLE_INSTRUMENT;EFS;EUR;116;131.18000000;1465;EXCHANGE_LAST;;1;1;XEUR;11820389;688;
07.05.2025;14:43:32.099;FGBL SI 20250606 PS;SIMPLE_INSTRUMENT;EFS;EUR;117;131.49000000;647;EXCHANGE_LAST;;1;1;XEUR;11820389;688;
07.05.2025;14:43:37.107;FGBL SI 20250606 PS;SIMPLE_INSTRUMENT;EFS;EUR;118;131.49000000;216;EXCHANGE_LAST;;1;1;XEUR;11820389;688;
07.05.2025;14:53:14.937;FGBL SI 20250606 PS;SIMPLE_INSTRUMENT;EFS;EUR;119;131.45000000;50;EXCHANGE_LAST;;1;1;XEUR;11820389;688;
07.05.2025;14:53:07.380;FGBL SI 20250606 PS;SIMPLE_INSTRUMENT;EFS;EUR;120;131.47000000;344;EXCHANGE_LAST;;1;1;XEUR;11820389;688;
07.05.2025;14:54:46.387;FGBL SI 20250606 PS;SIMPLE_INSTRUMENT;EFS;EUR;121;131.47000000;301;EXCHANGE_LAST;;1;1;XEUR;11820389;688;
07.05.2025;15:04:14.976;FGBL SI 20250606 PS;SIMPLE_INSTRUMENT;EFS;EUR;122;131.50000000;862;EXCHANGE_LAST;;1;1;XEUR;11820389;688;
07.05.2025;15:09:37.748;FGBL SI 20250606 PS;SIMPLE_INSTRUMENT;EFS;EUR;123;131.50000000;215;EXCHANGE_LAST;;1;1;XEUR;11820389;688;
07.05.2025;15:11:10.118;FGBL SI 20250606 PS;SIMPLE_INSTRUMENT;EFS;EUR;124;131.52000000;239;EXCHANGE_LAST;;1;1;XEUR;11820389;688;
07.05.2025;15:17:10.554;FGBL SI 20250606 PS;SIMPLE_INSTRUMENT;EFS;EUR;125;131.50000000;216;EXCHANGE_LAST;;1;1;XEUR;11820389;688;
07.05.2025;15:39:51.279;FGBL SI 20250606 PS;SIMPLE_INSTRUMENT;EFP_FIN;EUR;126;131.51000000;288;EXCHANGE_LAST;;1;1;XEUR;11820389;688;
07.05.2025;15:40:03.288;FGBL SI 20250606 PS;SIMPLE_INSTRUMENT;EFS;EUR;127;131.56000000;429;EXCHANGE_LAST;;1;1;XEUR;11820389;688;
07.05.2025;15:44:09.819;FGBL SI 20250606 PS;SIMPLE_INSTRUMENT;EFS;EUR;128;131.57000000;301;EXCHANGE_LAST;;1;1;XEUR;11820389;688;
07.05.2025;15:46:11.255;FGBL SI 20250606 PS;SIMPLE_INSTRUMENT;EFS;EUR;129;131.54000000;204;EXCHANGE_LAST;;1;1;XEUR;11820389;688;
07.05.2025;15:47:12.163;FGBL SI 20250606 PS;SIMPLE_INSTRUMENT;EFS;EUR;130;131.58000000;214;EXCHANGE_LAST;;1;1;XEUR;11820389;688;
07.05.2025;15:57:16.137;FGBL SI 20250606 PS;SIMPLE_INSTRUMENT;EFS;EUR;131;131.56000000;215;EXCHANGE_LAST;;1;1;XEUR;11820389;688;
07.05.2025;16:02:36.821;FGBL SI 20250606 PS;SIMPLE_INSTRUMENT;EFS;EUR;132;131.56000000;215;EXCHANGE_LAST;;1;1;XEUR;11820389;688;
07.05.2025;16:17:55.885;FGBL SI 20250606 PS;SIMPLE_INSTRUMENT;EFS;EUR;133;131.58000000;517;EXCHANGE_LAST;;1;1;XEUR;11820389;688;
07.05.2025;16:24:36.400;FGBL SI 20250606 PS;SIMPLE_INSTRUMENT;EFS;EUR;134;131.55000000;86;EXCHANGE_LAST;;1;1;XEUR;11820389;688;
07.05.2025;07:15:45.246;FGBL SI 20250606 PS;SIMPLE_INSTRUMENT;VOLA;EUR;268435464;130.85000000;96;EXCHANGE_LAST;;1;1;XEUR;11820389;688;
07.05.2025;07:16:56.261;FGBL SI 20250606 PS;SIMPLE_INSTRUMENT;VOLA;EUR;268435465;130.85000000;96;EXCHANGE_LAST;;1;1;XEUR;11820389;688;
07.05.2025;08:44:55.521;FGBL SI 20250908 PS;SIMPLE_INSTRUMENT;VOLA;EUR;268435488;130.68000000;155;EXCHANGE_LAST;;1;1;XEUR;12372482;688;
07.05.2025;08:45:26.525;FGBL SI 20250908 PS;SIMPLE_INSTRUMENT;VOLA;EUR;268435489;130.68000000;155;EXCHANGE_LAST;;1;1;XEUR;12372482;688;
07.05.2025;08:54:13.584;FGBL SI 20250908 PS;SIMPLE_INSTRUMENT;VOLA;EUR;268435492;130.66000000;78;EXCHANGE_LAST;;1;1;XEUR;12372482;688;
07.05.2025;08:54:53.589;FGBL SI 20250908 PS;SIMPLE_INSTRUMENT;VOLA;EUR;268435493;130.65000000;77;EXCHANGE_LAST;;1;1;XEUR;12372482;688;
07.05.2025;09:30:51.973;FGBL SI 20250606 PS;SIMPLE_INSTRUMENT;VOLA;EUR;268435504;130.86000000;7;EXCHANGE_LAST;;1;1;XEUR;11820389;688;
07.05.2025;09:34:00.033;FGBL SI 20250606 PS;SIMPLE_INSTRUMENT;VOLA;EUR;268435505;130.96000000;145;EXCHANGE_LAST;;1;1;XEUR;11820389;688;
07.05.2025;09:34:10.860;FGBL SI 20250606 PS;SIMPLE_INSTRUMENT;VOLA;EUR;268435506;130.96000000;145;EXCHANGE_LAST;;1;1;XEUR;11820389;688;
07.05.2025;09:56:25.883;FGBL SI 20250606 PS;SIMPLE_INSTRUMENT;VOLA;EUR;268435522;130.89000000;22;EXCHANGE_LAST;;1;1;XEUR;11820389;688;
07.05.2025;09:57:19.816;FGBL SI 20250606 PS;SIMPLE_INSTRUMENT;VOLA;EUR;268435523;130.89000000;18;EXCHANGE_LAST;;1;1;XEUR;11820389;688;
07.05.2025;09:58:14.744;FGBL SI 20250606 PS;SIMPLE_INSTRUMENT;VOLA;EUR;268435524;130.89000000;36;EXCHANGE_LAST;;1;1;XEUR;11820389;688;
07.05.2025;09:59:32.102;FGBL SI 20250606 PS;SIMPLE_INSTRUMENT;VOLA;EUR;268435527;130.89000000;14;EXCHANGE_LAST;;1;1;XEUR;11820389;688;
07.05.2025;10:00:33.113;FGBL SI 20250606 PS;SIMPLE_INSTRUMENT;VOLA;EUR;268435528;130.85000000;25;EXCHANGE_LAST;;1;1;XEUR;11820389;688;
07.05.2025;11:24:53.135;FGBL SI 20250606 PS;SIMPLE_INSTRUMENT;VOLA;EUR;268435547;131.15000000;35;EXCHANGE_LAST;;1;1;XEUR;11820389;688;
07.05.2025;11:29:17.314;FGBL SI 20250606 PS;SIMPLE_INSTRUMENT;VOLA;EUR;268435552;131.06000000;120;EXCHANGE_LAST;;1;1;XEUR;11820389;688;
07.05.2025;11:49:21.881;FGBL SI 20250606 PS;SIMPLE_INSTRUMENT;VOLA;EUR;268435556;131.20000000;130;EXCHANGE_LAST;;1;1;XEUR;11820389;688;
07.05.2025;11:50:38.920;FGBL SI 20250606 PS;SIMPLE_INSTRUMENT;VOLA;EUR;268435557;131.20000000;130;EXCHANGE_LAST;;1;1;XEUR;11820389;688;
07.05.2025;12:04:23.622;FGBL SI 20250606 PS;SIMPLE_INSTRUMENT;VOLA;EUR;268435559;131.11000000;39;EXCHANGE_LAST;;1;1;XEUR;11820389;688;
07.05.2025;13:40:31.890;FGBL SI 20250908 PS;SIMPLE_INSTRUMENT;VOLA;EUR;268435584;131.07000000;80;EXCHANGE_LAST;;1;1;XEUR;12372482;688;
07.05.2025;13:41:42.902;FGBL SI 20250908 PS;SIMPLE_INSTRUMENT;VOLA;EUR;268435585;131.07000000;80;EXCHANGE_LAST;;1;1;XEUR;12372482;688;
07.05.2025;14:19:22.476;FGBL SI 20250606 PS;SIMPLE_INSTRUMENT;VOLA;EUR;268435600;131.46000000;110;EXCHANGE_LAST;;1;1;XEUR;11820389;688;
07.05.2025;06:37:11.283;FGBM SI 20250606 PS;SIMPLE_INSTRUMENT;EFS;EUR;1;119.18000000;921;EXCHANGE_LAST;;1;1;XEUR;11820390;689;
07.05.2025;06:54:38.453;FGBM SI 20250606 PS;SIMPLE_INSTRUMENT;EFS;EUR;2;119.19000000;460;EXCHANGE_LAST;;1;1;XEUR;11820390;689;
07.05.2025;07:13:18.305;FGBM SI 20250606 PS;SIMPLE_INSTRUMENT;EFS;EUR;3;119.18000000;567;EXCHANGE_LAST;;1;1;XEUR;11820390;689;
07.05.2025;07:27:53.322;FGBM SI 20250606 PS;SIMPLE_INSTRUMENT;EFS;EUR;4;119.18000000;403;EXCHANGE_LAST;;1;1;XEUR;11820390;689;
07.05.2025;07:35:29.082;FGBM SI 20250606 PS;SIMPLE_INSTRUMENT;EFS;EUR;5;119.19000000;1215;EXCHANGE_LAST;;1;1;XEUR;11820390;689;
07.05.2025;07:36:42.525;FGBM SI 20250606 PS;SIMPLE_INSTRUMENT;EFS;EUR;6;119.19000000;857;EXCHANGE_LAST;;1;1;XEUR;11820390;689;
07.05.2025;07:51:50.295;FGBM SI 20250606 PS;SIMPLE_INSTRUMENT;EFP_FIN;EUR;7;119.20000000;1561;EXCHANGE_LAST;;1;1;XEUR;11820390;689;
07.05.2025;07:55:33.612;FGBM SI 20250606 PS;SIMPLE_INSTRUMENT;EFP_FIN;EUR;8;119.18000000;192;EXCHANGE_LAST;;1;1;XEUR;11820390;689;
07.05.2025;08:08:20.319;FGBM SI 20250606 PS;SIMPLE_INSTRUMENT;EFP_FIN;EUR;9;119.19000000;97;EXCHANGE_LAST;;1;1;XEUR;11820390;689;
07.05.2025;08:09:01.845;FGBM SI 20250606 PS;SIMPLE_INSTRUMENT;EFP_FIN;EUR;10;119.19000000;192;EXCHANGE_LAST;;1;1;XEUR;11820390;689;
07.05.2025;08:10:43.685;FGBM SI 20250606 PS;SIMPLE_INSTRUMENT;EFP_FIN;EUR;11;119.20000000;242;EXCHANGE_LAST;;1;1;XEUR;11820390;689;
07.05.2025;08:11:42.434;FGBM SI 20250606 PS;SIMPLE_INSTRUMENT;EFS;EUR;12;119.21000000;925;EXCHANGE_LAST;;1;1;XEUR;11820390;689;
07.05.2025;08:26:49.039;FGBM SI 20250606 PS;SIMPLE_INSTRUMENT;EFP_FIN;EUR;13;119.18000000;577;EXCHANGE_LAST;;1;1;XEUR;11820390;689;
07.05.2025;08:27:15.120;FGBM SI 20250606 PS;SIMPLE_INSTRUMENT;EFP_FIN;EUR;14;119.18000000;577;EXCHANGE_LAST;;1;1;XEUR;11820390;689;
07.05.2025;08:29:41.153;FGBM SI 20250606 PS;SIMPLE_INSTRUMENT;EFP_FIN;EUR;15;119.19000000;964;EXCHANGE_LAST;;1;1;XEUR;11820390;689;
07.05.2025;08:30:52.341;FGBM SI 20250606 PS;SIMPLE_INSTRUMENT;EFP_FIN;EUR;16;119.18000000;385;EXCHANGE_LAST;;1;1;XEUR;11820390;689;
07.05.2025;08:34:54.791;FGBM SI 20250606 PS;SIMPLE_INSTRUMENT;EFP_FIN;EUR;17;119.18000000;71;EXCHANGE_LAST;;1;1;XEUR;11820390;689;
07.05.2025;08:38:59.937;FGBM SI 20250606 PS;SIMPLE_INSTRUMENT;EFS;EUR;18;119.17000000;171;EXCHANGE_LAST;;1;1;XEUR;11820390;689;
07.05.2025;08:40:15.921;FGBM SI 20250606 PS;SIMPLE_INSTRUMENT;EFS;EUR;19;119.16000000;553;EXCHANGE_LAST;;1;1;XEUR;11820390;689;
07.05.2025;08:40:52.593;FGBM SI 20250606 PS;SIMPLE_INSTRUMENT;EFS;EUR;20;119.16000000;257;EXCHANGE_LAST;;1;1;XEUR;11820390;689;
07.05.2025;08:42:03.085;FGBM SI 20250606 PS;SIMPLE_INSTRUMENT;EFP_FIN;EUR;21;119.22000000;770;EXCHANGE_LAST;;1;1;XEUR;11820390;689;
07.05.2025;08:42:00.084;FGBM SI 20250606 PS;SIMPLE_INSTRUMENT;EFP_FIN;EUR;22;119.22000000;770;EXCHANGE_LAST;;1;1;XEUR;11820390;689;
07.05.2025;08:56:10.722;FGBM SI 20250606 PS;SIMPLE_INSTRUMENT;EFP_FIN;EUR;23;119.18000000;85;EXCHANGE_LAST;;1;1;XEUR;11820390;689;
07.05.2025;08:57:10.804;FGBM SI 20250606 PS;SIMPLE_INSTRUMENT;EFP_FIN;EUR;24;119.18000000;685;EXCHANGE_LAST;;1;1;XEUR;11820390;689;
07.05.2025;08:58:14.259;FGBM SI 20250606 PS;SIMPLE_INSTRUMENT;EFP_FIN;EUR;25;119.17000000;303;EXCHANGE_LAST;;1;1;XEUR;11820390;689;
07.05.2025;09:02:40.211;FGBM SI 20250606 PS;SIMPLE_INSTRUMENT;EFS;EUR;26;119.22000000;807;EXCHANGE_LAST;;1;1;XEUR;11820390;689;
07.05.2025;09:15:07.545;FGBM SI 20250606 PS;SIMPLE_INSTRUMENT;EFS;EUR;27;119.17000000;150;EXCHANGE_LAST;;1;1;XEUR;11820390;689;
07.05.2025;09:23:23.930;FGBM SI 20250606 PS;SIMPLE_INSTRUMENT;EFP_FIN;EUR;28;119.27000000;303;EXCHANGE_LAST;;1;1;XEUR;11820390;689;
07.05.2025;09:30:14.123;FGBM SI 20250606 PS;SIMPLE_INSTRUMENT;EFP_FIN;EUR;29;119.17000000;513;EXCHANGE_LAST;;1;1;XEUR;11820390;689;
07.05.2025;09:53:03.936;FGBM SI 20250606 PS;SIMPLE_INSTRUMENT;EFP_FIN;EUR;30;119.29000000;135;EXCHANGE_LAST;;1;1;XEUR;11820390;689;
07.05.2025;09:40:18.745;FGBM SI 20250606 PS;SIMPLE_INSTRUMENT;EFS;EUR;31;119.29000000;810;EXCHANGE_LAST;;1;1;XEUR;11820390;689;
07.05.2025;09:45:04.168;FGBM SI 20250606 PS;SIMPLE_INSTRUMENT;EFS;EUR;32;119.29000000;428;EXCHANGE_LAST;;1;1;XEUR;11820390;689;
07.05.2025;09:45:04.213;FGBM SI 20250606 PS;SIMPLE_INSTRUMENT;EFS;EUR;33;119.29000000;428;EXCHANGE_LAST;;1;1;XEUR;11820390;689;
07.05.2025;09:55:48.454;FGBM SI 20250606 PS;SIMPLE_INSTRUMENT;EFP_FIN;EUR;34;119.29000000;102;EXCHANGE_LAST;;1;1;XEUR;11820390;689;
07.05.2025;10:08:52.785;FGBM SI 20250606 PS;SIMPLE_INSTRUMENT;EFS;EUR;35;119.32000000;428;EXCHANGE_LAST;;1;1;XEUR;11820390;689;
07.05.2025;10:18:47.629;FGBM SI 20250606 PS;SIMPLE_INSTRUMENT;EFS;EUR;36;119.32000000;856;EXCHANGE_LAST;;1;1;XEUR;11820390;689;
07.05.2025;10:19:39.456;FGBM SI 20250606 PS;SIMPLE_INSTRUMENT;EFP_FIN;EUR;37;119.33000000;81;EXCHANGE_LAST;;1;1;XEUR;11820390;689;
07.05.2025;10:37:47.417;FGBM SI 20250606 PS;SIMPLE_INSTRUMENT;EFS;EUR;38;119.35000000;1840;EXCHANGE_LAST;;1;1;XEUR;11820390;689;
07.05.2025;10:40:08.056;FGBM SI 20250606 PS;SIMPLE_INSTRUMENT;EFS;EUR;39;119.30000000;184;EXCHANGE_LAST;;1;1;XEUR;11820390;689;
07.05.2025;10:48:34.270;FGBM SI 20250606 PS;SIMPLE_INSTRUMENT;EFP_FIN;EUR;40;119.31000000;972;EXCHANGE_LAST;;1;1;XEUR;11820390;689;
07.05.2025;10:49:28.754;FGBM SI 20250606 PS;SIMPLE_INSTRUMENT;EFS;EUR;41;119.33000000;855;EXCHANGE_LAST;;1;1;XEUR;11820390;689;
07.05.2025;10:49:28.754;FGBM SI 20250606 PS;SIMPLE_INSTRUMENT;EFS;EUR;42;119.32000000;114;EXCHANGE_LAST;;1;1;XEUR;11820390;689;
07.05.2025;10:56:39.105;FGBM SI 20250606 PS;SIMPLE_INSTRUMENT;EFS;EUR;43;119.32000000;810;EXCHANGE_LAST;;1;1;XEUR;11820390;689;
07.05.2025;11:15:51.263;FGBM SI 20250606 PS;SIMPLE_INSTRUMENT;EFS;EUR;44;119.32000000;921;EXCHANGE_LAST;;1;1;XEUR;11820390;689;
07.05.2025;11:51:56.864;FGBM SI 20250606 PS;SIMPLE_INSTRUMENT;EFP_FIN;EUR;45;119.32000000;852;EXCHANGE_LAST;;1;1;XEUR;11820390;689;
07.05.2025;11:36:49.868;FGBM SI 20250606 PS;SIMPLE_INSTRUMENT;EFS;EUR;46;119.31000000;3221;EXCHANGE_LAST;;1;1;XEUR;11820390;689;
07.05.2025;11:51:25.679;FGBM SI 20250606 PS;SIMPLE_INSTRUMENT;EFS;EUR;47;119.34000000;856;EXCHANGE_LAST;;1;1;XEUR;11820390;689;
07.05.2025;11:45:48.163;FGBM SI 20250606 PS;SIMPLE_INSTRUMENT;EFP_FIN;EUR;48;119.33000000;1020;EXCHANGE_LAST;;1;1;XEUR;11820390;689;
07.05.2025;11:50:23.383;FGBM SI 20250606 PS;SIMPLE_INSTRUMENT;EFS;EUR;49;119.34000000;807;EXCHANGE_LAST;;1;1;XEUR;11820390;689;
07.05.2025;11:58:16.646;FGBM SI 20250606 PS;SIMPLE_INSTRUMENT;EFP_FIN;EUR;50;119.30000000;1020;EXCHANGE_LAST;;1;1;XEUR;11820390;689;
07.05.2025;11:58:28.272;FGBM SI 20250606 PS;SIMPLE_INSTRUMENT;EFP_FIN;EUR;51;119.30000000;1020;EXCHANGE_LAST;;1;1;XEUR;11820390;689;
07.05.2025;12:01:16.924;FGBM SI 20250606 PS;SIMPLE_INSTRUMENT;EFS;EUR;52;119.32000000;856;EXCHANGE_LAST;;1;1;XEUR;11820390;689;
07.05.2025;12:02:13.581;FGBM SI 20250606 PS;SIMPLE_INSTRUMENT;EFP_FIN;EUR;53;119.30000000;1190;EXCHANGE_LAST;;1;1;XEUR;11820390;689;
07.05.2025;12:08:10.048;FGBM SI 20250606 PS;SIMPLE_INSTRUMENT;EFP_FIN;EUR;54;119.30000000;171;EXCHANGE_LAST;;1;1;XEUR;11820390;689;
07.05.2025;12:08:16.187;FGBM SI 20250606 PS;SIMPLE_INSTRUMENT;EFP_FIN;EUR;55;119.33000000;340;EXCHANGE_LAST;;1;1;XEUR;11820390;689;
07.05.2025;12:18:32.876;FGBM SI 20250606 PS;SIMPLE_INSTRUMENT;EFS;EUR;56;119.30000000;856;EXCHANGE_LAST;;1;1;XEUR;11820390;689;
07.05.2025;12:23:40.518;FGBM SI 20250606 PS;SIMPLE_INSTRUMENT;EFS;EUR;57;119.33000000;403;EXCHANGE_LAST;;1;1;XEUR;11820390;689;
07.05.2025;12:24:23.894;FGBM SI 20250606 PS;SIMPLE_INSTRUMENT;EFS;EUR;58;119.33000000;428;EXCHANGE_LAST;;1;1;XEUR;11820390;689;
07.05.2025;12:25:23.926;FGBM SI 20250606 PS;SIMPLE_INSTRUMENT;EFS;EUR;59;119.33000000;806;EXCHANGE_LAST;;1;1;XEUR;11820390;689;
07.05.2025;12:38:31.071;FGBM SI 20250606 PS;SIMPLE_INSTRUMENT;EFS;EUR;60;119.33000000;855;EXCHANGE_LAST;;1;1;XEUR;11820390;689;
07.05.2025;12:46:10.431;FGBM SI 20250606 PS;SIMPLE_INSTRUMENT;EFS;EUR;61;119.35000000;807;EXCHANGE_LAST;;1;1;XEUR;11820390;689;
07.05.2025;12:56:45.765;FGBM SI 20250606 PS;SIMPLE_INSTRUMENT;EFS;EUR;62;119.34000000;403;EXCHANGE_LAST;;1;1;XEUR;11820390;689;
07.05.2025;13:03:59.155;FGBM SI 20250606 PS;SIMPLE_INSTRUMENT;EFP_FIN;EUR;63;119.35000000;1756;EXCHANGE_LAST;;1;1;XEUR;11820390;689;
07.05.2025;13:10:57.338;FGBM SI 20250606 PS;SIMPLE_INSTRUMENT;EFS;EUR;64;119.35000000;809;EXCHANGE_LAST;;1;1;XEUR;11820390;689;
07.05.2025;13:13:51.425;FGBM SI 20250606 PS;SIMPLE_INSTRUMENT;EFS;EUR;65;119.38000000;1000;EXCHANGE_LAST;;1;1;XEUR;11820390;689;
07.05.2025;13:16:19.222;FGBM SI 20250606 PS;SIMPLE_INSTRUMENT;EFS;EUR;66;119.39000000;1284;EXCHANGE_LAST;;1;1;XEUR;11820390;689;
07.05.2025;13:18:46.381;FGBM SI 20250606 PS;SIMPLE_INSTRUMENT;EFS;EUR;67;119.38000000;855;EXCHANGE_LAST;;1;1;XEUR;11820390;689;
07.05.2025;13:34:45.074;FGBM SI 20250606 PS;SIMPLE_INSTRUMENT;EFP_FIN;EUR;68;119.38000000;165;EXCHANGE_LAST;;1;1;XEUR;11820390;689;
07.05.2025;13:40:02.261;FGBM SI 20250606 PS;SIMPLE_INSTRUMENT;EFS;EUR;69;119.44000000;428;EXCHANGE_LAST;;1;1;XEUR;11820390;689;
07.05.2025;13:44:49.672;FGBM SI 20250606 PS;SIMPLE_INSTRUMENT;EFP_FIN;EUR;70;119.39000000;455;EXCHANGE_LAST;;1;1;XEUR;11820390;689;
07.05.2025;13:48:35.610;FGBM SI 20250606 PS;SIMPLE_INSTRUMENT;EFP_FIN;EUR;71;119.38000000;59;EXCHANGE_LAST;;1;1;XEUR;11820390;689;
07.05.2025;13:48:28.202;FGBM SI 20250606 PS;SIMPLE_INSTRUMENT;EFP_FIN;EUR;72;119.38000000;241;EXCHANGE_LAST;;1;1;XEUR;11820390;689;
07.05.2025;13:51:40.798;FGBM SI 20250606 PS;SIMPLE_INSTRUMENT;EFP_FIN;EUR;73;119.38000000;287;EXCHANGE_LAST;;1;1;XEUR;11820390;689;
07.05.2025;13:52:00.159;FGBM SI 20250606 PS;SIMPLE_INSTRUMENT;EFP_FIN;EUR;74;119.38000000;105;EXCHANGE_LAST;;1;1;XEUR;11820390;689;
07.05.2025;13:56:48.314;FGBM SI 20250606 PS;SIMPLE_INSTRUMENT;EFS;EUR;75;119.42000000;808;EXCHANGE_LAST;;1;1;XEUR;11820390;689;
07.05.2025;14:17:57.147;FGBM SI 20250606 PS;SIMPLE_INSTRUMENT;EFS;EUR;76;119.43000000;1245;EXCHANGE_LAST;;1;1;XEUR;11820390;689;
07.05.2025;14:23:04.674;FGBM SI 20250606 PS;SIMPLE_INSTRUMENT;EFP_FIN;EUR;77;119.45000000;1525;EXCHANGE_LAST;;1;1;XEUR;11820390;689;
07.05.2025;14:23:39.414;FGBM SI 20250606 PS;SIMPLE_INSTRUMENT;EFP_FIN;EUR;78;119.45000000;483;EXCHANGE_LAST;;1;1;XEUR;11820390;689;
07.05.2025;14:35:13.081;FGBM SI 20250606 PS;SIMPLE_INSTRUMENT;EFP_FIN;EUR;79;119.43000000;1874;EXCHANGE_LAST;;1;1;XEUR;11820390;689;
07.05.2025;14:38:46.798;FGBM SI 20250606 PS;SIMPLE_INSTRUMENT;EFS;EUR;80;119.44000000;404;EXCHANGE_LAST;;1;1;XEUR;11820390;689;
07.05.2025;14:38:58.668;FGBM SI 20250606 PS;SIMPLE_INSTRUMENT;EFP_FIN;EUR;81;119.42000000;426;EXCHANGE_LAST;;1;1;XEUR;11820390;689;
07.05.2025;14:43:32.054;FGBM SI 20250606 PS;SIMPLE_INSTRUMENT;EFS;EUR;82;119.43000000;1210;EXCHANGE_LAST;;1;1;XEUR;11820390;689;
07.05.2025;14:43:37.062;FGBM SI 20250606 PS;SIMPLE_INSTRUMENT;EFS;EUR;83;119.43000000;403;EXCHANGE_LAST;;1;1;XEUR;11820390;689;
07.05.2025;14:49:07.283;FGBM SI 20250606 PS;SIMPLE_INSTRUMENT;EFS;EUR;84;119.44000000;257;EXCHANGE_LAST;;1;1;XEUR;11820390;689;
07.05.2025;14:52:03.402;FGBM SI 20250606 PS;SIMPLE_INSTRUMENT;EFS;EUR;85;119.44000000;856;EXCHANGE_LAST;;1;1;XEUR;11820390;689;
07.05.2025;14:55:52.248;FGBM SI 20250606 PS;SIMPLE_INSTRUMENT;EFP_FIN;EUR;86;119.43000000;385;EXCHANGE_LAST;;1;1;XEUR;11820390;689;
07.05.2025;15:00:29.767;FGBM SI 20250606 PS;SIMPLE_INSTRUMENT;EFS;EUR;87;119.47000000;855;EXCHANGE_LAST;;1;1;XEUR;11820390;689;
07.05.2025;15:02:03.846;FGBM SI 20250606 PS;SIMPLE_INSTRUMENT;EFP_FIN;EUR;88;119.44000000;353;EXCHANGE_LAST;;1;1;XEUR;11820390;689;
07.05.2025;15:02:21.360;FGBM SI 20250606 PS;SIMPLE_INSTRUMENT;EFP_FIN;EUR;89;119.44000000;499;EXCHANGE_LAST;;1;1;XEUR;11820390;689;
07.05.2025;15:03:04.903;FGBM SI 20250606 PS;SIMPLE_INSTRUMENT;EFS;EUR;90;119.46000000;855;EXCHANGE_LAST;;1;1;XEUR;11820390;689;
07.05.2025;15:06:08.858;FGBM SI 20250606 PS;SIMPLE_INSTRUMENT;EFP_FIN;EUR;91;119.45000000;376;EXCHANGE_LAST;;1;1;XEUR;11820390;689;
07.05.2025;15:07:00.705;FGBM SI 20250606 PS;SIMPLE_INSTRUMENT;EFP_FIN;EUR;92;119.45000000;964;EXCHANGE_LAST;;1;1;XEUR;11820390;689;
07.05.2025;15:08:00.138;FGBM SI 20250606 PS;SIMPLE_INSTRUMENT;EFS;EUR;93;119.47000000;599;EXCHANGE_LAST;;1;1;XEUR;11820390;689;
07.05.2025;15:14:50.436;FGBM SI 20250606 PS;SIMPLE_INSTRUMENT;EFS;EUR;94;119.47000000;855;EXCHANGE_LAST;;1;1;XEUR;11820390;689;
07.05.2025;15:16:26.981;FGBM SI 20250606 PS;SIMPLE_INSTRUMENT;EFS;EUR;95;119.46000000;1300;EXCHANGE_LAST;;1;1;XEUR;11820390;689;
07.05.2025;15:17:25.567;FGBM SI 20250606 PS;SIMPLE_INSTRUMENT;EFS;EUR;96;119.48000000;855;EXCHANGE_LAST;;1;1;XEUR;11820390;689;
07.05.2025;15:28:14.567;FGBM SI 20250606 PS;SIMPLE_INSTRUMENT;EFP_FIN;EUR;97;119.43000000;1540;EXCHANGE_LAST;;1;1;XEUR;11820390;689;
07.05.2025;15:35:38.783;FGBM SI 20250606 PS;SIMPLE_INSTRUMENT;EFP_FIN;EUR;98;119.46000000;613;EXCHANGE_LAST;;1;1;XEUR;11820390;689;
07.05.2025;15:39:51.279;FGBM SI 20250606 PS;SIMPLE_INSTRUMENT;EFP_FIN;EUR;99;119.47000000;1762;EXCHANGE_LAST;;1;1;XEUR;11820390;689;
07.05.2025;15:41:28.598;FGBM SI 20250606 PS;SIMPLE_INSTRUMENT;EFP_FIN;EUR;100;119.49000000;948;EXCHANGE_LAST;;1;1;XEUR;11820390;689;
07.05.2025;15:43:43.621;FGBM SI 20250606 PS;SIMPLE_INSTRUMENT;EFS;EUR;101;119.51000000;855;EXCHANGE_LAST;;1;1;XEUR;11820390;689;
07.05.2025;15:47:12.163;FGBM SI 20250606 PS;SIMPLE_INSTRUMENT;EFS;EUR;102;119.51000000;404;EXCHANGE_LAST;;1;1;XEUR;11820390;689;
07.05.2025;15:52:44.811;FGBM SI 20250606 PS;SIMPLE_INSTRUMENT;EFS;EUR;103;119.51000000;726;EXCHANGE_LAST;;1;1;XEUR;11820390;689;
07.05.2025;16:02:25.372;FGBM SI 20250606 PS;SIMPLE_INSTRUMENT;EFS;EUR;104;119.51000000;428;EXCHANGE_LAST;;1;1;XEUR;11820390;689;
07.05.2025;16:05:01.578;FGBM SI 20250606 PS;SIMPLE_INSTRUMENT;EFS;EUR;105;119.48000000;855;EXCHANGE_LAST;;1;1;XEUR;11820390;689;
07.05.2025;16:08:54.400;FGBM SI 20250606 PS;SIMPLE_INSTRUMENT;EFP_FIN;EUR;106;119.16000000;770;EXCHANGE_LAST;;1;1;XEUR;11820390;689;
07.05.2025;16:25:50.751;FGBM SI 20250606 PS;SIMPLE_INSTRUMENT;EFS;EUR;107;119.51000000;854;EXCHANGE_LAST;;1;1;XEUR;11820390;689;
07.05.2025;16:28:49.644;FGBM SI 20250606 PS;SIMPLE_INSTRUMENT;EFS;EUR;108;119.52000000;427;EXCHANGE_LAST;;1;1;XEUR;11820390;689;
07.05.2025;17:21:28.111;FGBM SI 20250606 PS;SIMPLE_INSTRUMENT;EFS;EUR;109;119.54000000;854;EXCHANGE_LAST;;1;1;XEUR;11820390;689;
07.05.2025;07:16:49.697;FGBS SI 20250606 PS;SIMPLE_INSTRUMENT;EFS;EUR;1;107.44000000;1000;EXCHANGE_LAST;;1;1;XEUR;11820391;690;
07.05.2025;07:20:39.030;FGBS SI 20250606 PS;SIMPLE_INSTRUMENT;EFS;EUR;2;107.44500000;2000;EXCHANGE_LAST;;1;1;XEUR;11820391;690;
07.05.2025;07:34:44.922;FGBS SI 20250606 PS;SIMPLE_INSTRUMENT;EFS;EUR;3;107.45000000;3590;EXCHANGE_LAST;;1;1;XEUR;11820391;690;
07.05.2025;08:17:00.424;FGBS SI 20250606 PS;SIMPLE_INSTRUMENT;BLOCK;EUR;4;107.44500000;5188;EXCHANGE_LAST;;1;1;XEUR;11820391;690;
07.05.2025;08:31:58.947;FGBS SI 20250606 PS;SIMPLE_INSTRUMENT;EFS;EUR;5;107.43500000;953;EXCHANGE_LAST;;1;1;XEUR;11820391;690;
07.05.2025;09:33:13.567;FGBS SI 20250606 PS;SIMPLE_INSTRUMENT;EFP_FIN;EUR;6;107.47000000;610;EXCHANGE_LAST;;1;1;XEUR;11820391;690;
07.05.2025;09:37:31.074;FGBS SI 20250606 PS;SIMPLE_INSTRUMENT;EFP_FIN;EUR;7;107.47000000;312;EXCHANGE_LAST;;1;1;XEUR;11820391;690;
07.05.2025;09:48:17.234;FGBS SI 20250606 PS;SIMPLE_INSTRUMENT;EFP_FIN;EUR;8;107.48000000;443;EXCHANGE_LAST;;1;1;XEUR;11820391;690;
07.05.2025;09:56:44.950;FGBS SI 20250606 PS;SIMPLE_INSTRUMENT;EFP_FIN;EUR;9;107.48000000;802;EXCHANGE_LAST;;1;1;XEUR;11820391;690;
07.05.2025;09:54:48.115;FGBS SI 20250606 PS;SIMPLE_INSTRUMENT;EFP_FIN;EUR;11;107.48000000;95;EXCHANGE_LAST;;1;1;XEUR;11820391;690;
07.05.2025;09:57:55.166;FGBS SI 20250606 PS;SIMPLE_INSTRUMENT;EFP_FIN;EUR;12;107.48000000;104;EXCHANGE_LAST;;1;1;XEUR;11820391;690;
07.05.2025;09:57:41.055;FGBS SI 20250606 PS;SIMPLE_INSTRUMENT;EFS;EUR;13;107.45000000;816;EXCHANGE_LAST;;1;1;XEUR;11820391;690;
07.05.2025;10:04:44.633;FGBS SI 20250606 PS;SIMPLE_INSTRUMENT;EFP_FIN;EUR;14;107.47000000;663;EXCHANGE_LAST;;1;1;XEUR;11820391;690;
07.05.2025;10:33:15.033;FGBS SI 20250606 PS;SIMPLE_INSTRUMENT;EFS;EUR;15;107.48000000;2990;EXCHANGE_LAST;;1;1;XEUR;11820391;690;
07.05.2025;10:52:27.029;FGBS SI 20250606 PS;SIMPLE_INSTRUMENT;EFS;EUR;16;107.48000000;466;EXCHANGE_LAST;;1;1;XEUR;11820391;690;
07.05.2025;10:53:18.394;FGBS SI 20250606 PS;SIMPLE_INSTRUMENT;EFS;EUR;17;107.48000000;2040;EXCHANGE_LAST;;1;1;XEUR;11820391;690;
07.05.2025;10:55:12.100;FGBS SI 20250606 PS;SIMPLE_INSTRUMENT;EFS;EUR;18;107.47500000;2393;EXCHANGE_LAST;;1;1;XEUR;11820391;690;
07.05.2025;11:28:22.639;FGBS SI 20250606 PS;SIMPLE_INSTRUMENT;EFS;EUR;19;107.48000000;544;EXCHANGE_LAST;;1;1;XEUR;11820391;690;
07.05.2025;11:30:14.774;FGBS SI 20250606 PS;SIMPLE_INSTRUMENT;EFS;EUR;20;107.48000000;500;EXCHANGE_LAST;;1;1;XEUR;11820391;690;
07.05.2025;11:50:58.474;FGBS SI 20250606 PS;SIMPLE_INSTRUMENT;EFS;EUR;21;107.47000000;1000;EXCHANGE_LAST;;1;1;XEUR;11820391;690;
07.05.2025;13:09:47.850;FGBS SI 20250606 PS;SIMPLE_INSTRUMENT;EFS;EUR;22;107.48500000;2392;EXCHANGE_LAST;;1;1;XEUR;11820391;690;
07.05.2025;13:56:42.314;FGBS SI 20250606 PS;SIMPLE_INSTRUMENT;EFS;EUR;23;107.50500000;2391;EXCHANGE_LAST;;1;1;XEUR;11820391;690;
07.05.2025;14:04:45.009;FGBS SI 20250606 PS;SIMPLE_INSTRUMENT;EFP_FIN;EUR;24;107.50000000;626;EXCHANGE_LAST;;1;1;XEUR;11820391;690;
07.05.2025;14:40:27.665;FGBS SI 20250606 PS;SIMPLE_INSTRUMENT;EFS;EUR;25;107.47500000;8155;EXCHANGE_LAST;;1;1;XEUR;11820391;690;
07.05.2025;15:13:42.514;FGBS SI 20250606 PS;SIMPLE_INSTRUMENT;BLOCK;EUR;26;107.51000000;5000;EXCHANGE_LAST;;1;1;XEUR;11820391;690;
07.05.2025;15:14:36.847;FGBS SI 20250606 PS;SIMPLE_INSTRUMENT;EFS;EUR;27;107.50500000;1800;EXCHANGE_LAST;;1;1;XEUR;11820391;690;
07.05.2025;15:18:31.767;FGBS SI 20250606 PS;SIMPLE_INSTRUMENT;EFS;EUR;28;107.51000000;956;EXCHANGE_LAST;;1;1;XEUR;11820391;690;
07.05.2025;15:25:24.031;FGBS SI 20250606 PS;SIMPLE_INSTRUMENT;EFP_FIN;EUR;29;107.48000000;573;EXCHANGE_LAST;;1;1;XEUR;11820391;690;
07.05.2025;15:39:51.218;FGBS SI 20250606 PS;SIMPLE_INSTRUMENT;EFP_FIN;EUR;30;107.51000000;1212;EXCHANGE_LAST;;1;1;XEUR;11820391;690;
07.05.2025;15:45:12.485;FGBS SI 20250606 PS;SIMPLE_INSTRUMENT;EFP_FIN;EUR;31;107.48000000;955;EXCHANGE_LAST;;1;1;XEUR;11820391;690;
07.05.2025;15:50:41.714;FGBS SI 20250606 PS;SIMPLE_INSTRUMENT;EFP_FIN;EUR;32;107.52000000;1192;EXCHANGE_LAST;;1;1;XEUR;11820391;690;
07.05.2025;07:57:11.007;FGBX SI 20250606 PS;SIMPLE_INSTRUMENT;BLOCK;EUR;1;121.68000000;181;EXCHANGE_LAST;;1;1;XEUR;11820392;691;
07.05.2025;07:58:57.550;FGBX SI 20250606 PS;SIMPLE_INSTRUMENT;BLOCK;EUR;2;121.60000000;181;EXCHANGE_LAST;;1;1;XEUR;11820392;691;
07.05.2025;08:15:38.888;FGBX SI 20250606 PS;SIMPLE_INSTRUMENT;EFP_FIN;EUR;3;121.56000000;186;EXCHANGE_LAST;;1;1;XEUR;11820392;691;
07.05.2025;08:42:43.898;FGBX SI 20250606 PS;SIMPLE_INSTRUMENT;EFS;EUR;4;121.46000000;105;EXCHANGE_LAST;;1;1;XEUR;11820392;691;
07.05.2025;08:44:04.712;FGBX SI 20250606 PS;SIMPLE_INSTRUMENT;EFS;EUR;5;121.46000000;906;EXCHANGE_LAST;;1;1;XEUR;11820392;691;
07.05.2025;09:31:47.353;FGBX SI 20250606 PS;SIMPLE_INSTRUMENT;EFP_FIN;EUR;6;122.02000000;72;EXCHANGE_LAST;;1;1;XEUR;11820392;691;
07.05.2025;09:48:13.403;FGBX SI 20250606 PS;SIMPLE_INSTRUMENT;BLOCK;EUR;7;121.96000000;349;EXCHANGE_LAST;;1;1;XEUR;11820392;691;
07.05.2025;09:58:26.731;FGBX SI 20250606 PS;SIMPLE_INSTRUMENT;EFP_FIN;EUR;8;121.96000000;62;EXCHANGE_LAST;;1;1;XEUR;11820392;691;
07.05.2025;10:01:51.149;FGBX SI 20250606 PS;SIMPLE_INSTRUMENT;EFP_FIN;EUR;9;122.00000000;142;EXCHANGE_LAST;;1;1;XEUR;11820392;691;
07.05.2025;10:18:12.311;FGBX SI 20250606 PS;SIMPLE_INSTRUMENT;EFP_FIN;EUR;11;122.20000000;129;EXCHANGE_LAST;;1;1;XEUR;11820392;691;
07.05.2025;10:36:46.045;FGBX SI 20250606 PS;SIMPLE_INSTRUMENT;EFP_FIN;EUR;12;122.28000000;301;EXCHANGE_LAST;;1;1;XEUR;11820392;691;
07.05.2025;10:44:51.929;FGBX SI 20250606 PS;SIMPLE_INSTRUMENT;BLOCK;EUR;13;122.28000000;280;EXCHANGE_LAST;;1;1;XEUR;11820392;691;
07.05.2025;10:52:20.448;FGBX SI 20250606 PS;SIMPLE_INSTRUMENT;EFP_FIN;EUR;14;122.02000000;920;EXCHANGE_LAST;;1;1;XEUR;11820392;691;
07.05.2025;11:25:00.041;FGBX SI 20250606 PS;SIMPLE_INSTRUMENT;EFP_FIN;EUR;15;122.42000000;186;EXCHANGE_LAST;;1;1;XEUR;11820392;691;
07.05.2025;11:27:43.295;FGBX SI 20250606 PS;SIMPLE_INSTRUMENT;EFP_FIN;EUR;17;122.46000000;57;EXCHANGE_LAST;;1;1;XEUR;11820392;691;
07.05.2025;12:33:09.056;FGBX SI 20250606 PS;SIMPLE_INSTRUMENT;EFP_FIN;EUR;24;122.30000000;74;EXCHANGE_LAST;;1;1;XEUR;11820392;691;
07.05.2025;13:24:46.524;FGBX SI 20250606 PS;SIMPLE_INSTRUMENT;BLOCK;EUR;26;122.74000000;143;EXCHANGE_LAST;;1;1;XEUR;11820392;691;
07.05.2025;13:33:42.723;FGBX SI 20250606 PS;SIMPLE_INSTRUMENT;EFP_FIN;EUR;27;122.96000000;186;EXCHANGE_LAST;;1;1;XEUR;11820392;691;
07.05.2025;13:41:56.905;FGBX SI 20250606 PS;SIMPLE_INSTRUMENT;EFP_FIN;EUR;28;122.64000000;80;EXCHANGE_LAST;;1;1;XEUR;11820392;691;
07.05.2025;13:43:55.287;FGBX SI 20250606 PS;SIMPLE_INSTRUMENT;EFP_FIN;EUR;29;122.72000000;100;EXCHANGE_LAST;;1;1;XEUR;11820392;691;
07.05.2025;13:48:11.400;FGBX SI 20250606 PS;SIMPLE_INSTRUMENT;EFP_FIN;EUR;30;122.96000000;205;EXCHANGE_LAST;;1;1;XEUR;11820392;691;
07.05.2025;14:16:52.334;FGBX SI 20250606 PS;SIMPLE_INSTRUMENT;EFS;EUR;32;122.90000000;299;EXCHANGE_LAST;;1;1;XEUR;11820392;691;
07.05.2025;14:47:34.048;FGBX SI 20250606 PS;SIMPLE_INSTRUMENT;EFS;EUR;33;123.16000000;430;EXCHANGE_LAST;;1;1;XEUR;11820392;691;
07.05.2025;15:25:13.122;FGBX SI 20250606 PS;SIMPLE_INSTRUMENT;EFP_FIN;EUR;36;123.08000000;113;EXCHANGE_LAST;;1;1;XEUR;11820392;691;
07.05.2025;15:42:13.804;FIAK SI 20250619 CS;SIMPLE_INSTRUMENT;BLOCK;EUR;89;8.33000000;5400;EXCHANGE_LAST;;1;1;XEUR;11164348;144766;
07.05.2025;15:47:12.775;FMCP SI 20250620 CS;SIMPLE_INSTRUMENT;BLOCK;EUR;49;565.00000000;142;EXCHANGE_LAST;;1;1;XEUR;11880750;662;
07.05.2025;15:47:08.221;FMCP SI 20250620 CS;SIMPLE_INSTRUMENT;BLOCK;EUR;51;564.50000000;102;EXCHANGE_LAST;;1;1;XEUR;11880750;662;
07.05.2025;09:54:35.827;FME.O.250507.STG.000001;STANDARD_OPTION_STRATEGY;BLOCK;EUR;2;7.55000000;1250;EXCHANGE_LAST;;1;1;XEUR;72060441601260371;663;
07.05.2025;09:54:35.827;FME SI 20251219 PS AM C 52.00 0;SIMPLE_INSTRUMENT;BLOCK;EUR;2;3.63000000;1250;PRC_DECOMP_EXCHANGE;;;;XEUR;5930252;663;EXCHANGE
07.05.2025;09:54:35.827;FME SI 20251219 PS AM P 48.00 0;SIMPLE_INSTRUMENT;BLOCK;EUR;2;3.92000000;1250;PRC_DECOMP_EXCHANGE;;;;XEUR;5930251;663;EXCHANGE
07.05.2025;15:23:06.090;FMED SI 20250620 CS;SIMPLE_INSTRUMENT;BLOCK;USD;31;10717.87200000;282;EXCHANGE_LAST;;1;1;XEUR;7939645;48144;
07.05.2025;15:23:06.534;FMED SI 20250620 CS;SIMPLE_INSTRUMENT;BLOCK;USD;32;10717.87300000;2543;EXCHANGE_LAST;;1;1;XEUR;7939645;48144;
07.05.2025;15:41:06.093;FMEF SI 20250620 CS;SIMPLE_INSTRUMENT;BLOCK;USD;36;1136.40000000;103;EXCHANGE_LAST;;1;1;XEUR;7408968;30657;
07.05.2025;15:41:24.437;FMEF SI 20250620 CS;SIMPLE_INSTRUMENT;BLOCK;USD;37;1136.50000000;189;EXCHANGE_LAST;;1;1;XEUR;7408968;30657;
07.05.2025;06:56:06.927;FMEN SI 20250620 CS;SIMPLE_INSTRUMENT;EFP_IDX;EUR;8;507.69500000;4;EXCHANGE_LAST;;1;1;XEUR;7939172;30652;
07.05.2025;07:11:55.253;FMES SI 20250620 CS;SIMPLE_INSTRUMENT;EFP_IDX;EUR;14;587.62300000;1;EXCHANGE_LAST;;1;1;XEUR;7940344;221291;
07.05.2025;07:05:27.286;FMEU SI 20250620 CS;SIMPLE_INSTRUMENT;BLOCK;EUR;11;360.14000000;468;EXCHANGE_LAST;;1;1;XEUR;7938710;7058;
07.05.2025;13:42:27.604;FMFP SI 20250620 CS;SIMPLE_INSTRUMENT;BLOCK;USD;27;2537.00000000;190;EXCHANGE_LAST;;1;1;XEUR;7411194;51999;
07.05.2025;06:56:19.511;FMGC SI 20250620 CS;SIMPLE_INSTRUMENT;BLOCK;USD;9;13453.09000000;21;EXCHANGE_LAST;;1;1;XEUR;7939680;48916;
07.05.2025;07:38:10.865;FMGC SI 20250620 CS;SIMPLE_INSTRUMENT;BLOCK;USD;17;13453.09000000;10;EXCHANGE_LAST;;1;1;XEUR;7939680;48916;
07.05.2025;13:52:18.702;FMGO SI 20250620 CS;SIMPLE_INSTRUMENT;BLOCK;USD;29;5584.00000000;10;EXCHANGE_LAST;;1;1;XEUR;8609371;583623;
07.05.2025;01:53:11.685;FMHK SI 20250620 CS;SIMPLE_INSTRUMENT;BLOCK;USD;1;62300.00000000;45;EXCHANGE_LAST;;1;1;XEUR;7939458;45282;
07.05.2025;02:19:45.875;FMIN SI 20250620 CS;SIMPLE_INSTRUMENT;BLOCK;USD;2;1274.20000000;585;EXCHANGE_LAST;;1;1;XEUR;7938852;12404;
07.05.2025;02:56:46.147;FMIN SI 20250620 CS;SIMPLE_INSTRUMENT;BLOCK;USD;3;1272.92800000;40;EXCHANGE_LAST;;1;1;XEUR;7938852;12404;
07.05.2025;05:04:56.977;FMIN SI 20250620 CS;SIMPLE_INSTRUMENT;BLOCK;USD;4;1273.05500000;470;EXCHANGE_LAST;;1;1;XEUR;7938852;12404;
07.05.2025;07:11:19.686;FMIN SI 20250620 CS;SIMPLE_INSTRUMENT;BLOCK;USD;12;1273.05700000;314;EXCHANGE_LAST;;1;1;XEUR;7938852;12404;
07.05.2025;07:35:28.264;FMIN SI 20250620 CS;SIMPLE_INSTRUMENT;BLOCK;USD;15;1273.05500000;160;EXCHANGE_LAST;;1;1;XEUR;7938852;12404;
07.05.2025;08:51:51.566;FMIN SI 20250620 CS;SIMPLE_INSTRUMENT;BLOCK;USD;20;1272.30000000;98;EXCHANGE_LAST;;1;1;XEUR;7938852;12404;
07.05.2025;10:23:07.784;FMIN SI 20250620 CS;SIMPLE_INSTRUMENT;BLOCK;USD;22;1269.20000000;37;EXCHANGE_LAST;;1;1;XEUR;7938852;12404;
07.05.2025;13:33:08.542;FMIN SI 20250620 CS;SIMPLE_INSTRUMENT;BLOCK;USD;28;1269.02000000;143;EXCHANGE_LAST;;1;1;XEUR;7938852;12404;
07.05.2025;15:45:36.896;FMMU SI 20250620 CS;SIMPLE_INSTRUMENT;BLOCK;EUR;42;325.40900000;4130;EXCHANGE_LAST;;1;1;XEUR;7939646;48138;
07.05.2025;15:31:43.801;FMMX SI 20250620 CS;SIMPLE_INSTRUMENT;BLOCK;USD;33;730.58500000;101;EXCHANGE_LAST;;1;1;XEUR;7938855;12545;
07.05.2025;14:48:01.087;FMNB SI 20250619 PS AM C 52.00 0;SIMPLE_INSTRUMENT;BLOCK;EUR;14;1.95000000;500;EXCHANGE_LAST;;1;2;XEUR;12801284;658;
07.05.2025;08:45:57.220;FMNG SI 20251218 CS;SIMPLE_INSTRUMENT;BLOCK;EUR;5;47.39600000;8;EXCHANGE_LAST;;1;1;XEUR;8667774;659;
07.05.2025;15:37:05.842;FMOV SI 20250620 CS;SIMPLE_INSTRUMENT;BLOCK;USD;34;14337.00000000;10;EXCHANGE_LAST;;1;1;XEUR;7939784;51878;
07.05.2025;14:35:45.286;FMPX SI 20250620 CS;SIMPLE_INSTRUMENT;BLOCK;USD;30;8516.00000000;29;EXCHANGE_LAST;;1;1;XEUR;7939465;45291;
07.05.2025;12:14:32.210;FMSA SI 20250620 CS;SIMPLE_INSTRUMENT;BLOCK;USD;23;1745.47000000;256;EXCHANGE_LAST;;1;1;XEUR;7940199;134861;
07.05.2025;07:35:41.027;FMTH SI 20250620 CS;SIMPLE_INSTRUMENT;BLOCK;USD;16;1103.38100000;275;EXCHANGE_LAST;;1;1;XEUR;7938883;12681;
07.05.2025;00:34:45.720;FMTW SI 20250620 CS;SIMPLE_INSTRUMENT;BLOCK;USD;1;800.87800000;250;EXCHANGE_LAST;;1;1;XEUR;7939790;51884;
07.05.2025;02:47:10.669;FMTW SI 20250620 CS;SIMPLE_INSTRUMENT;BLOCK;USD;3;800.87800000;62;EXCHANGE_LAST;;1;1;XEUR;7939790;51884;
07.05.2025;11:27:00.873;FMUA SI 20250620 CS;SIMPLE_INSTRUMENT;BLOCK;USD;4;990.14600000;18;EXCHANGE_LAST;;1;1;XEUR;7939459;45284;
07.05.2025;06:13:21.356;FMWN SI 20250620 CS;SIMPLE_INSTRUMENT;BLOCK;EUR;6;531.12000000;223;EXCHANGE_LAST;;1;1;XEUR;7939177;30654;
07.05.2025;06:13:34.256;FMWN SI 20250620 CS;SIMPLE_INSTRUMENT;BLOCK;EUR;7;530.59000000;1862;EXCHANGE_LAST;;1;1;XEUR;7939177;30654;
07.05.2025;07:02:29.725;FMWN SI 20250620 CS;SIMPLE_INSTRUMENT;EFP_IDX;EUR;10;530.96200000;14;EXCHANGE_LAST;;1;1;XEUR;7939177;30654;
07.05.2025;08:27:40.939;FMWN SI 20250620 CS;SIMPLE_INSTRUMENT;EFP_IDX;EUR;18;531.46500000;970;EXCHANGE_LAST;;1;1;XEUR;7939177;30654;
07.05.2025;05:54:15.098;FMWO SI 20250620 CS;SIMPLE_INSTRUMENT;EFP_IDX;USD;5;11792.75000000;112;EXCHANGE_LAST;;1;1;XEUR;7938711;7059;
07.05.2025;07:10:44.003;FMWO SI 20250620 CS;SIMPLE_INSTRUMENT;EFP_IDX;USD;13;11798.93000000;138;EXCHANGE_LAST;;1;1;XEUR;7938711;7059;
07.05.2025;13:24:40.620;FMWP SI 20250620 CS;SIMPLE_INSTRUMENT;BLOCK;USD;26;3700.00000000;818;EXCHANGE_LAST;;1;1;XEUR;7408971;30656;
07.05.2025;07:15:04.589;FOAT SI 20250606 PS;SIMPLE_INSTRUMENT;BLOCK;EUR;1;124.76000000;995;EXCHANGE_LAST;;1;1;XEUR;11820393;749;
07.05.2025;07:39:18.041;FOAT SI 20250606 PS;SIMPLE_INSTRUMENT;EFS;EUR;2;124.81000000;245;EXCHANGE_LAST;;1;1;XEUR;11820393;749;
07.05.2025;07:41:42.673;FOAT SI 20250606 PS;SIMPLE_INSTRUMENT;EFP_FIN;EUR;3;124.83000000;1310;EXCHANGE_LAST;;1;1;XEUR;11820393;749;
07.05.2025;07:56:50.581;FOAT SI 20250606 PS;SIMPLE_INSTRUMENT;BLOCK;EUR;4;124.83000000;435;EXCHANGE_LAST;;1;1;XEUR;11820393;749;
07.05.2025;08:01:07.604;FOAT SI 20250606 PS;SIMPLE_INSTRUMENT;EFP_FIN;EUR;5;124.83000000;432;EXCHANGE_LAST;;1;1;XEUR;11820393;749;
07.05.2025;08:01:59.606;FOAT SI 20250606 PS;SIMPLE_INSTRUMENT;EFP_FIN;EUR;6;124.84000000;904;EXCHANGE_LAST;;1;1;XEUR;11820393;749;
07.05.2025;08:09:24.562;FOAT SI 20250606 PS;SIMPLE_INSTRUMENT;EFP_FIN;EUR;7;124.85000000;206;EXCHANGE_LAST;;1;1;XEUR;11820393;749;
07.05.2025;08:19:11.062;FOAT SI 20250606 PS;SIMPLE_INSTRUMENT;EFP_FIN;EUR;8;124.86000000;1037;EXCHANGE_LAST;;1;1;XEUR;11820393;749;
07.05.2025;08:26:57.707;FOAT SI 20250606 PS;SIMPLE_INSTRUMENT;EFP_FIN;EUR;9;124.86000000;788;EXCHANGE_LAST;;1;1;XEUR;11820393;749;
07.05.2025;08:28:31.043;FOAT SI 20250606 PS;SIMPLE_INSTRUMENT;EFP_FIN;EUR;10;124.79000000;1969;EXCHANGE_LAST;;1;1;XEUR;11820393;749;
07.05.2025;08:33:11.763;FOAT SI 20250606 PS;SIMPLE_INSTRUMENT;BLOCK;EUR;11;124.80000000;1142;EXCHANGE_LAST;;1;1;XEUR;11820393;749;
07.05.2025;08:43:46.215;FOAT SI 20250606 PS;SIMPLE_INSTRUMENT;BLOCK;EUR;12;124.79000000;435;EXCHANGE_LAST;;1;1;XEUR;11820393;749;
07.05.2025;08:38:20.077;FOAT SI 20250606 PS;SIMPLE_INSTRUMENT;EFP_FIN;EUR;13;124.86000000;475;EXCHANGE_LAST;;1;1;XEUR;11820393;749;
07.05.2025;08:45:43.615;FOAT SI 20250606 PS;SIMPLE_INSTRUMENT;EFP_FIN;EUR;14;124.79000000;826;EXCHANGE_LAST;;1;1;XEUR;11820393;749;
07.05.2025;08:48:41.926;FOAT SI 20250606 PS;SIMPLE_INSTRUMENT;EFP_FIN;EUR;15;124.80000000;2679;EXCHANGE_LAST;;1;1;XEUR;11820393;749;
07.05.2025;09:05:35.664;FOAT SI 20250606 PS;SIMPLE_INSTRUMENT;EFP_FIN;EUR;16;124.81000000;648;EXCHANGE_LAST;;1;1;XEUR;11820393;749;
07.05.2025;09:09:40.077;FOAT SI 20250606 PS;SIMPLE_INSTRUMENT;EFP_FIN;EUR;17;124.81000000;311;EXCHANGE_LAST;;1;1;XEUR;11820393;749;
07.05.2025;09:13:56.848;FOAT SI 20250606 PS;SIMPLE_INSTRUMENT;EFP_FIN;EUR;18;124.76000000;4776;EXCHANGE_LAST;;1;1;XEUR;11820393;749;
07.05.2025;09:27:23.280;FOAT SI 20250606 PS;SIMPLE_INSTRUMENT;EFP_FIN;EUR;19;124.81000000;124;EXCHANGE_LAST;;1;1;XEUR;11820393;749;
07.05.2025;09:57:13.834;FOAT SI 20250606 PS;SIMPLE_INSTRUMENT;EFP_FIN;EUR;20;125.06000000;315;EXCHANGE_LAST;;1;1;XEUR;11820393;749;
07.05.2025;10:04:09.676;FOAT SI 20250606 PS;SIMPLE_INSTRUMENT;EFP_FIN;EUR;21;125.12000000;2364;EXCHANGE_LAST;;1;1;XEUR;11820393;749;
07.05.2025;10:08:09.903;FOAT SI 20250606 PS;SIMPLE_INSTRUMENT;EFP_FIN;EUR;22;125.18000000;1064;EXCHANGE_LAST;;1;1;XEUR;11820393;749;
07.05.2025;10:51:54.195;FOAT SI 20250606 PS;SIMPLE_INSTRUMENT;EFP_FIN;EUR;23;125.12000000;1471;EXCHANGE_LAST;;1;1;XEUR;11820393;749;
07.05.2025;11:13:54.982;FOAT SI 20250606 PS;SIMPLE_INSTRUMENT;EFP_FIN;EUR;24;125.20000000;1142;EXCHANGE_LAST;;1;1;XEUR;11820393;749;
07.05.2025;11:21:31.040;FOAT SI 20250606 PS;SIMPLE_INSTRUMENT;EFP_FIN;EUR;25;125.20000000;173;EXCHANGE_LAST;;1;1;XEUR;11820393;749;
07.05.2025;11:43:04.083;FOAT SI 20250606 PS;SIMPLE_INSTRUMENT;EFP_FIN;EUR;26;125.18000000;394;EXCHANGE_LAST;;1;1;XEUR;11820393;749;
07.05.2025;11:53:42.714;FOAT SI 20250606 PS;SIMPLE_INSTRUMENT;EFP_FIN;EUR;27;125.13000000;1182;EXCHANGE_LAST;;1;1;XEUR;11820393;749;
07.05.2025;12:00:53.537;FOAT SI 20250606 PS;SIMPLE_INSTRUMENT;EFP_FIN;EUR;28;125.14000000;1970;EXCHANGE_LAST;;1;1;XEUR;11820393;749;
07.05.2025;12:23:12.344;FOAT SI 20250606 PS;SIMPLE_INSTRUMENT;BLOCK;EUR;29;125.18000000;1975;EXCHANGE_LAST;;1;1;XEUR;11820393;749;
07.05.2025;12:23:51.843;FOAT SI 20250606 PS;SIMPLE_INSTRUMENT;EFP_FIN;EUR;30;125.06000000;822;EXCHANGE_LAST;;1;1;XEUR;11820393;749;
07.05.2025;12:25:15.471;FOAT SI 20250606 PS;SIMPLE_INSTRUMENT;EFP_FIN;EUR;31;125.14000000;882;EXCHANGE_LAST;;1;1;XEUR;11820393;749;
07.05.2025;12:51:40.230;FOAT SI 20250606 PS;SIMPLE_INSTRUMENT;EFP_FIN;EUR;32;125.16000000;652;EXCHANGE_LAST;;1;1;XEUR;11820393;749;
07.05.2025;12:50:53.749;FOAT SI 20250606 PS;SIMPLE_INSTRUMENT;EFP_FIN;EUR;33;125.16000000;196;EXCHANGE_LAST;;1;1;XEUR;11820393;749;
07.05.2025;12:48:06.935;FOAT SI 20250606 PS;SIMPLE_INSTRUMENT;EFP_FIN;EUR;34;125.23000000;140;EXCHANGE_LAST;;1;1;XEUR;11820393;749;
07.05.2025;13:00:49.095;FOAT SI 20250606 PS;SIMPLE_INSTRUMENT;EFP_FIN;EUR;36;125.23000000;209;EXCHANGE_LAST;;1;1;XEUR;11820393;749;
07.05.2025;13:07:11.098;FOAT SI 20250606 PS;SIMPLE_INSTRUMENT;EFP_FIN;EUR;37;125.18000000;728;EXCHANGE_LAST;;1;1;XEUR;11820393;749;
07.05.2025;13:05:18.959;FOAT SI 20250606 PS;SIMPLE_INSTRUMENT;EFP_FIN;EUR;38;125.18000000;243;EXCHANGE_LAST;;1;1;XEUR;11820393;749;
07.05.2025;13:17:54.875;FOAT SI 20250606 PS;SIMPLE_INSTRUMENT;EFP_FIN;EUR;39;125.27000000;788;EXCHANGE_LAST;;1;1;XEUR;11820393;749;
07.05.2025;13:23:00.452;FOAT SI 20250606 PS;SIMPLE_INSTRUMENT;EFP_FIN;EUR;40;125.28000000;187;EXCHANGE_LAST;;1;1;XEUR;11820393;749;
07.05.2025;13:30:21.162;FOAT SI 20250606 PS;SIMPLE_INSTRUMENT;EFS;EUR;41;125.28000000;465;EXCHANGE_LAST;;1;1;XEUR;11820393;749;
07.05.2025;13:42:00.529;FOAT SI 20250606 PS;SIMPLE_INSTRUMENT;EFP_FIN;EUR;42;125.25000000;268;EXCHANGE_LAST;;1;1;XEUR;11820393;749;
07.05.2025;13:45:05.607;FOAT SI 20250606 PS;SIMPLE_INSTRUMENT;EFP_FIN;EUR;43;125.35000000;552;EXCHANGE_LAST;;1;1;XEUR;11820393;749;
07.05.2025;13:45:25.399;FOAT SI 20250606 PS;SIMPLE_INSTRUMENT;EFP_FIN;EUR;44;125.25000000;1970;EXCHANGE_LAST;;1;1;XEUR;11820393;749;
07.05.2025;14:05:20.035;FOAT SI 20250606 PS;SIMPLE_INSTRUMENT;EFP_FIN;EUR;45;125.35000000;236;EXCHANGE_LAST;;1;1;XEUR;11820393;749;
07.05.2025;14:06:02.870;FOAT SI 20250606 PS;SIMPLE_INSTRUMENT;EFS;EUR;46;125.37000000;246;EXCHANGE_LAST;;1;1;XEUR;11820393;749;
07.05.2025;14:17:16.780;FOAT SI 20250606 PS;SIMPLE_INSTRUMENT;EFP_FIN;EUR;47;125.29000000;789;EXCHANGE_LAST;;1;1;XEUR;11820393;749;
07.05.2025;14:20:32.873;FOAT SI 20250606 PS;SIMPLE_INSTRUMENT;EFP_FIN;EUR;48;125.38000000;312;EXCHANGE_LAST;;1;1;XEUR;11820393;749;
07.05.2025;14:38:16.020;FOAT SI 20250606 PS;SIMPLE_INSTRUMENT;EFP_FIN;EUR;49;125.40000000;60;EXCHANGE_LAST;;1;1;XEUR;11820393;749;
07.05.2025;15:02:23.230;FOAT SI 20250606 PS;SIMPLE_INSTRUMENT;EFP_FIN;EUR;50;125.42000000;1032;EXCHANGE_LAST;;1;1;XEUR;11820393;749;
07.05.2025;15:15:28.703;FOAT SI 20250606 PS;SIMPLE_INSTRUMENT;EFP_FIN;EUR;51;125.43000000;233;EXCHANGE_LAST;;1;1;XEUR;11820393;749;
07.05.2025;15:30:19.511;FOAT SI 20250606 PS;SIMPLE_INSTRUMENT;EFP_FIN;EUR;52;125.43000000;1576;EXCHANGE_LAST;;1;1;XEUR;11820393;749;
07.05.2025;15:39:51.259;FOAT SI 20250606 PS;SIMPLE_INSTRUMENT;EFP_FIN;EUR;53;125.43000000;286;EXCHANGE_LAST;;1;1;XEUR;11820393;749;
07.05.2025;15:45:25.772;FOAT SI 20250606 PS;SIMPLE_INSTRUMENT;EFP_FIN;EUR;54;125.48000000;394;EXCHANGE_LAST;;1;1;XEUR;11820393;749;
07.05.2025;15:41:54.728;FSCP SI 20250620 CS;SIMPLE_INSTRUMENT;EFP_IDX;EUR;35;342.40000000;511;EXCHANGE_LAST;;1;1;XEUR;11881879;764;
07.05.2025;15:42:06.208;FSCP SI 20250620 CS;SIMPLE_INSTRUMENT;EFP_IDX;EUR;37;342.50000000;799;EXCHANGE_LAST;;1;1;XEUR;11881879;764;
07.05.2025;15:49:48.923;FSCP SI 20250620 CS;SIMPLE_INSTRUMENT;EFP_IDX;EUR;50;342.40000000;39;EXCHANGE_LAST;;1;1;XEUR;11881879;764;
07.05.2025;15:49:59.559;FSCP SI 20250620 CS;SIMPLE_INSTRUMENT;EFP_IDX;EUR;52;342.50000000;158;EXCHANGE_LAST;;1;1;XEUR;11881879;764;
07.05.2025;15:49:39.121;FSEG SI 20250620 CS;SIMPLE_INSTRUMENT;EFP_IDX;EUR;55;196.00000000;57;EXCHANGE_LAST;;1;1;XEUR;11913120;109977;
07.05.2025;15:49:51.586;FSEG SI 20250620 CS;SIMPLE_INSTRUMENT;EFP_IDX;EUR;57;196.10000000;6;EXCHANGE_LAST;;1;1;XEUR;11913120;109977;
07.05.2025;15:53:29.466;FSEG SI 20250620 CS;SIMPLE_INSTRUMENT;EFP_IDX;EUR;66;195.90000000;35;EXCHANGE_LAST;;1;1;XEUR;11913120;109977;
07.05.2025;15:53:41.841;FSEG SI 20250620 CS;SIMPLE_INSTRUMENT;EFP_IDX;EUR;67;196.10000000;31;EXCHANGE_LAST;;1;1;XEUR;11913120;109977;
07.05.2025;13:01:58.948;FSMI SI 20250620 CS;SIMPLE_INSTRUMENT;BLOCK;CHF;1;12120.00000000;500;EXCHANGE_LAST;;1;1;XEUR;7904351;757;
07.05.2025;15:35:04.309;FSMI SI 20250620 CS;SIMPLE_INSTRUMENT;EFP_IDX;CHF;2;12080.00000000;111;EXCHANGE_LAST;;1;1;XEUR;7904351;757;
07.05.2025;15:35:11.435;FSMI SI 20250620 CS;SIMPLE_INSTRUMENT;EFP_IDX;CHF;3;12081.00000000;39;EXCHANGE_LAST;;1;1;XEUR;7904351;757;
07.05.2025;08:47:40.995;FSMI SI 20250620 CS;SIMPLE_INSTRUMENT;VOLA;CHF;603979783;12130.00000000;80;EXCHANGE_LAST;;1;1;XEUR;7904351;757;
07.05.2025;10:55:09.808;FSMX SI 20250620 CS;SIMPLE_INSTRUMENT;EFP_IDX;EUR;15;29406.00000000;85;EXCHANGE_LAST;;1;1;XEUR;11923155;396422;
07.05.2025;10:55:27.512;FSMX SI 20250620 CS;SIMPLE_INSTRUMENT;EFP_IDX;EUR;16;29407.00000000;64;EXCHANGE_LAST;;1;1;XEUR;11923155;396422;
07.05.2025;13:36:22.062;FSMX SI 20250620 CS;SIMPLE_INSTRUMENT;EFP_IDX;EUR;22;29406.00000000;163;EXCHANGE_LAST;;1;1;XEUR;11923155;396422;
07.05.2025;13:58:29.943;FSMX SI 20250620 CS;SIMPLE_INSTRUMENT;BLOCK;EUR;24;29237.00000000;300;EXCHANGE_LAST;;1;1;XEUR;11923155;396422;
07.05.2025;16:06:48.795;FSMX SI 20250620 CS;SIMPLE_INSTRUMENT;EFP_IDX;EUR;77;29317.00000000;64;EXCHANGE_LAST;;1;1;XEUR;11923155;396422;
07.05.2025;16:08:42.094;FSMX SI 20250620 CS;SIMPLE_INSTRUMENT;EFP_IDX;EUR;78;29316.00000000;48;EXCHANGE_LAST;;1;1;XEUR;11923155;396422;
07.05.2025;15:35:14.988;FSSX SI 20250620 CS;SIMPLE_INSTRUMENT;BLOCK;EUR;32;223.35000000;175;EXCHANGE_LAST;;1;1;XEUR;11919748;300496;
07.05.2025;15:39:37.617;FSTA SI 20250620 CS;SIMPLE_INSTRUMENT;EFP_IDX;EUR;1;517.70000000;600;EXCHANGE_LAST;;1;1;XEUR;11881326;715;
07.05.2025;15:39:45.098;FSTA SI 20250620 CS;SIMPLE_INSTRUMENT;EFP_IDX;EUR;2;517.80000000;1400;EXCHANGE_LAST;;1;1;XEUR;11881326;715;
07.05.2025;15:36:41.532;FSTB SI 20250620 CS;SIMPLE_INSTRUMENT;BLOCK;EUR;34;257.45000000;471;EXCHANGE_LAST;;1;1;XEUR;11881325;714;
07.05.2025;15:47:48.654;FSTB SI 20250620 CS;SIMPLE_INSTRUMENT;EFP_IDX;EUR;39;257.40000000;95;EXCHANGE_LAST;;1;1;XEUR;11881325;714;
07.05.2025;15:48:52.828;FSTB SI 20250620 CS;SIMPLE_INSTRUMENT;EFP_IDX;EUR;43;257.30000000;143;EXCHANGE_LAST;;1;1;XEUR;11881325;714;
07.05.2025;15:59:03.167;FSTB SI 20250620 CS;SIMPLE_INSTRUMENT;EFP_IDX;EUR;73;257.40000000;52;EXCHANGE_LAST;;1;1;XEUR;11881325;714;
07.05.2025;15:59:18.087;FSTB SI 20250620 CS;SIMPLE_INSTRUMENT;EFP_IDX;EUR;74;257.30000000;78;EXCHANGE_LAST;;1;1;XEUR;11881325;714;
07.05.2025;15:48:09.054;FSTE SI 20250620 CS;SIMPLE_INSTRUMENT;EFP_IDX;EUR;3;326.30000000;200;EXCHANGE_LAST;;1;1;XEUR;11881330;719;
07.05.2025;15:48:28.817;FSTE SI 20250620 CS;SIMPLE_INSTRUMENT;EFP_IDX;EUR;4;326.40000000;1800;EXCHANGE_LAST;;1;1;XEUR;11881330;719;
07.05.2025;15:46:03.893;FSTE SI 20250620 CS;SIMPLE_INSTRUMENT;EFP_IDX;EUR;5;326.30000000;85;EXCHANGE_LAST;;1;1;XEUR;11881330;719;
07.05.2025;15:46:07.963;FSTE SI 20250620 CS;SIMPLE_INSTRUMENT;EFP_IDX;EUR;6;326.40000000;765;EXCHANGE_LAST;;1;1;XEUR;11881330;719;
07.05.2025;15:57:54.167;FSTI SI 20250620 CS;SIMPLE_INSTRUMENT;BLOCK;EUR;44;484.70000000;450;EXCHANGE_LAST;;1;1;XEUR;11881319;707;
07.05.2025;15:58:08.027;FSTI SI 20250620 CS;SIMPLE_INSTRUMENT;BLOCK;EUR;47;484.80000000;300;EXCHANGE_LAST;;1;1;XEUR;11881319;707;
07.05.2025;15:50:09.763;FSTI SI 20250620 CS;SIMPLE_INSTRUMENT;EFP_IDX;EUR;54;484.70000000;720;EXCHANGE_LAST;;1;1;XEUR;11881319;707;
07.05.2025;15:50:18.115;FSTI SI 20250620 CS;SIMPLE_INSTRUMENT;EFP_IDX;EUR;56;484.80000000;480;EXCHANGE_LAST;;1;1;XEUR;11881319;707;
07.05.2025;15:53:10.098;FSTL SI 20250620 CS;SIMPLE_INSTRUMENT;BLOCK;EUR;63;131.30000000;476;EXCHANGE_LAST;;1;1;XEUR;11881317;706;
07.05.2025;15:53:06.370;FSTL SI 20250620 CS;SIMPLE_INSTRUMENT;BLOCK;EUR;64;131.20000000;317;EXCHANGE_LAST;;1;1;XEUR;11881317;706;
07.05.2025;16:00:52.575;FSTL SI 20250620 CS;SIMPLE_INSTRUMENT;EFP_IDX;EUR;75;131.50000000;73;EXCHANGE_LAST;;1;1;XEUR;11881317;706;
07.05.2025;16:01:11.829;FSTL SI 20250620 CS;SIMPLE_INSTRUMENT;EFP_IDX;EUR;76;131.70000000;76;EXCHANGE_LAST;;1;1;XEUR;11881317;706;
07.05.2025;15:56:40.855;FSTN SI 20250620 CS;SIMPLE_INSTRUMENT;EFP_IDX;EUR;68;776.60000000;286;EXCHANGE_LAST;;1;1;XEUR;11881318;704;
07.05.2025;15:56:28.254;FSTN SI 20250620 CS;SIMPLE_INSTRUMENT;EFP_IDX;EUR;70;776.80000000;234;EXCHANGE_LAST;;1;1;XEUR;11881318;704;
07.05.2025;15:48:18.186;FSTU SI 20250620 CS;SIMPLE_INSTRUMENT;BLOCK;EUR;41;435.90000000;1500;EXCHANGE_LAST;;1;1;XEUR;11881333;730;
07.05.2025;15:50:33.631;FSTU SI 20250620 CS;SIMPLE_INSTRUMENT;EFP_IDX;EUR;58;435.80000000;200;EXCHANGE_LAST;;1;1;XEUR;11881333;730;
07.05.2025;15:50:54.520;FSTU SI 20250620 CS;SIMPLE_INSTRUMENT;EFP_IDX;EUR;59;435.90000000;300;EXCHANGE_LAST;;1;1;XEUR;11881333;730;
07.05.2025;15:24:35.572;FTEE SI 20250620 PS EU C 13.20 0;SIMPLE_INSTRUMENT;BLOCK;EUR;31;0.05000000;1975;EXCHANGE_LAST;;1;1;XEUR;13005321;725;
07.05.2025;12:03:03.765;FTEG SI 20250620 CS;SIMPLE_INSTRUMENT;BLOCK;EUR;45;12.44500000;49000;EXCHANGE_LAST;;2;2;XEUR;11206176;390378;
07.05.2025;14:07:34.398;FUEM SI 20250620 CS;SIMPLE_INSTRUMENT;BLOCK;USD;25;117.35000000;290;EXCHANGE_LAST;;1;1;XEUR;11949864;772680;
07.05.2025;15:50:04.946;FXXP SI 20250620 CS;SIMPLE_INSTRUMENT;EFP_IDX;EUR;44;530.80000000;195;EXCHANGE_LAST;;1;1;XEUR;7904812;816;
07.05.2025;15:51:15.168;FXXP SI 20250620 CS;SIMPLE_INSTRUMENT;EFP_IDX;EUR;45;530.80000000;3000;EXCHANGE_LAST;;1;1;XEUR;7904812;816;
07.05.2025;15:50:43.933;FXXP SI 20250620 CS;SIMPLE_INSTRUMENT;EFP_IDX;EUR;46;530.80000000;777;EXCHANGE_LAST;;1;1;XEUR;7904812;816;
07.05.2025;16:06:17.498;FXXP SI 20250620 CS;SIMPLE_INSTRUMENT;EFP_IDX;EUR;47;530.80000000;1000;EXCHANGE_LAST;;1;1;XEUR;7904812;816;
07.05.2025;15:50:56.037;FXXP SI 20250620 CS;SIMPLE_INSTRUMENT;EFP_IDX;EUR;48;530.90000000;86;EXCHANGE_LAST;;1;1;XEUR;7904812;816;
07.05.2025;15:52:18.042;FXXP SI 20250620 CS;SIMPLE_INSTRUMENT;EFP_IDX;EUR;49;530.80000000;1000;EXCHANGE_LAST;;1;1;XEUR;7904812;816;
07.05.2025;15:53:28.197;FXXP SI 20250620 CS;SIMPLE_INSTRUMENT;EFP_IDX;EUR;50;530.80000000;2000;EXCHANGE_LAST;;1;1;XEUR;7904812;816;
07.05.2025;15:55:30.963;FXXP SI 20250620 CS;SIMPLE_INSTRUMENT;EFP_IDX;EUR;51;530.70000000;6;EXCHANGE_LAST;;1;1;XEUR;7904812;816;
07.05.2025;15:56:04.758;FXXP SI 20250620 CS;SIMPLE_INSTRUMENT;EFP_IDX;EUR;52;530.80000000;116;EXCHANGE_LAST;;1;1;XEUR;7904812;816;
07.05.2025;16:03:48.640;FXXP SI 20250620 CS;SIMPLE_INSTRUMENT;EFP_IDX;EUR;53;530.80000000;105;EXCHANGE_LAST;;1;1;XEUR;7904812;816;
07.05.2025;16:04:18.686;FXXP SI 20250620 CS;SIMPLE_INSTRUMENT;EFP_IDX;EUR;54;530.90000000;45;EXCHANGE_LAST;;1;1;XEUR;7904812;816;
07.05.2025;10:14:20.257;G3ZF SI 20250620 CS;SIMPLE_INSTRUMENT;BLOCK;EUR;24;1.48000000;709;EXCHANGE_LAST;;1;1;XEUR;10872526;144760;
07.05.2025;08:11:36.181;GEBN SI 20250620 PS AM C 620.00 0;SIMPLE_INSTRUMENT;BLOCK;CHF;6;5.25000000;1618;EXCHANGE_LAST;;1;1;XEUR;12934740;882;
07.05.2025;12:46:31.852;GEBN SI 20250620 PS AM P 500.00 0;SIMPLE_INSTRUMENT;BLOCK;CHF;33;1.95000000;1000;EXCHANGE_LAST;;1;1;XEUR;10967426;882;
07.05.2025;14:26:34.586;GXI SI 20260619 PS AM P 54.00 0;SIMPLE_INSTRUMENT;BLOCK;EUR;8;7.50000000;100;EXCHANGE_LAST;;1;1;XEUR;13089349;852;
07.05.2025;12:26:21.468;GZF.O.250507.STD.000003;STANDARD_OPTION_STRATEGY;BLOCK;EUR;17;5.37000000;1250;EXCHANGE_LAST;;1;1;XEUR;72061266234982155;855;
07.05.2025;12:26:21.468;GZF SI 20281215 PS AM C 18.00 0;SIMPLE_INSTRUMENT;BLOCK;EUR;17;2.18000000;1250;PRC_DECOMP_EXCHANGE;;;;XEUR;10407753;855;EXCHANGE
07.05.2025;12:26:21.468;GZF SI 20281215 PS AM P 18.00 0;SIMPLE_INSTRUMENT;BLOCK;EUR;17;3.19000000;1250;PRC_DECOMP_EXCHANGE;;;;XEUR;10407750;855;EXCHANGE
07.05.2025;12:25:04.740;GZF.O.250507.RBER.000002;STANDARD_OPTION_STRATEGY;BLOCK;EUR;18;-1.34000000;2000;EXCHANGE_LAST;;1;1;XEUR;72061266234982154;855;
07.05.2025;12:25:04.740;GZF SI 20261218 PS AM P 19.00 0;SIMPLE_INSTRUMENT;BLOCK;EUR;18;2.40000000;2000;PRC_DECOMP_EXCHANGE;;;;XEUR;11817179;855;EXCHANGE
07.05.2025;12:25:04.740;GZF SI 20261218 PS AM P 14.00 0;SIMPLE_INSTRUMENT;BLOCK;EUR;18;0.53000000;4000;PRC_DECOMP_EXCHANGE;;;;XEUR;7159824;855;EXCHANGE
07.05.2025;10:14:03.731;GZFH SI 20250620 CS;SIMPLE_INSTRUMENT;BLOCK;EUR;23;18.45200000;8310;EXCHANGE_LAST;;1;1;XEUR;11199260;144768;
07.05.2025;15:53:33.071;GZFH SI 20250620 CS;SIMPLE_INSTRUMENT;BLOCK;EUR;97;18.45100000;35000;EXCHANGE_LAST;;2;2;XEUR;11199260;144768;
07.05.2025;12:52:10.973;HEI SI 20251219 PS AM C 160.00 0;SIMPLE_INSTRUMENT;BLOCK;EUR;6;28.60000000;1100;EXCHANGE_LAST;;1;1;XEUR;10406860;839;
07.05.2025;15:50:13.330;HEI SI 20260320 PS AM C 180.00 0;SIMPLE_INSTRUMENT;BLOCK;EUR;10;20.50000000;600;EXCHANGE_LAST;;2;2;XEUR;13006613;839;
07.05.2025;11:31:40.769;HELN SI 20260320 PS AM P 170.00 0;SIMPLE_INSTRUMENT;BLOCK;CHF;25;6.65000000;4000;EXCHANGE_LAST;;3;3;XEUR;13006684;838;
07.05.2025;10:53:14.306;HOLN SI 20251219 PS AM C 110.00 0;SIMPLE_INSTRUMENT;BLOCK;CHF;20;1.33000000;1000;EXCHANGE_LAST;;1;2;XEUR;12445401;943;
07.05.2025;13:11:32.167;HOLN SI 20250620 PS AM C 95.00 0;SIMPLE_INSTRUMENT;BLOCK;CHF;37;1.40000000;500;EXCHANGE_LAST;;1;1;XEUR;13008532;943;
07.05.2025;14:06:24.321;HOLP SI 20250516 PS;SIMPLE_INSTRUMENT;BLOCK;CHF;70;92.90700000;4150;EXCHANGE_LAST;;1;1;XEUR;11070907;567586;
07.05.2025;09:12:32.138;I3ES SI 20281215 CS;SIMPLE_INSTRUMENT;BLOCK;EUR;8;0.29700000;1900;EXCHANGE_LAST;;1;1;XEUR;9925053;913;
07.05.2025;09:12:44.968;I3ES SI 20281215 CS;SIMPLE_INSTRUMENT;BLOCK;EUR;9;0.29800000;1900;EXCHANGE_LAST;;1;1;XEUR;9925053;913;
07.05.2025;09:51:17.275;I7XD SI 20250620 CS;SIMPLE_INSTRUMENT;BLOCK;EUR;15;0.84000000;1328;EXCHANGE_LAST;;1;1;XEUR;12545002;996456;
07.05.2025;14:04:53.131;I7XD SI 20250620 CS;SIMPLE_INSTRUMENT;BLOCK;EUR;68;0.84000000;4412;EXCHANGE_LAST;;1;1;XEUR;12545002;996456;
07.05.2025;11:58:22.883;IFX.O.250507.BU23.000005;STANDARD_OPTION_STRATEGY;BLOCK;EUR;5;0.22000000;1500;EXCHANGE_LAST;;1;1;XEUR;72061468098470455;902;
07.05.2025;11:58:22.883;IFX SI 20250919 PS AM C 36.00 0;SIMPLE_INSTRUMENT;BLOCK;EUR;5;1.24000000;4500;PRC_DECOMP_EXCHANGE;;;;XEUR;11884144;902;EXCHANGE
07.05.2025;11:58:22.883;IFX SI 20250919 PS AM C 34.00 0;SIMPLE_INSTRUMENT;BLOCK;EUR;5;1.75000000;3000;PRC_DECOMP_EXCHANGE;;;;XEUR;11884133;902;EXCHANGE
07.05.2025;12:35:00.138;IFX.O.250507.BUL.000006;STANDARD_OPTION_STRATEGY;BLOCK;EUR;6;0.49000000;1000;EXCHANGE_LAST;;1;1;XEUR;72061468098470456;902;
07.05.2025;12:35:00.138;IFX SI 20250620 PS AM C 32.00 0;SIMPLE_INSTRUMENT;BLOCK;EUR;6;1.10000000;1000;PRC_DECOMP_EXCHANGE;;;;XEUR;7905931;902;EXCHANGE
07.05.2025;12:35:00.138;IFX SI 20250620 PS AM C 34.00 0;SIMPLE_INSTRUMENT;BLOCK;EUR;6;0.61000000;1000;PRC_DECOMP_EXCHANGE;;;;XEUR;11362379;902;EXCHANGE
07.05.2025;12:35:07.384;IFX.O.250507.BUL.000006;STANDARD_OPTION_STRATEGY;BLOCK;EUR;7;0.50000000;1000;EXCHANGE_LAST;;1;1;XEUR;72061468098470456;902;
07.05.2025;12:35:07.384;IFX SI 20250620 PS AM C 32.00 0;SIMPLE_INSTRUMENT;BLOCK;EUR;7;1.10000000;1000;PRC_DECOMP_EXCHANGE;;;;XEUR;7905931;902;EXCHANGE
