#Date;TrdTime;Contract;ContractType;TrdTyp;Currency;TesId;Prc;Qty;TrdInd;Aggressor;Buy;Sell;Exch;InstrumentId;RelatedProdId;PrcDecomp
05.11.2024;13:33:03.131;1COV SI 20241220 PS AM C 59.00 0;SIMPLE_INSTRUMENT;BLOCK;EUR;6;0.22000000;19000;EXCHANGE_LAST;;1;1;XEUR;10495172;48055;
05.11.2024;13:33:32.750;1COV SI 20241220 PS AM P 40.00 0;SIMPLE_INSTRUMENT;BLOCK;EUR;7;0.01000000;9650;EXCHANGE_LAST;;1;1;XEUR;4636770;48055;
05.11.2024;13:33:46.916;1COV SI 20241220 PS AM P 48.00 0;SIMPLE_INSTRUMENT;BLOCK;EUR;8;0.03000000;9650;EXCHANGE_LAST;;1;1;XEUR;4636774;48055;
05.11.2024;11:44:16.977;A2CR SI 20261218 CS;SIMPLE_INSTRUMENT;BLOCK;EUR;36;1.05000000;200;EXCHANGE_LAST;;1;1;XEUR;6820082;45714;
05.11.2024;10:13:00.342;A2SG SI 20261218 CS;SIMPLE_INSTRUMENT;BLOCK;EUR;14;1.36000000;125;EXCHANGE_LAST;;1;1;XEUR;6796964;14;
05.11.2024;10:15:29.359;A2SG SI 20271217 CS;SIMPLE_INSTRUMENT;BLOCK;EUR;16;1.34000000;125;EXCHANGE_LAST;;1;1;XEUR;8369813;14;
05.11.2024;12:14:25.445;A2SG SI 20261218 CS;SIMPLE_INSTRUMENT;BLOCK;EUR;45;1.37000000;250;EXCHANGE_LAST;;1;1;XEUR;6796964;14;
05.11.2024;09:11:43.622;A2XA SI 20251219 CS;SIMPLE_INSTRUMENT;BLOCK;EUR;1;2.08000000;950;EXCHANGE_LAST;;1;1;XEUR;3681055;17;
05.11.2024;10:42:28.250;A2XA SI 20251219 CS;SIMPLE_INSTRUMENT;BLOCK;EUR;27;2.08000000;250;EXCHANGE_LAST;;1;1;XEUR;3681055;17;
05.11.2024;10:49:07.083;A2XA SI 20251219 CS;SIMPLE_INSTRUMENT;BLOCK;EUR;29;2.08000000;125;EXCHANGE_LAST;;1;1;XEUR;3681055;17;
05.11.2024;11:40:43.718;A2XA SI 20261218 CS;SIMPLE_INSTRUMENT;BLOCK;EUR;35;2.07500000;125;EXCHANGE_LAST;;1;1;XEUR;4632093;17;
05.11.2024;10:09:05.985;ABBN SI 20250620 PS AM P 44.00 0;SIMPLE_INSTRUMENT;BLOCK;CHF;8;1.82000000;1250;EXCHANGE_LAST;;1;1;XEUR;8536819;574517;
05.11.2024;16:27:51.169;ABBN SI 20241220 PS AM P 48.00 0;SIMPLE_INSTRUMENT;BLOCK;CHF;52;1.07000000;1250;EXCHANGE_LAST;;1;1;XEUR;8836250;574517;
05.11.2024;10:31:27.169;ADEN SI 20241115 PS AM P 26.50 0;SIMPLE_INSTRUMENT;BLOCK;CHF;10;1.70000000;1000;EXCHANGE_LAST;;1;1;XEUR;11697847;44;
05.11.2024;12:18:53.220;ADEN.O.241105.PDIA.000006;STANDARD_OPTION_STRATEGY;BLOCK;CHF;19;-1.49000000;4400;EXCHANGE_LAST;;1;1;XEUR;72057783016513497;44;
05.11.2024;12:18:53.220;ADEN SI 20241115 PS AM P 26.50 0;SIMPLE_INSTRUMENT;BLOCK;CHF;19;2.07000000;4400;PRC_DECOMP_EXCHANGE;;;;XEUR;11697847;44;EXCHANGE
05.11.2024;12:18:53.220;ADEN SI 20241220 PS AM P 23.50 0;SIMPLE_INSTRUMENT;BLOCK;CHF;19;0.58000000;4400;PRC_DECOMP_EXCHANGE;;;;XEUR;11870043;44;EXCHANGE
05.11.2024;13:51:42.307;ADEN.O.241105.BER.000008;STANDARD_OPTION_STRATEGY;BLOCK;CHF;37;2.75000000;2500;EXCHANGE_LAST;;1;1;XEUR;72057783016513499;44;
05.11.2024;13:51:42.307;ADEN SI 20251219 PS AM P 12.00 0;SIMPLE_INSTRUMENT;BLOCK;CHF;37;0.17000000;2500;PRC_DECOMP_EXCHANGE;;;;XEUR;8107729;44;EXCHANGE
05.11.2024;13:51:42.307;ADEN SI 20251219 PS AM P 24.00 0;SIMPLE_INSTRUMENT;BLOCK;CHF;37;2.92000000;2500;PRC_DECOMP_EXCHANGE;;;;XEUR;7509272;44;EXCHANGE
05.11.2024;10:17:05.362;ADS SI 20251219 PS AM P 240.00 0;SIMPLE_INSTRUMENT;BLOCK;EUR;5;35.35000000;250;EXCHANGE_LAST;;1;1;XEUR;5919900;50;
05.11.2024;16:16:45.035;ADS.O.241105.BRT.000005;STANDARD_OPTION_STRATEGY;BLOCK;EUR;25;2.70000000;250;EXCHANGE_LAST;;1;1;XEUR;72057808786329996;50;
05.11.2024;16:16:45.035;ADS SI 20251219 PS AM P 200.00 0;SIMPLE_INSTRUMENT;BLOCK;EUR;25;15.65000000;250;PRC_DECOMP_EXCHANGE;;;;XEUR;5919898;50;EXCHANGE
05.11.2024;16:16:45.035;ADS SI 20250919 PS AM P 200.00 0;SIMPLE_INSTRUMENT;BLOCK;EUR;25;12.95000000;250;PRC_DECOMP_EXCHANGE;;;;XEUR;11870853;50;EXCHANGE
05.11.2024;12:23:50.957;AIR SI 20241220 PS AM P 127.27 1;SIMPLE_INSTRUMENT;BLOCK;EUR;27;0.20000000;750;EXCHANGE_LAST;;1;1;XEUR;7852258;64;
05.11.2024;12:19:03.952;ANN SI 20251219 PS AM P 24.00 0;SIMPLE_INSTRUMENT;BLOCK;EUR;4;1.40000000;5000;EXCHANGE_LAST;;1;1;XEUR;7733120;45202;
05.11.2024;12:28:50.638;ANN SI 20251219 PS AM P 24.00 0;SIMPLE_INSTRUMENT;BLOCK;EUR;5;1.40000000;2000;EXCHANGE_LAST;;1;1;XEUR;7733120;45202;
05.11.2024;10:25:23.073;AXA SI 20260619 PS AM P 32.00 0;SIMPLE_INSTRUMENT;BLOCK;EUR;9;3.30000000;2500;EXCHANGE_LAST;;1;1;XEUR;9538765;127;
05.11.2024;11:07:30.254;AXA SI 20241115 PS AM P 33.50 0;SIMPLE_INSTRUMENT;BLOCK;EUR;14;0.35000000;3000;EXCHANGE_LAST;;1;1;XEUR;11699524;127;
05.11.2024;11:54:13.285;AXA SI 20251219 PS AM C 36.00 0;SIMPLE_INSTRUMENT;BLOCK;EUR;18;1.79000000;2500;EXCHANGE_LAST;;1;1;XEUR;6271799;127;
05.11.2024;12:24:34.382;B2AT SI 20261218 CS;SIMPLE_INSTRUMENT;BLOCK;GBX;47;200.00000000;100;EXCHANGE_LAST;;1;1;XEUR;7176202;45837;
05.11.2024;16:47:16.602;B2MW SI 20251219 CS;SIMPLE_INSTRUMENT;BLOCK;EUR;92;4.09000000;100;EXCHANGE_LAST;;2;1;XEUR;3681121;128;
05.11.2024;10:14:34.304;B2NP SI 20251219 CS;SIMPLE_INSTRUMENT;BLOCK;EUR;13;4.80000000;500;EXCHANGE_LAST;;1;1;XEUR;5914355;131;
05.11.2024;15:43:30.534;B2NP SI 20271217 CS;SIMPLE_INSTRUMENT;BLOCK;EUR;86;4.03000000;100;EXCHANGE_LAST;;1;1;XEUR;7086925;131;
05.11.2024;09:01:13.011;BAS SI 20241220 PS AM P 43.00 0;SIMPLE_INSTRUMENT;BLOCK;EUR;1;0.88000000;3000;EXCHANGE_LAST;;1;2;XEUR;7509966;150;
05.11.2024;11:36:52.387;BAS SI 20250117 PS AM C 50.00 0;SIMPLE_INSTRUMENT;BLOCK;EUR;4;0.36000000;5000;EXCHANGE_LAST;;1;2;XEUR;12068958;150;
05.11.2024;14:01:14.443;BAS SI 20251219 PS AM P 40.00 0;SIMPLE_INSTRUMENT;BLOCK;EUR;10;2.76000000;1500;EXCHANGE_LAST;;1;1;XEUR;7115425;150;
05.11.2024;15:06:40.158;BAS SI 20250321 PS AM P 46.00 0;SIMPLE_INSTRUMENT;BLOCK;EUR;11;3.46000000;2000;EXCHANGE_LAST;;1;1;XEUR;10831044;150;
05.11.2024;16:28:15.326;BAS SI 20250321 PS AM P 44.00 0;SIMPLE_INSTRUMENT;BLOCK;EUR;15;2.45000000;1000;EXCHANGE_LAST;;1;1;XEUR;10830944;150;
05.11.2024;11:04:35.107;BAY SI 20250620 PS AM C 38.00 0;SIMPLE_INSTRUMENT;BLOCK;EUR;2;0.35000000;1000;EXCHANGE_LAST;;1;1;XEUR;11351489;168;
05.11.2024;10:57:15.447;BBVD SI 20241220 PS AM P 9.50 0;SIMPLE_INSTRUMENT;BLOCK;EUR;10;0.38000000;2250;EXCHANGE_LAST;;1;1;XEUR;9539837;172;
05.11.2024;13:34:08.933;BEI SI 20241220 PS AM C 132.00 0;SIMPLE_INSTRUMENT;BLOCK;EUR;15;1.80000000;750;EXCHANGE_LAST;;2;2;XEUR;11873402;176;
05.11.2024;09:01:17.247;BMW SI 20241220 PS AM P 67.00 0;SIMPLE_INSTRUMENT;BLOCK;EUR;1;1.12000000;2000;EXCHANGE_LAST;;1;1;XEUR;11874564;210;
05.11.2024;09:11:27.481;BMW SI 20250117 PS AM P 70.00 0;SIMPLE_INSTRUMENT;BLOCK;EUR;2;2.19000000;400;EXCHANGE_LAST;;1;1;XEUR;12070067;210;
05.11.2024;10:05:47.730;BMW.O.241105.BUL.000007;STANDARD_OPTION_STRATEGY;BLOCK;EUR;5;0.47000000;750;EXCHANGE_LAST;;1;1;XEUR;72058495981106289;210;
05.11.2024;10:05:47.730;BMW SI 20241220 PS AM C 84.00 0;SIMPLE_INSTRUMENT;BLOCK;EUR;5;0.40000000;750;PRC_DECOMP_EXCHANGE;;;;XEUR;4640269;210;EXCHANGE
05.11.2024;10:05:47.730;BMW SI 20241220 PS AM C 80.00 0;SIMPLE_INSTRUMENT;BLOCK;EUR;5;0.87000000;750;PRC_DECOMP_EXCHANGE;;;;XEUR;9106634;210;EXCHANGE
05.11.2024;10:52:01.183;BMW.O.241105.COMBO.000009;STANDARD_OPTION_STRATEGY;BLOCK;EUR;12;-1.25000000;750;EXCHANGE_LAST;;1;1;XEUR;72058495981106291;210;
05.11.2024;10:52:01.183;BMW SI 20250321 PS AM C 76.00 0;SIMPLE_INSTRUMENT;BLOCK;EUR;12;3.75000000;750;PRC_DECOMP_EXCHANGE;;;;XEUR;10832590;210;EXCHANGE
05.11.2024;10:52:01.183;BMW SI 20250321 PS AM P 68.00 0;SIMPLE_INSTRUMENT;BLOCK;EUR;12;2.50000000;750;PRC_DECOMP_EXCHANGE;;;;XEUR;10832601;210;EXCHANGE
05.11.2024;10:59:57.398;BMW SI 20250321 PS AM P 68.00 0;SIMPLE_INSTRUMENT;BLOCK;EUR;16;2.57000000;1500;EXCHANGE_LAST;;1;1;XEUR;10832601;210;
05.11.2024;11:00:07.966;BMW SI 20250321 PS AM P 68.00 0;SIMPLE_INSTRUMENT;BLOCK;EUR;17;2.56000000;1000;EXCHANGE_LAST;;1;1;XEUR;10832601;210;
05.11.2024;11:12:32.477;BMW SI 20241220 PS AM P 88.00 0;SIMPLE_INSTRUMENT;BLOCK;EUR;19;15.15000000;400;EXCHANGE_LAST;;1;1;XEUR;10398317;210;
05.11.2024;11:44:09.088;BMW.O.241105.IRTRY.000012;STANDARD_OPTION_STRATEGY;BLOCK;EUR;24;0.00000000;500;EXCHANGE_LAST;;1;1;XEUR;72058495981106294;210;
05.11.2024;11:44:09.088;BMW SI 20241220 PS AM P 66.00 0;SIMPLE_INSTRUMENT;BLOCK;EUR;24;0.90000000;1000;PRC_DECOMP_EXCHANGE;;;;XEUR;11838720;210;EXCHANGE
05.11.2024;11:44:09.088;BMW SI 20241220 PS AM C 76.00 0;SIMPLE_INSTRUMENT;BLOCK;EUR;24;1.80000000;500;PRC_DECOMP_EXCHANGE;;;;XEUR;4640267;210;EXCHANGE
05.11.2024;16:05:34.602;BMW.O.241105.RTRIS.000015;STANDARD_OPTION_STRATEGY;BLOCK;EUR;38;2.59000000;500;EXCHANGE_LAST;;1;1;XEUR;72058495981106297;210;
05.11.2024;16:05:34.602;BMW SI 20241220 PS AM P 68.00 0;SIMPLE_INSTRUMENT;BLOCK;EUR;38;1.19000000;500;PRC_DECOMP_EXCHANGE;;;;XEUR;4640266;210;EXCHANGE
05.11.2024;16:05:34.602;BMW SI 20241220 PS AM C 76.00 0;SIMPLE_INSTRUMENT;BLOCK;EUR;38;1.89000000;1000;PRC_DECOMP_EXCHANGE;;;;XEUR;4640267;210;EXCHANGE
05.11.2024;10:52:07.341;BNP SI 20250321 PS AM P 52.00 0;SIMPLE_INSTRUMENT;BLOCK;EUR;11;0.69000000;560;EXCHANGE_LAST;;1;1;XEUR;10833042;237;
05.11.2024;10:52:20.813;BNP SI 20250321 PS AM P 52.00 0;SIMPLE_INSTRUMENT;BLOCK;EUR;12;0.70000000;3440;EXCHANGE_LAST;;1;1;XEUR;10833042;237;
05.11.2024;12:17:51.130;BNP SI 20251219 PS AM P 60.00 0;SIMPLE_INSTRUMENT;BLOCK;EUR;26;6.08000000;500;EXCHANGE_LAST;;1;1;XEUR;5995681;237;
05.11.2024;13:36:20.832;BNP SI 20241220 PS AM P 44.00 0;SIMPLE_INSTRUMENT;BLOCK;EUR;32;0.06000000;2041;EXCHANGE_LAST;;1;1;XEUR;4640388;237;
05.11.2024;15:52:46.023;BNP SI 20241220 PS AM P 62.00 0;SIMPLE_INSTRUMENT;BLOCK;EUR;39;1.80000000;1200;EXCHANGE_LAST;;2;1;XEUR;11874817;237;
05.11.2024;08:41:05.206;BNPE SI 20251219 PS EU C 60.00 0;SIMPLE_INSTRUMENT;BLOCK;EUR;1;5.76000000;2000;EXCHANGE_LAST;;1;1;XEUR;5995748;298527;
05.11.2024;08:41:35.559;BNPE SI 20251219 PS EU P 60.00 0;SIMPLE_INSTRUMENT;BLOCK;EUR;2;6.04000000;2000;EXCHANGE_LAST;;1;1;XEUR;5995749;298527;
05.11.2024;12:12:23.470;BYG SI 20251219 PS AM P 28.00 0;SIMPLE_INSTRUMENT;BLOCK;EUR;23;1.87000000;1500;EXCHANGE_LAST;;1;1;XEUR;5924170;280;
05.11.2024;12:28:41.942;BYG SI 20250919 PS AM P 28.00 0;SIMPLE_INSTRUMENT;BLOCK;EUR;28;1.71000000;1000;EXCHANGE_LAST;;1;1;XEUR;11875957;280;
05.11.2024;12:24:56.018;C4RI SI 20251219 CS;SIMPLE_INSTRUMENT;BLOCK;EUR;48;2.78000000;500;EXCHANGE_LAST;;1;1;XEUR;5914459;50862;
05.11.2024;11:36:46.784;CBK.O.241105.STG.000002;STANDARD_OPTION_STRATEGY;BLOCK;EUR;12;1.80000000;1400;EXCHANGE_LAST;;1;1;XEUR;72058745089200569;268;
05.11.2024;11:36:46.784;CBK SI 20250321 PS AM C 17.00 0;SIMPLE_INSTRUMENT;BLOCK;EUR;12;1.14000000;1400;PRC_DECOMP_EXCHANGE;;;;XEUR;10833947;268;EXCHANGE
05.11.2024;11:36:46.784;CBK SI 20250321 PS AM P 15.00 0;SIMPLE_INSTRUMENT;BLOCK;EUR;12;0.66000000;1400;PRC_DECOMP_EXCHANGE;;;;XEUR;10833881;268;EXCHANGE
05.11.2024;15:22:45.083;CBK SI 20241220 PS AM C 17.00 0;SIMPLE_INSTRUMENT;BLOCK;EUR;22;0.56000000;2000;EXCHANGE_LAST;;1;1;XEUR;10399778;268;
05.11.2024;15:38:50.970;CBK SI 20261218 PS AM C 28.00 0;SIMPLE_INSTRUMENT;BLOCK;EUR;24;0.48000000;2500;EXCHANGE_LAST;;1;1;XEUR;11088001;268;
05.11.2024;12:47:12.786;CFR SI 20250117 PS AM P 120.00 0;SIMPLE_INSTRUMENT;BLOCK;CHF;24;5.41000000;600;EXCHANGE_LAST;;1;1;XEUR;12071397;313;
05.11.2024;12:58:22.340;CFR SI 20250919 PS AM P 100.00 0;SIMPLE_INSTRUMENT;BLOCK;CHF;27;4.51000000;600;EXCHANGE_LAST;;1;1;XEUR;11876376;313;
05.11.2024;13:03:45.719;CFR SI 20241220 PS AM C 132.48 2;SIMPLE_INSTRUMENT;BLOCK;CHF;28;2.75000000;1500;EXCHANGE_LAST;;2;2;XEUR;7289190;313;
05.11.2024;13:48:18.082;CFR SI 20250321 PS AM P 110.00 0;SIMPLE_INSTRUMENT;BLOCK;CHF;36;3.52000000;600;EXCHANGE_LAST;;1;1;XEUR;10834880;313;
05.11.2024;14:38:17.233;CFR SI 20241220 PS AM P 120.00 0;SIMPLE_INSTRUMENT;BLOCK;CHF;40;4.25000000;300;EXCHANGE_LAST;;1;1;XEUR;9996582;313;
05.11.2024;15:11:23.770;CGM SI 20251219 PS AM P 160.00 0;SIMPLE_INSTRUMENT;BLOCK;EUR;36;17.50000000;800;EXCHANGE_LAST;;2;2;XEUR;5924804;317;
05.11.2024;10:02:55.797;CRI5 SI 20250320 PS AM P 32.00 0;SIMPLE_INSTRUMENT;BLOCK;EUR;7;0.47000000;2500;EXCHANGE_LAST;;2;1;XEUR;10822507;320;
05.11.2024;10:14:59.994;CRI5.O.241105.STG.000005;STANDARD_OPTION_STRATEGY;BLOCK;EUR;8;5.15000000;1000;EXCHANGE_LAST;;1;1;XEUR;72058968427473571;320;
05.11.2024;10:14:59.994;CRI5 SI 20250320 PS AM P 42.00 0;SIMPLE_INSTRUMENT;BLOCK;EUR;8;2.88300000;1000;PRC_DECOMP_EXCHANGE;;;;XEUR;10822514;320;EXCHANGE
05.11.2024;10:14:59.994;CRI5 SI 20250320 PS AM C 44.00 0;SIMPLE_INSTRUMENT;BLOCK;EUR;8;2.26700000;1000;PRC_DECOMP_EXCHANGE;;;;XEUR;10822483;320;EXCHANGE
05.11.2024;09:36:51.874;D2PW SI 20251219 CS;SIMPLE_INSTRUMENT;BLOCK;EUR;3;1.80000000;750;EXCHANGE_LAST;;1;1;XEUR;3681256;9702;
05.11.2024;09:57:31.901;D2PW SI 20251219 CS;SIMPLE_INSTRUMENT;BLOCK;EUR;7;1.80000000;500;EXCHANGE_LAST;;1;1;XEUR;3681256;9702;
05.11.2024;09:59:42.156;D2PW SI 20261218 CS;SIMPLE_INSTRUMENT;BLOCK;EUR;8;1.65000000;200;EXCHANGE_LAST;;1;1;XEUR;4632317;9702;
05.11.2024;10:30:26.391;D2PW SI 20251219 CS;SIMPLE_INSTRUMENT;BLOCK;EUR;20;1.80000000;100;EXCHANGE_LAST;;1;1;XEUR;3681256;9702;
05.11.2024;10:36:02.963;D2PW SI 20251219 CS;SIMPLE_INSTRUMENT;BLOCK;EUR;22;1.80000000;50;EXCHANGE_LAST;;1;1;XEUR;3681256;9702;
05.11.2024;10:41:09.559;D2PW SI 20251219 CS;SIMPLE_INSTRUMENT;BLOCK;EUR;25;1.80000000;100;EXCHANGE_LAST;;1;1;XEUR;3681256;9702;
05.11.2024;12:59:49.593;D2PW SI 20251219 CS;SIMPLE_INSTRUMENT;BLOCK;EUR;55;1.81500000;550;EXCHANGE_LAST;;1;1;XEUR;3681256;9702;
05.11.2024;13:29:29.890;D2PW SI 20261218 CS;SIMPLE_INSTRUMENT;BLOCK;EUR;59;1.66000000;100;EXCHANGE_LAST;;1;1;XEUR;4632317;9702;
05.11.2024;13:34:51.667;D2PW SI 20251219 CS;SIMPLE_INSTRUMENT;BLOCK;EUR;60;1.81500000;250;EXCHANGE_LAST;;1;2;XEUR;3681256;9702;
05.11.2024;13:35:13.642;D2PW SI 20271217 CS;SIMPLE_INSTRUMENT;BLOCK;EUR;61;1.55000000;100;EXCHANGE_LAST;;1;1;XEUR;5914516;9702;
05.11.2024;13:40:29.571;D2PW SI 20281215 CS;SIMPLE_INSTRUMENT;BLOCK;EUR;63;1.48000000;100;EXCHANGE_LAST;;1;1;XEUR;6818646;9702;
05.11.2024;13:41:27.899;D3AI SI 20251219 CS;SIMPLE_INSTRUMENT;BLOCK;EUR;67;3.91500000;150;EXCHANGE_LAST;;1;1;XEUR;7144062;443197;
05.11.2024;15:37:48.546;D3AI SI 20251219 CS;SIMPLE_INSTRUMENT;BLOCK;EUR;83;3.91000000;100;EXCHANGE_LAST;;1;1;XEUR;7144062;443197;
05.11.2024;10:36:16.289;DAI.O.241105.BUL.000007;STANDARD_OPTION_STRATEGY;BLOCK;EUR;10;0.12000000;4967;EXCHANGE_LAST;;1;1;XEUR;73961106363660567;443196;
05.11.2024;10:36:16.289;DAI SI 20241108 PS AM C 58.00 0;SIMPLE_INSTRUMENT;BLOCK;EUR;10;0.25000000;4967;PRC_DECOMP_EXCHANGE;;;;XEUR;11999955;443196;EXCHANGE
05.11.2024;10:36:16.289;DAI SI 20241108 PS AM C 59.00 0;SIMPLE_INSTRUMENT;BLOCK;EUR;10;0.13000000;4967;PRC_DECOMP_EXCHANGE;;;;XEUR;11999941;443196;EXCHANGE
05.11.2024;10:36:17.005;DAI.O.241105.BUL.000007;STANDARD_OPTION_STRATEGY;BLOCK;EUR;11;0.13000000;1483;EXCHANGE_LAST;;1;1;XEUR;73961106363660567;443196;
05.11.2024;10:36:17.005;DAI SI 20241108 PS AM C 59.00 0;SIMPLE_INSTRUMENT;BLOCK;EUR;11;0.12000000;1483;PRC_DECOMP_EXCHANGE;;;;XEUR;11999941;443196;EXCHANGE
05.11.2024;10:36:17.005;DAI SI 20241108 PS AM C 58.00 0;SIMPLE_INSTRUMENT;BLOCK;EUR;11;0.25000000;1483;PRC_DECOMP_EXCHANGE;;;;XEUR;11999955;443196;EXCHANGE
05.11.2024;10:55:27.172;DAI SI 20241220 PS AM P 54.00 0;SIMPLE_INSTRUMENT;BLOCK;EUR;14;1.04000000;1500;EXCHANGE_LAST;;1;1;XEUR;7349878;443196;
05.11.2024;11:22:44.627;DAI SI 20241115 PS AM C 58.00 0;SIMPLE_INSTRUMENT;BLOCK;EUR;21;0.44000000;750;EXCHANGE_LAST;;1;1;XEUR;11738648;443196;
05.11.2024;12:00:06.192;DAI.O.241105.STD.000009;STANDARD_OPTION_STRATEGY;BLOCK;EUR;26;11.35000000;1750;EXCHANGE_LAST;;2;1;XEUR;73961106363660569;443196;
05.11.2024;12:00:06.192;DAI SI 20251219 PS AM C 56.00 0;SIMPLE_INSTRUMENT;BLOCK;EUR;26;5.04000000;1750;PRC_DECOMP_EXCHANGE;;;;XEUR;7349883;443196;EXCHANGE
05.11.2024;12:00:06.192;DAI SI 20251219 PS AM P 56.00 0;SIMPLE_INSTRUMENT;BLOCK;EUR;26;6.31000000;1750;PRC_DECOMP_EXCHANGE;;;;XEUR;7349881;443196;EXCHANGE
05.11.2024;14:33:34.628;DAI.O.241105.BUL.000013;STANDARD_OPTION_STRATEGY;BLOCK;EUR;34;0.78000000;1350;EXCHANGE_LAST;;1;1;XEUR;73961106363660573;443196;
05.11.2024;14:33:34.628;DAI SI 20251219 PS AM C 68.00 0;SIMPLE_INSTRUMENT;BLOCK;EUR;34;1.23000000;1350;PRC_DECOMP_EXCHANGE;;;;XEUR;7144534;443196;EXCHANGE
05.11.2024;14:33:34.628;DAI SI 20251219 PS AM C 64.00 0;SIMPLE_INSTRUMENT;BLOCK;EUR;34;2.01000000;1350;PRC_DECOMP_EXCHANGE;;;;XEUR;7423844;443196;EXCHANGE
05.11.2024;16:18:22.877;DAI.O.241105.COMBO.000019;STANDARD_OPTION_STRATEGY;BLOCK;EUR;40;0.41000000;2000;EXCHANGE_LAST;;1;2;XEUR;73961106363660579;443196;
05.11.2024;16:18:22.877;DAI SI 20250321 PS AM C 64.00 0;SIMPLE_INSTRUMENT;BLOCK;EUR;40;0.80000000;2000;PRC_DECOMP_EXCHANGE;;;;XEUR;10884524;443196;EXCHANGE
05.11.2024;16:18:22.877;DAI SI 20250321 PS AM P 50.00 0;SIMPLE_INSTRUMENT;BLOCK;EUR;40;1.21000000;2000;PRC_DECOMP_EXCHANGE;;;;XEUR;10884526;443196;EXCHANGE
05.11.2024;10:00:23.692;DBK.O.241105.PDIA.000006;STANDARD_OPTION_STRATEGY;BLOCK;EUR;2;0.23000000;2500;EXCHANGE_LAST;;1;1;XEUR;72059148816157572;362;
05.11.2024;10:00:23.692;DBK SI 20250321 PS AM P 13.00 0;SIMPLE_INSTRUMENT;BLOCK;EUR;2;0.28000000;2500;PRC_DECOMP_EXCHANGE;;;;XEUR;10835679;362;EXCHANGE
05.11.2024;10:00:23.692;DBK SI 20241220 PS AM P 12.00 0;SIMPLE_INSTRUMENT;BLOCK;EUR;2;0.05000000;2500;PRC_DECOMP_EXCHANGE;;;;XEUR;4642642;362;EXCHANGE
05.11.2024;13:54:27.996;DBK.O.241105.STD.000010;STANDARD_OPTION_STRATEGY;BLOCK;EUR;18;3.49000000;4000;EXCHANGE_LAST;;1;1;XEUR;72059148816157576;362;
05.11.2024;13:54:27.996;DBK SI 20250919 PS AM C 16.00 0;SIMPLE_INSTRUMENT;BLOCK;EUR;18;1.58000000;4000;PRC_DECOMP_EXCHANGE;;;;XEUR;11877425;362;EXCHANGE
05.11.2024;13:54:27.996;DBK SI 20250919 PS AM P 16.00 0;SIMPLE_INSTRUMENT;BLOCK;EUR;18;1.91000000;4000;PRC_DECOMP_EXCHANGE;;;;XEUR;11877422;362;EXCHANGE
05.11.2024;12:46:10.337;DHE SI 20241220 PS AM C 45.00 0;SIMPLE_INSTRUMENT;BLOCK;EUR;6;1.45000000;250;EXCHANGE_LAST;;1;1;XEUR;12014254;57135;
05.11.2024;13:14:28.256;DHE.O.241105.CDIA.000002;STANDARD_OPTION_STRATEGY;BLOCK;EUR;7;0.21000000;500;EXCHANGE_LAST;;1;1;XEUR;72302986994398043;57135;
05.11.2024;13:14:28.256;DHE SI 20241115 PS AM C 32.00 0;SIMPLE_INSTRUMENT;BLOCK;EUR;7;7.79000000;500;PRC_DECOMP_EXCHANGE;;;;XEUR;11773046;57135;EXCHANGE
05.11.2024;13:14:28.256;DHE SI 20250117 PS AM C 33.00 0;SIMPLE_INSTRUMENT;BLOCK;EUR;7;8.00000000;500;PRC_DECOMP_EXCHANGE;;;;XEUR;12096322;57135;EXCHANGE
05.11.2024;09:28:52.078;DPW SI 20250117 PS AM C 38.00 0;SIMPLE_INSTRUMENT;BLOCK;EUR;2;0.96000000;3000;EXCHANGE_LAST;;1;3;XEUR;12073154;445;
05.11.2024;12:13:21.781;DPW SI 20251219 PS AM P 32.00 0;SIMPLE_INSTRUMENT;BLOCK;EUR;3;1.90000000;1500;EXCHANGE_LAST;;1;1;XEUR;5926786;445;
05.11.2024;14:11:13.518;DPW.O.241105.IRTSP.000028;STANDARD_OPTION_STRATEGY;BLOCK;EUR;9;-1.75000000;1000;EXCHANGE_LAST;;1;1;XEUR;72059505298412793;445;
05.11.2024;14:11:13.518;DPW SI 20250321 PS AM C 40.00 0;SIMPLE_INSTRUMENT;BLOCK;EUR;9;0.63000000;1000;PRC_DECOMP_EXCHANGE;;;;XEUR;10836855;445;EXCHANGE
05.11.2024;14:11:13.518;DPW SI 20250919 PS AM P 34.00 0;SIMPLE_INSTRUMENT;BLOCK;EUR;9;2.38000000;1000;PRC_DECOMP_EXCHANGE;;;;XEUR;11878894;445;EXCHANGE
05.11.2024;15:42:01.130;DTE SI 20241220 PS AM C 29.00 0;SIMPLE_INSTRUMENT;BLOCK;EUR;13;0.29000000;1500;EXCHANGE_LAST;;1;1;XEUR;11878495;424;
05.11.2024;16:25:03.412;DTE SI 20251219 PS AM P 26.00 0;SIMPLE_INSTRUMENT;BLOCK;EUR;15;1.10000000;3500;EXCHANGE_LAST;;1;1;XEUR;12057162;424;
05.11.2024;16:52:42.425;DTEF SI 20250321 CS;SIMPLE_INSTRUMENT;BLOCK;EUR;95;28.50000000;7000;EXCHANGE_LAST;;1;1;XEUR;10698021;430;
05.11.2024;11:56:21.543;E2NT SI 20251219 CS;SIMPLE_INSTRUMENT;BLOCK;EUR;42;1.01000000;1000;EXCHANGE_LAST;;1;2;XEUR;3681294;470;
05.11.2024;12:02:51.562;E2NT SI 20251219 CS;SIMPLE_INSTRUMENT;BLOCK;EUR;44;1.01000000;500;EXCHANGE_LAST;;1;2;XEUR;3681294;470;
05.11.2024;12:08:00.533;E2NT SI 20251219 CS;SIMPLE_INSTRUMENT;BLOCK;EUR;46;1.01000000;250;EXCHANGE_LAST;;1;1;XEUR;3681294;470;
05.11.2024;12:26:41.580;E2NT SI 20251219 CS;SIMPLE_INSTRUMENT;BLOCK;EUR;49;1.01000000;650;EXCHANGE_LAST;;2;2;XEUR;3681294;470;
05.11.2024;12:31:02.252;E2NT SI 20251219 CS;SIMPLE_INSTRUMENT;BLOCK;EUR;50;1.01000000;750;EXCHANGE_LAST;;2;1;XEUR;3681294;470;
05.11.2024;16:10:08.283;E2NT SI 20261218 CS;SIMPLE_INSTRUMENT;BLOCK;EUR;87;0.97500000;500;EXCHANGE_LAST;;1;1;XEUR;4632357;470;
05.11.2024;16:11:00.575;E2NT SI 20261218 CS;SIMPLE_INSTRUMENT;BLOCK;EUR;88;0.97500000;750;EXCHANGE_LAST;;1;1;XEUR;4632357;470;
05.11.2024;11:50:11.219;EAD SI 20251219 PS AM P 139.13 1;SIMPLE_INSTRUMENT;BLOCK;EUR;17;12.85000000;300;EXCHANGE_LAST;;1;1;XEUR;5927652;465;
05.11.2024;16:57:10.360;ENL5 SI 20241219 PS AM P 6.40 0;SIMPLE_INSTRUMENT;BLOCK;EUR;17;0.04100000;4000;EXCHANGE_LAST;;1;1;XEUR;4630460;500;
05.11.2024;14:17:17.964;EOA SI 20241220 PS AM P 12.00 0;SIMPLE_INSTRUMENT;BLOCK;EUR;30;0.20000000;5475;EXCHANGE_LAST;;1;1;XEUR;4644610;49065;
05.11.2024;13:33:32.775;EVK.O.241105.BER.000001;STANDARD_OPTION_STRATEGY;BLOCK;EUR;5;0.27000000;1000;EXCHANGE_LAST;;1;1;XEUR;72104005454537281;10806;
05.11.2024;13:33:32.775;EVK SI 20241115 PS AM P 19.80 0;SIMPLE_INSTRUMENT;BLOCK;EUR;5;0.30000000;1000;PRC_DECOMP_EXCHANGE;;;;XEUR;12091952;10806;EXCHANGE
05.11.2024;13:33:32.775;EVK SI 20241115 PS AM P 18.60 0;SIMPLE_INSTRUMENT;BLOCK;EUR;5;0.03000000;1000;PRC_DECOMP_EXCHANGE;;;;XEUR;12091857;10806;EXCHANGE
05.11.2024;10:19:11.904;F3TE SI 20251219 CS;SIMPLE_INSTRUMENT;BLOCK;EUR;18;0.72500000;350;EXCHANGE_LAST;;1;1;XEUR;6633903;390379;
05.11.2024;10:23:21.684;F3TE SI 20251219 CS;SIMPLE_INSTRUMENT;BLOCK;EUR;19;0.72500000;250;EXCHANGE_LAST;;1;1;XEUR;6633903;390379;
05.11.2024;08:53:25.777;FBTP SI 20241206 PS;SIMPLE_INSTRUMENT;EFP_FIN;EUR;1;119.12000000;340;EXCHANGE_LAST;;1;1;XEUR;10804520;636;
05.11.2024;09:24:06.462;FBTP SI 20241206 PS;SIMPLE_INSTRUMENT;EFP_FIN;EUR;2;119.23000000;340;EXCHANGE_LAST;;1;1;XEUR;10804520;636;
05.11.2024;09:44:44.855;FBTP SI 20241206 PS;SIMPLE_INSTRUMENT;EFP_FIN;EUR;3;119.30000000;457;EXCHANGE_LAST;;1;1;XEUR;10804520;636;
05.11.2024;09:50:56.207;FBTP SI 20241206 PS;SIMPLE_INSTRUMENT;EFP_FIN;EUR;4;119.31000000;89;EXCHANGE_LAST;;1;1;XEUR;10804520;636;
05.11.2024;09:52:06.048;FBTP SI 20241206 PS;SIMPLE_INSTRUMENT;EFP_FIN;EUR;5;119.32000000;169;EXCHANGE_LAST;;1;1;XEUR;10804520;636;
05.11.2024;09:58:22.444;FBTP SI 20241206 PS;SIMPLE_INSTRUMENT;EFP_FIN;EUR;6;119.26000000;92;EXCHANGE_LAST;;1;1;XEUR;10804520;636;
05.11.2024;10:00:22.589;FBTP SI 20241206 PS;SIMPLE_INSTRUMENT;EFP_FIN;EUR;7;119.22000000;412;EXCHANGE_LAST;;1;1;XEUR;10804520;636;
05.11.2024;11:21:03.250;FBTP SI 20241206 PS;SIMPLE_INSTRUMENT;EFP_FIN;EUR;8;118.97000000;446;EXCHANGE_LAST;;1;1;XEUR;10804520;636;
05.11.2024;11:37:21.456;FBTP SI 20241206 PS;SIMPLE_INSTRUMENT;EFP_FIN;EUR;9;119.04000000;161;EXCHANGE_LAST;;1;1;XEUR;10804520;636;
05.11.2024;11:38:33.734;FBTP SI 20241206 PS;SIMPLE_INSTRUMENT;EFP_FIN;EUR;10;118.99000000;50;EXCHANGE_LAST;;1;1;XEUR;10804520;636;
05.11.2024;11:41:15.523;FBTP SI 20241206 PS;SIMPLE_INSTRUMENT;EFP_FIN;EUR;11;118.98000000;1340;EXCHANGE_LAST;;1;1;XEUR;10804520;636;
05.11.2024;12:17:34.831;FBTP SI 20241206 PS;SIMPLE_INSTRUMENT;EFP_FIN;EUR;12;119.03000000;865;EXCHANGE_LAST;;1;1;XEUR;10804520;636;
05.11.2024;12:27:51.855;FBTP SI 20241206 PS;SIMPLE_INSTRUMENT;BLOCK;EUR;13;119.07000000;279;EXCHANGE_LAST;;1;1;XEUR;10804520;636;
05.11.2024;12:43:39.967;FBTP SI 20241206 PS;SIMPLE_INSTRUMENT;EFP_FIN;EUR;14;119.10000000;861;EXCHANGE_LAST;;1;1;XEUR;10804520;636;
05.11.2024;13:06:07.033;FBTP SI 20241206 PS;SIMPLE_INSTRUMENT;EFP_FIN;EUR;15;119.50000000;212;EXCHANGE_LAST;;1;1;XEUR;10804520;636;
05.11.2024;13:12:18.177;FBTP SI 20241206 PS;SIMPLE_INSTRUMENT;EFP_FIN;EUR;16;119.01000000;203;EXCHANGE_LAST;;1;1;XEUR;10804520;636;
05.11.2024;13:16:03.134;FBTP SI 20241206 PS;SIMPLE_INSTRUMENT;EFP_FIN;EUR;17;119.10000000;213;EXCHANGE_LAST;;1;1;XEUR;10804520;636;
05.11.2024;13:17:55.140;FBTP SI 20241206 PS;SIMPLE_INSTRUMENT;EFP_FIN;EUR;18;119.10000000;271;EXCHANGE_LAST;;1;1;XEUR;10804520;636;
05.11.2024;13:22:16.152;FBTP SI 20241206 PS;SIMPLE_INSTRUMENT;EFP_FIN;EUR;19;119.10000000;72;EXCHANGE_LAST;;1;1;XEUR;10804520;636;
05.11.2024;14:12:17.401;FBTP SI 20241206 PS;SIMPLE_INSTRUMENT;EFP_FIN;EUR;20;119.07000000;292;EXCHANGE_LAST;;1;1;XEUR;10804520;636;
05.11.2024;14:28:13.741;FBTP SI 20241206 PS;SIMPLE_INSTRUMENT;EFP_FIN;EUR;21;119.32000000;192;EXCHANGE_LAST;;1;1;XEUR;10804520;636;
05.11.2024;14:42:02.322;FBTP SI 20241206 PS;SIMPLE_INSTRUMENT;EFP_FIN;EUR;23;119.36000000;50;EXCHANGE_LAST;;1;1;XEUR;10804520;636;
05.11.2024;15:05:40.946;FBTP SI 20241206 PS;SIMPLE_INSTRUMENT;BLOCK;EUR;24;119.15000000;1339;EXCHANGE_LAST;;1;1;XEUR;10804520;636;
05.11.2024;15:35:11.609;FBTP SI 20241206 PS;SIMPLE_INSTRUMENT;EFP_FIN;EUR;25;119.35000000;214;EXCHANGE_LAST;;1;1;XEUR;10804520;636;
05.11.2024;16:32:04.878;FBTP SI 20241206 PS;SIMPLE_INSTRUMENT;EFP_FIN;EUR;26;119.34000000;59;EXCHANGE_LAST;;1;1;XEUR;10804520;636;
05.11.2024;16:37:45.700;FBTP SI 20241206 PS;SIMPLE_INSTRUMENT;EFP_FIN;EUR;27;119.37000000;180;EXCHANGE_LAST;;1;1;XEUR;10804520;636;
05.11.2024;16:39:28.705;FBTP SI 20241206 PS;SIMPLE_INSTRUMENT;EFP_FIN;EUR;28;119.37000000;62;EXCHANGE_LAST;;1;1;XEUR;10804520;636;
05.11.2024;16:42:59.716;FBTP SI 20241206 PS;SIMPLE_INSTRUMENT;EFP_FIN;EUR;29;119.37000000;79;EXCHANGE_LAST;;1;1;XEUR;10804520;636;
05.11.2024;16:44:45.723;FBTP SI 20241206 PS;SIMPLE_INSTRUMENT;EFP_FIN;EUR;30;119.37000000;336;EXCHANGE_LAST;;1;1;XEUR;10804520;636;
05.11.2024;16:46:51.731;FBTP SI 20241206 PS;SIMPLE_INSTRUMENT;EFP_FIN;EUR;31;119.37000000;112;EXCHANGE_LAST;;1;1;XEUR;10804520;636;
05.11.2024;16:48:35.738;FBTP SI 20241206 PS;SIMPLE_INSTRUMENT;EFP_FIN;EUR;32;119.37000000;204;EXCHANGE_LAST;;1;1;XEUR;10804520;636;
05.11.2024;16:50:23.745;FBTP SI 20241206 PS;SIMPLE_INSTRUMENT;EFP_FIN;EUR;33;119.37000000;222;EXCHANGE_LAST;;1;1;XEUR;10804520;636;
05.11.2024;16:51:47.750;FBTP SI 20241206 PS;SIMPLE_INSTRUMENT;EFP_FIN;EUR;34;119.37000000;254;EXCHANGE_LAST;;1;1;XEUR;10804520;636;
05.11.2024;17:19:31.693;FBTP SI 20241206 PS;SIMPLE_INSTRUMENT;EFP_FIN;EUR;35;119.35000000;154;EXCHANGE_LAST;;1;1;XEUR;10804520;636;
05.11.2024;09:33:21.581;FBTS SI 20241206 PS;SIMPLE_INSTRUMENT;EFP_FIN;EUR;4;106.83000000;1334;EXCHANGE_LAST;;1;1;XEUR;10804522;639;
05.11.2024;09:33:59.591;FBTS SI 20241206 PS;SIMPLE_INSTRUMENT;EFP_FIN;EUR;5;106.80000000;247;EXCHANGE_LAST;;1;1;XEUR;10804522;639;
05.11.2024;10:02:43.235;FBTS SI 20241206 PS;SIMPLE_INSTRUMENT;EFP_FIN;EUR;9;106.84000000;942;EXCHANGE_LAST;;1;1;XEUR;10804522;639;
05.11.2024;10:48:15.715;FBTS SI 20241206 PS;SIMPLE_INSTRUMENT;EFP_FIN;EUR;13;106.84000000;167;EXCHANGE_LAST;;1;1;XEUR;10804522;639;
05.11.2024;12:31:12.687;FBTS SI 20241206 PS;SIMPLE_INSTRUMENT;EFP_FIN;EUR;19;106.83000000;1247;EXCHANGE_LAST;;1;1;XEUR;10804522;639;
05.11.2024;13:12:32.889;FBTS SI 20241206 PS;SIMPLE_INSTRUMENT;EFP_FIN;EUR;20;106.84000000;147;EXCHANGE_LAST;;1;1;XEUR;10804522;639;
05.11.2024;14:06:03.274;FBTS SI 20241206 PS;SIMPLE_INSTRUMENT;EFP_FIN;EUR;22;106.88000000;318;EXCHANGE_LAST;;1;1;XEUR;10804522;639;
05.11.2024;14:17:15.536;FBTS SI 20241206 PS;SIMPLE_INSTRUMENT;EFP_FIN;EUR;23;106.88000000;223;EXCHANGE_LAST;;1;1;XEUR;10804522;639;
05.11.2024;15:00:27.408;FBTS SI 20241206 PS;SIMPLE_INSTRUMENT;EFS;EUR;27;106.92000000;450;EXCHANGE_LAST;;1;1;XEUR;10804522;639;
05.11.2024;15:29:04.013;FBTS SI 20241206 PS;SIMPLE_INSTRUMENT;EFP_FIN;EUR;33;106.90000000;1170;EXCHANGE_LAST;;1;1;XEUR;10804522;639;
05.11.2024;16:16:17.455;FBTS SI 20241206 PS;SIMPLE_INSTRUMENT;EFS;EUR;35;106.83000000;898;EXCHANGE_LAST;;1;1;XEUR;10804522;639;
05.11.2024;16:53:38.756;FBTS SI 20241206 PS;SIMPLE_INSTRUMENT;EFP_FIN;EUR;36;106.85000000;153;EXCHANGE_LAST;;1;1;XEUR;10804522;639;
05.11.2024;15:27:24.054;FDAX SI 20241220 CS;SIMPLE_INSTRUMENT;EFP_IDX;EUR;1;19265.00000000;200;EXCHANGE_LAST;;1;1;XEUR;7296065;589;
05.11.2024;16:45:13.797;FDAX SI 20241220 CS;SIMPLE_INSTRUMENT;EFP_IDX;EUR;2;19341.00000000;36;EXCHANGE_LAST;;1;1;XEUR;7296065;589;
05.11.2024;16:45:02.421;FDAX SI 20241220 CS;SIMPLE_INSTRUMENT;EFP_IDX;EUR;3;19342.00000000;14;EXCHANGE_LAST;;1;1;XEUR;7296065;589;
05.11.2024;16:45:21.380;FDAX SI 20241220 CS;SIMPLE_INSTRUMENT;EFP_IDX;EUR;4;19341.00000000;34;EXCHANGE_LAST;;1;1;XEUR;7296065;589;
05.11.2024;16:45:28.007;FDAX SI 20241220 CS;SIMPLE_INSTRUMENT;EFP_IDX;EUR;5;19342.00000000;12;EXCHANGE_LAST;;1;1;XEUR;7296065;589;
05.11.2024;17:05:23.377;FDAX SI 20241220 CS;SIMPLE_INSTRUMENT;EFP_IDX;EUR;6;19360.00000000;100;EXCHANGE_LAST;;1;1;XEUR;7296065;589;
05.11.2024;14:22:56.163;FDAX SI 20241220 CS;SIMPLE_INSTRUMENT;VOLA;EUR;671088655;19260.00000000;59;EXCHANGE_LAST;;1;1;XEUR;7296065;589;
05.11.2024;14:07:00.743;FEBD SI 20261218 CS;SIMPLE_INSTRUMENT;BLOCK;EUR;14;9.54000000;102;EXCHANGE_LAST;;1;1;XEUR;7158212;597;
05.11.2024;14:20:14.902;FEBD SI 20251219 CS;SIMPLE_INSTRUMENT;BLOCK;EUR;15;10.08000000;112;EXCHANGE_LAST;;1;1;XEUR;5914075;597;
05.11.2024;14:20:38.284;FEBD SI 20251219 CS;SIMPLE_INSTRUMENT;BLOCK;EUR;16;10.09000000;113;EXCHANGE_LAST;;1;1;XEUR;5914075;597;
05.11.2024;14:45:17.930;FEBD SI 20251219 CS;SIMPLE_INSTRUMENT;BLOCK;EUR;19;10.06000000;3000;EXCHANGE_LAST;;1;1;XEUR;5914075;597;
05.11.2024;14:58:16.083;FEBD SI 20251219 CS;SIMPLE_INSTRUMENT;BLOCK;EUR;20;10.06000000;1750;EXCHANGE_LAST;;2;1;XEUR;5914075;597;
05.11.2024;15:47:36.511;FEBD SI 20271217 CS;SIMPLE_INSTRUMENT;BLOCK;EUR;29;8.74000000;1000;EXCHANGE_LAST;;3;1;XEUR;7776307;597;
05.11.2024;09:13:16.567;FECX SI 20241220 CS;SIMPLE_INSTRUMENT;BLOCK;EUR;2;163.80000000;57;EXCHANGE_LAST;;1;1;XEUR;10920731;410158;
05.11.2024;12:34:10.440;FESB SI 20241220 CS;SIMPLE_INSTRUMENT;VOLA;EUR;603979809;148.50000000;300;EXCHANGE_LAST;;1;1;XEUR;10838895;605;
05.11.2024;14:42:56.881;FESB SI 20241220 CS;SIMPLE_INSTRUMENT;VOLA;EUR;603979824;148.10000000;300;EXCHANGE_LAST;;1;1;XEUR;10838895;605;
05.11.2024;15:44:56.537;FESB SI 20241220 CS;SIMPLE_INSTRUMENT;VOLA;EUR;603979840;148.45000000;750;EXCHANGE_LAST;;1;1;XEUR;10838895;605;
05.11.2024;15:44:16.534;FESB SI 20241220 CS;SIMPLE_INSTRUMENT;VOLA;EUR;603979841;148.45000000;750;EXCHANGE_LAST;;1;1;XEUR;10838895;605;
05.11.2024;16:49:28.302;FESL SI 20241220 CS;SIMPLE_INSTRUMENT;BLOCK;EUR;8;151.30000000;600;EXCHANGE_LAST;;1;1;XEUR;10839396;680;
05.11.2024;16:48:56.754;FESL SI 20241220 CS;SIMPLE_INSTRUMENT;BLOCK;EUR;9;151.20000000;400;EXCHANGE_LAST;;1;1;XEUR;10839396;680;
05.11.2024;10:42:01.519;FESM SI 20241220 CS;SIMPLE_INSTRUMENT;BLOCK;EUR;2;368.90000000;711;EXCHANGE_LAST;;1;1;XEUR;10839468;683;
05.11.2024;15:59:43.022;FESU SI 20241220 CS;SIMPLE_INSTRUMENT;VOLA;EUR;603979846;396.20000000;19;EXCHANGE_LAST;;1;1;XEUR;10839076;673;
05.11.2024;10:40:50.925;FESV SI 20241220 CS;SIMPLE_INSTRUMENT;BLOCK;EUR;1;235.20000000;1115;EXCHANGE_LAST;;1;1;XEUR;10839065;672;
05.11.2024;08:53:40.724;FESX SI 20241220 CS;SIMPLE_INSTRUMENT;BLOCK;EUR;1;4865.00000000;2000;EXCHANGE_LAST;;1;1;XEUR;7793479;675;
05.11.2024;11:21:34.937;FESX SI 20241220 CS;SIMPLE_INSTRUMENT;BLOCK;EUR;2;4870.00000000;2000;EXCHANGE_LAST;;1;1;XEUR;7793479;675;
05.11.2024;11:43:58.321;FESX SI 20241220 CS;SIMPLE_INSTRUMENT;BLOCK;EUR;3;4870.00000000;3000;EXCHANGE_LAST;;1;1;XEUR;7793479;675;
05.11.2024;15:06:25.570;FESX SI 20241220 CS;SIMPLE_INSTRUMENT;BLOCK;EUR;4;4870.00000000;2000;EXCHANGE_LAST;;1;1;XEUR;7793479;675;
05.11.2024;15:07:45.505;FESX SI 20241220 CS;SIMPLE_INSTRUMENT;BLOCK;EUR;5;4870.00000000;3000;EXCHANGE_LAST;;1;1;XEUR;7793479;675;
05.11.2024;15:22:20.204;FESX SI 20241220 CS;SIMPLE_INSTRUMENT;BLOCK;EUR;6;4870.00000000;2000;EXCHANGE_LAST;;1;1;XEUR;7793479;675;
05.11.2024;15:23:22.505;FESX SI 20241220 CS;SIMPLE_INSTRUMENT;BLOCK;EUR;7;4870.00000000;3000;EXCHANGE_LAST;;1;1;XEUR;7793479;675;
05.11.2024;16:28:26.699;FESX SI 20241220 CS;SIMPLE_INSTRUMENT;BLOCK;EUR;8;4885.00000000;3000;EXCHANGE_LAST;;1;1;XEUR;7793479;675;
05.11.2024;16:47:52.486;FESX SI 20241220 CS;SIMPLE_INSTRUMENT;EFP_IDX;EUR;9;4883.00000000;60;EXCHANGE_LAST;;1;1;XEUR;7793479;675;
05.11.2024;16:47:33.976;FESX SI 20241220 CS;SIMPLE_INSTRUMENT;EFP_IDX;EUR;10;4884.00000000;290;EXCHANGE_LAST;;1;1;XEUR;7793479;675;
05.11.2024;16:49:09.003;FESX SI 20241220 CS;SIMPLE_INSTRUMENT;EFP_IDX;EUR;11;4884.00000000;176;EXCHANGE_LAST;;1;1;XEUR;7793479;675;
05.11.2024;16:49:41.139;FESX SI 20241220 CS;SIMPLE_INSTRUMENT;EFP_IDX;EUR;12;4883.00000000;74;EXCHANGE_LAST;;1;1;XEUR;7793479;675;
05.11.2024;16:49:28.040;FESX SI 20241220 CS;SIMPLE_INSTRUMENT;EFP_IDX;EUR;13;4884.00000000;247;EXCHANGE_LAST;;1;1;XEUR;7793479;675;
05.11.2024;16:49:53.992;FESX SI 20241220 CS;SIMPLE_INSTRUMENT;EFP_IDX;EUR;14;4883.00000000;103;EXCHANGE_LAST;;1;1;XEUR;7793479;675;
05.11.2024;08:23:59.822;FESX SI 20241220 CS;SIMPLE_INSTRUMENT;VOLA;EUR;637534211;4863.00000000;80;EXCHANGE_LAST;;1;1;XEUR;7793479;675;
05.11.2024;09:14:03.721;FESX SI 20241220 CS;SIMPLE_INSTRUMENT;VOLA;EUR;637534226;4876.00000000;340;EXCHANGE_LAST;;1;1;XEUR;7793479;675;
05.11.2024;09:14:11.570;FESX SI 20241220 CS;SIMPLE_INSTRUMENT;VOLA;EUR;637534227;4876.00000000;137;EXCHANGE_LAST;;1;1;XEUR;7793479;675;
05.11.2024;09:46:57.039;FESX SI 20241220 CS;SIMPLE_INSTRUMENT;VOLA;EUR;637534241;4875.00000000;360;EXCHANGE_LAST;;1;1;XEUR;7793479;675;
05.11.2024;11:31:07.764;FESX SI 20241220 CS;SIMPLE_INSTRUMENT;VOLA;EUR;637534276;4870.00000000;400;EXCHANGE_LAST;;1;1;XEUR;7793479;675;
05.11.2024;11:30:50.520;FESX SI 20241220 CS;SIMPLE_INSTRUMENT;VOLA;EUR;637534277;4870.00000000;250;EXCHANGE_LAST;;1;1;XEUR;7793479;675;
05.11.2024;11:43:47.444;FESX SI 20241220 CS;SIMPLE_INSTRUMENT;VOLA;EUR;637534286;4873.00000000;800;EXCHANGE_LAST;;1;1;XEUR;7793479;675;
05.11.2024;12:22:02.602;FESX SI 20241220 CS;SIMPLE_INSTRUMENT;VOLA;EUR;637534302;4865.00000000;373;EXCHANGE_LAST;;1;1;XEUR;7793479;675;
05.11.2024;12:22:30.430;FESX SI 20241220 CS;SIMPLE_INSTRUMENT;VOLA;EUR;637534303;4866.00000000;41;EXCHANGE_LAST;;1;1;XEUR;7793479;675;
05.11.2024;14:10:35.921;FESX SI 20241220 CS;SIMPLE_INSTRUMENT;VOLA;EUR;637534330;4872.00000000;1400;EXCHANGE_LAST;;1;1;XEUR;7793479;675;
05.11.2024;15:18:11.897;FESX SI 20241220 CS;SIMPLE_INSTRUMENT;VOLA;EUR;637534351;4869.00000000;10;EXCHANGE_LAST;;1;1;XEUR;7793479;675;
05.11.2024;16:23:54.821;FESX SI 20241220 CS;SIMPLE_INSTRUMENT;VOLA;EUR;637534381;4888.00000000;140;EXCHANGE_LAST;;1;1;XEUR;7793479;675;
05.11.2024;17:00:58.365;FESX SI 20241220 CS;SIMPLE_INSTRUMENT;VOLA;EUR;637534399;4885.00000000;1128;EXCHANGE_LAST;;1;1;XEUR;7793479;675;
05.11.2024;10:49:25.144;FESY SI 20241220 CS;SIMPLE_INSTRUMENT;BLOCK;EUR;3;983.70000000;254;EXCHANGE_LAST;;1;1;XEUR;10839149;674;
05.11.2024;09:09:20.215;FEXD.S.DEC26.DEC28.SPD;FUTURES_SPREAD;BLOCK;EUR;1;11.20000000;250;EXCHANGE_LAST;;1;1;XEUR;72060570450264161;693;
05.11.2024;09:09:20.215;FEXD SI 20281215 CS;SIMPLE_INSTRUMENT;BLOCK;EUR;1;142.40000000;250;PRC_DECOMP_MEMBER;;;;XEUR;3680985;693;MEMBER
05.11.2024;09:09:20.215;FEXD SI 20261218 CS;SIMPLE_INSTRUMENT;BLOCK;EUR;1;153.60000000;250;PRC_DECOMP_MEMBER;;;;XEUR;2163053;693;MEMBER
05.11.2024;09:55:30.701;FEXD SI 20281215 CS;SIMPLE_INSTRUMENT;BLOCK;EUR;3;142.60000000;353;EXCHANGE_LAST;;1;1;XEUR;3680985;693;
05.11.2024;10:02:19.753;FEXD SI 20251219 CS;SIMPLE_INSTRUMENT;BLOCK;EUR;4;158.70000000;174;EXCHANGE_LAST;;1;1;XEUR;1548120;693;
05.11.2024;10:02:35.610;FEXD SI 20261218 CS;SIMPLE_INSTRUMENT;BLOCK;EUR;5;153.90000000;179;EXCHANGE_LAST;;1;1;XEUR;2163053;693;
05.11.2024;10:02:53.073;FEXD SI 20271217 CS;SIMPLE_INSTRUMENT;BLOCK;EUR;6;148.00000000;186;EXCHANGE_LAST;;1;1;XEUR;2848338;693;
05.11.2024;10:03:17.993;FEXD SI 20281215 CS;SIMPLE_INSTRUMENT;BLOCK;EUR;7;142.60000000;193;EXCHANGE_LAST;;1;1;XEUR;3680985;693;
05.11.2024;10:03:36.144;FEXD SI 20291221 CS;SIMPLE_INSTRUMENT;BLOCK;EUR;8;137.60000000;200;EXCHANGE_LAST;;1;1;XEUR;4631968;693;
05.11.2024;11:21:39.780;FEXD SI 20271217 CS;SIMPLE_INSTRUMENT;BLOCK;EUR;9;148.00000000;500;EXCHANGE_LAST;;1;1;XEUR;2848338;693;
05.11.2024;13:46:13.673;FEXD SI 20251219 CS;SIMPLE_INSTRUMENT;BLOCK;EUR;13;158.30000000;300;EXCHANGE_LAST;;1;1;XEUR;1548120;693;
05.11.2024;15:18:46.725;FEXD SI 20271217 CS;SIMPLE_INSTRUMENT;BLOCK;EUR;23;147.80000000;300;EXCHANGE_LAST;;1;1;XEUR;2848338;693;
05.11.2024;15:20:22.871;FEXD SI 20261218 CS;SIMPLE_INSTRUMENT;BLOCK;EUR;25;153.60000000;243;EXCHANGE_LAST;;1;1;XEUR;2163053;693;
05.11.2024;16:08:45.218;FEXD.S.DEC27.DEC28.SPD;FUTURES_SPREAD;BLOCK;EUR;30;5.10000000;500;EXCHANGE_LAST;;1;1;XEUR;72060570450264162;693;
05.11.2024;16:08:45.218;FEXD SI 20271217 CS;SIMPLE_INSTRUMENT;BLOCK;EUR;30;148.10000000;500;PRC_DECOMP_EXCHANGE;;;;XEUR;2848338;693;EXCHANGE
05.11.2024;16:08:45.218;FEXD SI 20281215 CS;SIMPLE_INSTRUMENT;BLOCK;EUR;30;143.00000000;500;PRC_DECOMP_EXCHANGE;;;;XEUR;3680985;693;EXCHANGE
05.11.2024;07:58:01.226;FGBL SI 20241206 PS;SIMPLE_INSTRUMENT;EFS;EUR;1;131.60000000;216;EXCHANGE_LAST;;1;1;XEUR;10804524;688;
05.11.2024;07:58:57.066;FGBL SI 20241206 PS;SIMPLE_INSTRUMENT;EFS;EUR;2;131.62000000;100;EXCHANGE_LAST;;1;1;XEUR;10804524;688;
05.11.2024;08:16:46.795;FGBL SI 20241206 PS;SIMPLE_INSTRUMENT;EFS;EUR;3;131.39000000;432;EXCHANGE_LAST;;1;1;XEUR;10804524;688;
05.11.2024;08:17:21.953;FGBL SI 20241206 PS;SIMPLE_INSTRUMENT;EFS;EUR;4;131.36000000;433;EXCHANGE_LAST;;1;1;XEUR;10804524;688;
05.11.2024;08:17:58.139;FGBL SI 20241206 PS;SIMPLE_INSTRUMENT;EFS;EUR;5;131.35000000;216;EXCHANGE_LAST;;1;1;XEUR;10804524;688;
05.11.2024;08:19:30.097;FGBL SI 20241206 PS;SIMPLE_INSTRUMENT;EFS;EUR;6;131.42000000;1233;EXCHANGE_LAST;;1;1;XEUR;10804524;688;
05.11.2024;08:21:33.174;FGBL SI 20241206 PS;SIMPLE_INSTRUMENT;EFS;EUR;7;131.61000000;739;EXCHANGE_LAST;;1;1;XEUR;10804524;688;
05.11.2024;08:29:11.029;FGBL SI 20241206 PS;SIMPLE_INSTRUMENT;EFS;EUR;8;131.35000000;907;EXCHANGE_LAST;;1;1;XEUR;10804524;688;
05.11.2024;08:33:53.943;FGBL SI 20241206 PS;SIMPLE_INSTRUMENT;EFS;EUR;9;131.35000000;260;EXCHANGE_LAST;;1;1;XEUR;10804524;688;
05.11.2024;08:39:46.429;FGBL SI 20241206 PS;SIMPLE_INSTRUMENT;EFS;EUR;10;131.41000000;432;EXCHANGE_LAST;;1;1;XEUR;10804524;688;
05.11.2024;08:40:47.776;FGBL SI 20241206 PS;SIMPLE_INSTRUMENT;EFS;EUR;11;131.40000000;648;EXCHANGE_LAST;;1;1;XEUR;10804524;688;
05.11.2024;08:42:14.494;FGBL SI 20241206 PS;SIMPLE_INSTRUMENT;EFS;EUR;12;131.43000000;197;EXCHANGE_LAST;;1;1;XEUR;10804524;688;
05.11.2024;08:42:12.558;FGBL SI 20241206 PS;SIMPLE_INSTRUMENT;EFP_FIN;EUR;13;131.39000000;980;EXCHANGE_LAST;;1;1;XEUR;10804524;688;
05.11.2024;08:51:42.004;FGBL SI 20241206 PS;SIMPLE_INSTRUMENT;EFP_FIN;EUR;14;131.46000000;893;EXCHANGE_LAST;;1;1;XEUR;10804524;688;
05.11.2024;09:00:52.920;FGBL SI 20241206 PS;SIMPLE_INSTRUMENT;EFS;EUR;15;131.49000000;259;EXCHANGE_LAST;;1;1;XEUR;10804524;688;
05.11.2024;09:02:01.897;FGBL SI 20241206 PS;SIMPLE_INSTRUMENT;EFS;EUR;16;131.57000000;315;EXCHANGE_LAST;;1;1;XEUR;10804524;688;
05.11.2024;09:13:37.426;FGBL SI 20241206 PS;SIMPLE_INSTRUMENT;EFS;EUR;17;131.51000000;433;EXCHANGE_LAST;;1;1;XEUR;10804524;688;
05.11.2024;09:13:47.434;FGBL SI 20241206 PS;SIMPLE_INSTRUMENT;EFS;EUR;18;131.56000000;433;EXCHANGE_LAST;;1;1;XEUR;10804524;688;
05.11.2024;09:14:32.472;FGBL SI 20241206 PS;SIMPLE_INSTRUMENT;EFS;EUR;19;131.51000000;433;EXCHANGE_LAST;;1;1;XEUR;10804524;688;
05.11.2024;09:15:46.987;FGBL SI 20241206 PS;SIMPLE_INSTRUMENT;EFS;EUR;20;131.53000000;147;EXCHANGE_LAST;;1;1;XEUR;10804524;688;
05.11.2024;09:17:03.762;FGBL SI 20241206 PS;SIMPLE_INSTRUMENT;EFS;EUR;21;131.53000000;285;EXCHANGE_LAST;;1;1;XEUR;10804524;688;
05.11.2024;09:26:11.621;FGBL SI 20241206 PS;SIMPLE_INSTRUMENT;EFS;EUR;22;131.43000000;99;EXCHANGE_LAST;;1;1;XEUR;10804524;688;
05.11.2024;09:26:33.992;FGBL SI 20241206 PS;SIMPLE_INSTRUMENT;EFS;EUR;23;131.57000000;432;EXCHANGE_LAST;;1;1;XEUR;10804524;688;
05.11.2024;09:26:40.030;FGBL SI 20241206 PS;SIMPLE_INSTRUMENT;EFP_FIN;EUR;24;131.48000000;242;EXCHANGE_LAST;;1;1;XEUR;10804524;688;
05.11.2024;09:27:19.036;FGBL SI 20241206 PS;SIMPLE_INSTRUMENT;EFS;EUR;25;131.53000000;433;EXCHANGE_LAST;;1;1;XEUR;10804524;688;
05.11.2024;09:27:46.081;FGBL SI 20241206 PS;SIMPLE_INSTRUMENT;EFP_FIN;EUR;26;131.50000000;213;EXCHANGE_LAST;;1;1;XEUR;10804524;688;
05.11.2024;09:29:01.832;FGBL SI 20241206 PS;SIMPLE_INSTRUMENT;EFS;EUR;27;131.55000000;246;EXCHANGE_LAST;;1;1;XEUR;10804524;688;
05.11.2024;09:29:03.234;FGBL SI 20241206 PS;SIMPLE_INSTRUMENT;EFP_FIN;EUR;28;131.57000000;356;EXCHANGE_LAST;;1;1;XEUR;10804524;688;
05.11.2024;09:33:09.280;FGBL SI 20241206 PS;SIMPLE_INSTRUMENT;EFS;EUR;29;131.57000000;432;EXCHANGE_LAST;;1;1;XEUR;10804524;688;
05.11.2024;09:35:29.373;FGBL SI 20241206 PS;SIMPLE_INSTRUMENT;EFS;EUR;30;131.56000000;432;EXCHANGE_LAST;;1;1;XEUR;10804524;688;
05.11.2024;09:42:22.155;FGBL SI 20241206 PS;SIMPLE_INSTRUMENT;EFP_FIN;EUR;31;131.54000000;775;EXCHANGE_LAST;;1;1;XEUR;10804524;688;
05.11.2024;09:49:20.960;FGBL SI 20241206 PS;SIMPLE_INSTRUMENT;EFS;EUR;32;131.56000000;216;EXCHANGE_LAST;;1;1;XEUR;10804524;688;
05.11.2024;09:56:20.604;FGBL SI 20241206 PS;SIMPLE_INSTRUMENT;EFS;EUR;33;131.55000000;226;EXCHANGE_LAST;;1;1;XEUR;10804524;688;
05.11.2024;09:57:27.295;FGBL SI 20241206 PS;SIMPLE_INSTRUMENT;EFS;EUR;34;131.52000000;200;EXCHANGE_LAST;;1;1;XEUR;10804524;688;
05.11.2024;09:58:51.356;FGBL SI 20241206 PS;SIMPLE_INSTRUMENT;EFS;EUR;35;131.54000000;432;EXCHANGE_LAST;;1;1;XEUR;10804524;688;
05.11.2024;10:10:26.661;FGBL SI 20241206 PS;SIMPLE_INSTRUMENT;EFP_FIN;EUR;36;131.54000000;82;EXCHANGE_LAST;;1;1;XEUR;10804524;688;
05.11.2024;10:08:17.793;FGBL SI 20241206 PS;SIMPLE_INSTRUMENT;EFS;EUR;37;131.42000000;433;EXCHANGE_LAST;;1;1;XEUR;10804524;688;
05.11.2024;10:08:41.578;FGBL SI 20241206 PS;SIMPLE_INSTRUMENT;EFS;EUR;38;131.44000000;432;EXCHANGE_LAST;;1;1;XEUR;10804524;688;
05.11.2024;10:09:48.222;FGBL SI 20241206 PS;SIMPLE_INSTRUMENT;EFP_FIN;EUR;39;131.54000000;908;EXCHANGE_LAST;;1;1;XEUR;10804524;688;
05.11.2024;10:10:04.204;FGBL SI 20241206 PS;SIMPLE_INSTRUMENT;EFP_FIN;EUR;40;131.43000000;775;EXCHANGE_LAST;;1;1;XEUR;10804524;688;
05.11.2024;10:13:45.786;FGBL SI 20241206 PS;SIMPLE_INSTRUMENT;EFP_FIN;EUR;41;131.54000000;99;EXCHANGE_LAST;;1;1;XEUR;10804524;688;
05.11.2024;10:11:16.650;FGBL SI 20241206 PS;SIMPLE_INSTRUMENT;EFS;EUR;42;131.44000000;216;EXCHANGE_LAST;;1;1;XEUR;10804524;688;
05.11.2024;10:15:51.403;FGBL SI 20241206 PS;SIMPLE_INSTRUMENT;EFP_FIN;EUR;43;131.43000000;337;EXCHANGE_LAST;;1;1;XEUR;10804524;688;
05.11.2024;10:17:48.930;FGBL SI 20241206 PS;SIMPLE_INSTRUMENT;EFP_FIN;EUR;44;131.43000000;194;EXCHANGE_LAST;;1;1;XEUR;10804524;688;
05.11.2024;10:18:28.338;FGBL SI 20241206 PS;SIMPLE_INSTRUMENT;EFS;EUR;45;131.44000000;216;EXCHANGE_LAST;;1;1;XEUR;10804524;688;
05.11.2024;10:23:49.195;FGBL SI 20241206 PS;SIMPLE_INSTRUMENT;EFP_FIN;EUR;46;131.41000000;775;EXCHANGE_LAST;;1;1;XEUR;10804524;688;
05.11.2024;10:25:09.784;FGBL SI 20241206 PS;SIMPLE_INSTRUMENT;EFP_FIN;EUR;47;131.40000000;225;EXCHANGE_LAST;;1;1;XEUR;10804524;688;
05.11.2024;10:30:31.426;FGBL SI 20241206 PS;SIMPLE_INSTRUMENT;EFP_FIN;EUR;49;131.45000000;1968;EXCHANGE_LAST;;1;1;XEUR;10804524;688;
05.11.2024;10:32:19.035;FGBL SI 20241206 PS;SIMPLE_INSTRUMENT;EFP_FIN;EUR;50;131.45000000;775;EXCHANGE_LAST;;1;1;XEUR;10804524;688;
05.11.2024;10:34:16.042;FGBL SI 20241206 PS;SIMPLE_INSTRUMENT;EFP_FIN;EUR;52;131.45000000;798;EXCHANGE_LAST;;1;1;XEUR;10804524;688;
05.11.2024;10:36:54.643;FGBL SI 20241206 PS;SIMPLE_INSTRUMENT;EFS;EUR;53;131.47000000;432;EXCHANGE_LAST;;1;1;XEUR;10804524;688;
05.11.2024;10:38:26.870;FGBL SI 20241206 PS;SIMPLE_INSTRUMENT;EFP_FIN;EUR;54;131.57000000;407;EXCHANGE_LAST;;1;1;XEUR;10804524;688;
05.11.2024;10:38:45.846;FGBL SI 20241206 PS;SIMPLE_INSTRUMENT;EFP_FIN;EUR;55;131.57000000;182;EXCHANGE_LAST;;1;1;XEUR;10804524;688;
05.11.2024;10:40:01.060;FGBL SI 20241206 PS;SIMPLE_INSTRUMENT;EFP_FIN;EUR;56;131.45000000;387;EXCHANGE_LAST;;1;1;XEUR;10804524;688;
05.11.2024;10:39:35.845;FGBL SI 20241206 PS;SIMPLE_INSTRUMENT;EFS;EUR;57;131.37000000;465;EXCHANGE_LAST;;1;1;XEUR;10804524;688;
05.11.2024;10:51:45.300;FGBL SI 20241206 PS;SIMPLE_INSTRUMENT;EFP_FIN;EUR;58;131.45000000;1652;EXCHANGE_LAST;;1;1;XEUR;10804524;688;
05.11.2024;10:51:36.523;FGBL SI 20241206 PS;SIMPLE_INSTRUMENT;EFS;EUR;59;131.41000000;432;EXCHANGE_LAST;;1;1;XEUR;10804524;688;
05.11.2024;10:52:20.866;FGBL SI 20241206 PS;SIMPLE_INSTRUMENT;EFP_FIN;EUR;60;131.45000000;1951;EXCHANGE_LAST;;1;1;XEUR;10804524;688;
05.11.2024;10:53:32.695;FGBL SI 20241206 PS;SIMPLE_INSTRUMENT;EFS;EUR;61;131.40000000;432;EXCHANGE_LAST;;1;1;XEUR;10804524;688;
05.11.2024;10:54:32.084;FGBL SI 20241206 PS;SIMPLE_INSTRUMENT;EFP_FIN;EUR;62;131.39000000;213;EXCHANGE_LAST;;1;1;XEUR;10804524;688;
05.11.2024;10:58:19.729;FGBL SI 20241206 PS;SIMPLE_INSTRUMENT;EFP_FIN;EUR;63;131.46000000;213;EXCHANGE_LAST;;1;1;XEUR;10804524;688;
05.11.2024;10:56:08.475;FGBL SI 20241206 PS;SIMPLE_INSTRUMENT;EFP_FIN;EUR;64;131.45000000;1395;EXCHANGE_LAST;;1;1;XEUR;10804524;688;
05.11.2024;11:03:51.667;FGBL SI 20241206 PS;SIMPLE_INSTRUMENT;EFP_FIN;EUR;65;131.39000000;84;EXCHANGE_LAST;;1;1;XEUR;10804524;688;
05.11.2024;11:13:43.172;FGBL SI 20241206 PS;SIMPLE_INSTRUMENT;EFP_FIN;EUR;66;131.41000000;439;EXCHANGE_LAST;;1;1;XEUR;10804524;688;
05.11.2024;11:13:53.168;FGBL SI 20241206 PS;SIMPLE_INSTRUMENT;EFS;EUR;67;131.35000000;432;EXCHANGE_LAST;;1;1;XEUR;10804524;688;
05.11.2024;11:13:56.735;FGBL SI 20241206 PS;SIMPLE_INSTRUMENT;EFS;EUR;68;131.34000000;292;EXCHANGE_LAST;;1;1;XEUR;10804524;688;
05.11.2024;11:15:01.425;FGBL SI 20241206 PS;SIMPLE_INSTRUMENT;EFS;EUR;69;131.34000000;216;EXCHANGE_LAST;;1;1;XEUR;10804524;688;
05.11.2024;11:16:03.772;FGBL SI 20241206 PS;SIMPLE_INSTRUMENT;EFS;EUR;70;131.36000000;433;EXCHANGE_LAST;;1;1;XEUR;10804524;688;
05.11.2024;11:25:09.688;FGBL SI 20241206 PS;SIMPLE_INSTRUMENT;EFP_FIN;EUR;71;131.48000000;199;EXCHANGE_LAST;;1;1;XEUR;10804524;688;
05.11.2024;11:22:01.684;FGBL SI 20241206 PS;SIMPLE_INSTRUMENT;EFS;EUR;72;131.39000000;492;EXCHANGE_LAST;;1;1;XEUR;10804524;688;
05.11.2024;11:26:45.336;FGBL SI 20241206 PS;SIMPLE_INSTRUMENT;EFS;EUR;73;131.37000000;433;EXCHANGE_LAST;;1;1;XEUR;10804524;688;
05.11.2024;11:27:55.384;FGBL SI 20241206 PS;SIMPLE_INSTRUMENT;EFS;EUR;74;131.37000000;433;EXCHANGE_LAST;;1;1;XEUR;10804524;688;
05.11.2024;11:44:17.030;FGBL SI 20241206 PS;SIMPLE_INSTRUMENT;EFP_FIN;EUR;75;131.34000000;170;EXCHANGE_LAST;;1;1;XEUR;10804524;688;
05.11.2024;11:45:23.536;FGBL SI 20241206 PS;SIMPLE_INSTRUMENT;EFS;EUR;77;131.35000000;433;EXCHANGE_LAST;;1;1;XEUR;10804524;688;
05.11.2024;11:49:32.227;FGBL SI 20241206 PS;SIMPLE_INSTRUMENT;EFS;EUR;78;131.34000000;315;EXCHANGE_LAST;;1;1;XEUR;10804524;688;
05.11.2024;11:53:48.747;FGBL SI 20241206 PS;SIMPLE_INSTRUMENT;EFP_FIN;EUR;79;131.33000000;420;EXCHANGE_LAST;;1;1;XEUR;10804524;688;
05.11.2024;11:55:47.655;FGBL SI 20241206 PS;SIMPLE_INSTRUMENT;EFP_FIN;EUR;80;131.33000000;336;EXCHANGE_LAST;;1;1;XEUR;10804524;688;
05.11.2024;12:10:49.670;FGBL SI 20241206 PS;SIMPLE_INSTRUMENT;EFP_FIN;EUR;81;131.34000000;232;EXCHANGE_LAST;;1;1;XEUR;10804524;688;
05.11.2024;12:00:10.200;FGBL SI 20241206 PS;SIMPLE_INSTRUMENT;EFP_FIN;EUR;82;131.34000000;194;EXCHANGE_LAST;;1;1;XEUR;10804524;688;
05.11.2024;12:10:40.925;FGBL SI 20241206 PS;SIMPLE_INSTRUMENT;EFP_FIN;EUR;83;131.34000000;193;EXCHANGE_LAST;;1;1;XEUR;10804524;688;
05.11.2024;12:04:47.306;FGBL SI 20241206 PS;SIMPLE_INSTRUMENT;EFS;EUR;84;131.33000000;217;EXCHANGE_LAST;;1;1;XEUR;10804524;688;
05.11.2024;12:09:54.684;FGBL SI 20241206 PS;SIMPLE_INSTRUMENT;EFS;EUR;85;131.45000000;987;EXCHANGE_LAST;;1;1;XEUR;10804524;688;
05.11.2024;12:13:26.825;FGBL SI 20241206 PS;SIMPLE_INSTRUMENT;EFP_FIN;EUR;86;131.35000000;412;EXCHANGE_LAST;;1;1;XEUR;10804524;688;
05.11.2024;12:22:40.851;FGBL SI 20241206 PS;SIMPLE_INSTRUMENT;EFP_FIN;EUR;87;131.39000000;279;EXCHANGE_LAST;;1;1;XEUR;10804524;688;
05.11.2024;12:23:41.890;FGBL SI 20241206 PS;SIMPLE_INSTRUMENT;EFP_FIN;EUR;88;131.37000000;299;EXCHANGE_LAST;;1;1;XEUR;10804524;688;
05.11.2024;12:28:25.928;FGBL SI 20241206 PS;SIMPLE_INSTRUMENT;EFP_FIN;EUR;89;131.34000000;194;EXCHANGE_LAST;;1;1;XEUR;10804524;688;
05.11.2024;12:32:35.645;FGBL SI 20241206 PS;SIMPLE_INSTRUMENT;EFS;EUR;90;131.36000000;655;EXCHANGE_LAST;;1;1;XEUR;10804524;688;
05.11.2024;12:34:15.688;FGBL SI 20241206 PS;SIMPLE_INSTRUMENT;EFS;EUR;91;131.35000000;432;EXCHANGE_LAST;;1;1;XEUR;10804524;688;
05.11.2024;12:39:17.574;FGBL SI 20241206 PS;SIMPLE_INSTRUMENT;EFP_FIN;EUR;92;131.34000000;388;EXCHANGE_LAST;;1;1;XEUR;10804524;688;
05.11.2024;12:39:17.574;FGBL SI 20241206 PS;SIMPLE_INSTRUMENT;EFP_FIN;EUR;93;131.34000000;388;EXCHANGE_LAST;;1;1;XEUR;10804524;688;
05.11.2024;12:46:52.423;FGBL SI 20241206 PS;SIMPLE_INSTRUMENT;EFS;EUR;94;131.37000000;433;EXCHANGE_LAST;;1;1;XEUR;10804524;688;
05.11.2024;12:47:10.946;FGBL SI 20241206 PS;SIMPLE_INSTRUMENT;EFP_FIN;EUR;95;131.34000000;581;EXCHANGE_LAST;;1;1;XEUR;10804524;688;
05.11.2024;12:56:26.537;FGBL SI 20241206 PS;SIMPLE_INSTRUMENT;EFS;EUR;96;131.33000000;303;EXCHANGE_LAST;;1;1;XEUR;10804524;688;
05.11.2024;13:07:02.074;FGBL SI 20241206 PS;SIMPLE_INSTRUMENT;EFP_FIN;EUR;97;131.31000000;775;EXCHANGE_LAST;;1;1;XEUR;10804524;688;
05.11.2024;13:09:40.344;FGBL SI 20241206 PS;SIMPLE_INSTRUMENT;EFS;EUR;98;131.36000000;907;EXCHANGE_LAST;;1;1;XEUR;10804524;688;
05.11.2024;13:18:00.094;FGBL SI 20241206 PS;SIMPLE_INSTRUMENT;EFS;EUR;99;131.36000000;592;EXCHANGE_LAST;;1;1;XEUR;10804524;688;
05.11.2024;13:20:19.106;FGBL SI 20241206 PS;SIMPLE_INSTRUMENT;EFP_FIN;EUR;100;131.34000000;264;EXCHANGE_LAST;;1;1;XEUR;10804524;688;
05.11.2024;13:20:12.902;FGBL SI 20241206 PS;SIMPLE_INSTRUMENT;EFP_FIN;EUR;101;131.34000000;204;EXCHANGE_LAST;;1;1;XEUR;10804524;688;
05.11.2024;13:33:37.792;FGBL SI 20241206 PS;SIMPLE_INSTRUMENT;EFP_FIN;EUR;102;131.36000000;899;EXCHANGE_LAST;;1;1;XEUR;10804524;688;
05.11.2024;13:51:16.309;FGBL SI 20241206 PS;SIMPLE_INSTRUMENT;EFS;EUR;103;131.42000000;302;EXCHANGE_LAST;;1;1;XEUR;10804524;688;
05.11.2024;13:51:38.867;FGBL SI 20241206 PS;SIMPLE_INSTRUMENT;EFS;EUR;104;131.42000000;302;EXCHANGE_LAST;;1;1;XEUR;10804524;688;
05.11.2024;13:54:41.889;FGBL SI 20241206 PS;SIMPLE_INSTRUMENT;EFS;EUR;105;131.36000000;227;EXCHANGE_LAST;;1;1;XEUR;10804524;688;
05.11.2024;13:56:09.903;FGBL SI 20241206 PS;SIMPLE_INSTRUMENT;EFS;EUR;106;131.46000000;432;EXCHANGE_LAST;;1;1;XEUR;10804524;688;
05.11.2024;13:57:27.890;FGBL SI 20241206 PS;SIMPLE_INSTRUMENT;EFS;EUR;107;131.33000000;512;EXCHANGE_LAST;;1;1;XEUR;10804524;688;
05.11.2024;14:00:54.229;FGBL SI 20241206 PS;SIMPLE_INSTRUMENT;EFS;EUR;108;131.47000000;490;EXCHANGE_LAST;;1;1;XEUR;10804524;688;
05.11.2024;14:07:47.974;FGBL SI 20241206 PS;SIMPLE_INSTRUMENT;EFS;EUR;110;131.46000000;458;EXCHANGE_LAST;;1;1;XEUR;10804524;688;
05.11.2024;14:13:36.723;FGBL SI 20241206 PS;SIMPLE_INSTRUMENT;EFS;EUR;111;131.42000000;173;EXCHANGE_LAST;;1;1;XEUR;10804524;688;
05.11.2024;14:16:20.074;FGBL SI 20241206 PS;SIMPLE_INSTRUMENT;EFP_FIN;EUR;112;131.45000000;123;EXCHANGE_LAST;;1;1;XEUR;10804524;688;
05.11.2024;14:19:20.384;FGBL SI 20241206 PS;SIMPLE_INSTRUMENT;EFS;EUR;113;131.54000000;985;EXCHANGE_LAST;;1;1;XEUR;10804524;688;
05.11.2024;14:16:56.252;FGBL SI 20241206 PS;SIMPLE_INSTRUMENT;EFS;EUR;114;131.54000000;260;EXCHANGE_LAST;;1;1;XEUR;10804524;688;
05.11.2024;14:17:52.782;FGBL SI 20241206 PS;SIMPLE_INSTRUMENT;EFS;EUR;115;131.55000000;432;EXCHANGE_LAST;;1;1;XEUR;10804524;688;
05.11.2024;14:19:40.973;FGBL SI 20241206 PS;SIMPLE_INSTRUMENT;EFS;EUR;116;131.50000000;91;EXCHANGE_LAST;;1;1;XEUR;10804524;688;
05.11.2024;14:23:06.810;FGBL SI 20241206 PS;SIMPLE_INSTRUMENT;EFS;EUR;117;131.47000000;216;EXCHANGE_LAST;;1;1;XEUR;10804524;688;
05.11.2024;14:22:26.575;FGBL SI 20241206 PS;SIMPLE_INSTRUMENT;EFS;EUR;118;131.54000000;216;EXCHANGE_LAST;;1;1;XEUR;10804524;688;
05.11.2024;14:29:56.452;FGBL SI 20241206 PS;SIMPLE_INSTRUMENT;EFS;EUR;119;131.53000000;135;EXCHANGE_LAST;;1;1;XEUR;10804524;688;
05.11.2024;14:31:13.308;FGBL SI 20241206 PS;SIMPLE_INSTRUMENT;EFS;EUR;120;131.53000000;458;EXCHANGE_LAST;;1;1;XEUR;10804524;688;
05.11.2024;14:53:02.112;FGBL SI 20241206 PS;SIMPLE_INSTRUMENT;EFS;EUR;121;131.64000000;451;EXCHANGE_LAST;;1;1;XEUR;10804524;688;
05.11.2024;14:54:09.991;FGBL SI 20241206 PS;SIMPLE_INSTRUMENT;EFS;EUR;122;131.57000000;985;EXCHANGE_LAST;;1;1;XEUR;10804524;688;
05.11.2024;14:55:37.198;FGBL SI 20241206 PS;SIMPLE_INSTRUMENT;EFP_FIN;EUR;123;131.62000000;727;EXCHANGE_LAST;;1;1;XEUR;10804524;688;
05.11.2024;14:55:56.993;FGBL SI 20241206 PS;SIMPLE_INSTRUMENT;EFS;EUR;124;131.61000000;80;EXCHANGE_LAST;;1;1;XEUR;10804524;688;
05.11.2024;14:56:28.985;FGBL SI 20241206 PS;SIMPLE_INSTRUMENT;EFP_FIN;EUR;125;131.62000000;798;EXCHANGE_LAST;;1;1;XEUR;10804524;688;
05.11.2024;15:03:07.926;FGBL SI 20241206 PS;SIMPLE_INSTRUMENT;EFS;EUR;126;131.62000000;452;EXCHANGE_LAST;;1;1;XEUR;10804524;688;
05.11.2024;15:07:15.256;FGBL SI 20241206 PS;SIMPLE_INSTRUMENT;EFS;EUR;127;131.46000000;432;EXCHANGE_LAST;;1;1;XEUR;10804524;688;
05.11.2024;15:14:15.585;FGBL SI 20241206 PS;SIMPLE_INSTRUMENT;EFS;EUR;128;131.43000000;200;EXCHANGE_LAST;;1;1;XEUR;10804524;688;
05.11.2024;15:14:26.051;FGBL SI 20241206 PS;SIMPLE_INSTRUMENT;EFS;EUR;129;131.44000000;906;EXCHANGE_LAST;;1;1;XEUR;10804524;688;
05.11.2024;15:23:00.116;FGBL SI 20241206 PS;SIMPLE_INSTRUMENT;EFS;EUR;130;131.52000000;678;EXCHANGE_LAST;;1;1;XEUR;10804524;688;
05.11.2024;15:25:14.165;FGBL SI 20241206 PS;SIMPLE_INSTRUMENT;EFS;EUR;131;131.64000000;682;EXCHANGE_LAST;;1;1;XEUR;10804524;688;
05.11.2024;15:26:05.004;FGBL SI 20241206 PS;SIMPLE_INSTRUMENT;EFS;EUR;132;131.45000000;247;EXCHANGE_LAST;;1;1;XEUR;10804524;688;
05.11.2024;15:27:24.134;FGBL SI 20241206 PS;SIMPLE_INSTRUMENT;EFP_FIN;EUR;133;131.47000000;387;EXCHANGE_LAST;;1;1;XEUR;10804524;688;
05.11.2024;15:32:32.968;FGBL SI 20241206 PS;SIMPLE_INSTRUMENT;EFS;EUR;134;131.47000000;197;EXCHANGE_LAST;;1;1;XEUR;10804524;688;
05.11.2024;15:33:21.070;FGBL SI 20241206 PS;SIMPLE_INSTRUMENT;EFS;EUR;135;131.42000000;180;EXCHANGE_LAST;;1;1;XEUR;10804524;688;
05.11.2024;15:34:59.177;FGBL SI 20241206 PS;SIMPLE_INSTRUMENT;EFS;EUR;136;131.43000000;432;EXCHANGE_LAST;;1;1;XEUR;10804524;688;
05.11.2024;15:35:14.162;FGBL SI 20241206 PS;SIMPLE_INSTRUMENT;EFS;EUR;137;131.48000000;739;EXCHANGE_LAST;;1;1;XEUR;10804524;688;
05.11.2024;15:35:36.931;FGBL SI 20241206 PS;SIMPLE_INSTRUMENT;EFS;EUR;138;131.49000000;216;EXCHANGE_LAST;;1;1;XEUR;10804524;688;
05.11.2024;15:36:16.075;FGBL SI 20241206 PS;SIMPLE_INSTRUMENT;EFS;EUR;139;131.43000000;432;EXCHANGE_LAST;;1;1;XEUR;10804524;688;
05.11.2024;15:37:43.068;FGBL SI 20241206 PS;SIMPLE_INSTRUMENT;EFS;EUR;140;131.50000000;432;EXCHANGE_LAST;;1;1;XEUR;10804524;688;
05.11.2024;15:39:14.749;FGBL SI 20241206 PS;SIMPLE_INSTRUMENT;EFS;EUR;141;131.43000000;740;EXCHANGE_LAST;;1;1;XEUR;10804524;688;
05.11.2024;15:40:45.472;FGBL SI 20241206 PS;SIMPLE_INSTRUMENT;EFS;EUR;142;131.45000000;414;EXCHANGE_LAST;;1;1;XEUR;10804524;688;
05.11.2024;15:54:30.219;FGBL SI 20241206 PS;SIMPLE_INSTRUMENT;EFS;EUR;143;131.48000000;173;EXCHANGE_LAST;;1;1;XEUR;10804524;688;
05.11.2024;15:58:53.562;FGBL SI 20241206 PS;SIMPLE_INSTRUMENT;EFS;EUR;144;131.57000000;216;EXCHANGE_LAST;;1;1;XEUR;10804524;688;
05.11.2024;16:02:05.544;FGBL SI 20241206 PS;SIMPLE_INSTRUMENT;EFP_FIN;EUR;145;131.44000000;808;EXCHANGE_LAST;;1;1;XEUR;10804524;688;
05.11.2024;16:05:26.885;FGBL SI 20241206 PS;SIMPLE_INSTRUMENT;EFP_FIN;EUR;146;131.56000000;296;EXCHANGE_LAST;;1;1;XEUR;10804524;688;
05.11.2024;16:11:16.586;FGBL SI 20241206 PS;SIMPLE_INSTRUMENT;EFS;EUR;147;131.48000000;492;EXCHANGE_LAST;;1;1;XEUR;10804524;688;
05.11.2024;16:14:41.221;FGBL SI 20241206 PS;SIMPLE_INSTRUMENT;EFS;EUR;148;131.45000000;865;EXCHANGE_LAST;;1;1;XEUR;10804524;688;
05.11.2024;16:17:20.903;FGBL SI 20241206 PS;SIMPLE_INSTRUMENT;EFS;EUR;149;131.48000000;493;EXCHANGE_LAST;;1;1;XEUR;10804524;688;
05.11.2024;16:21:37.821;FGBL SI 20241206 PS;SIMPLE_INSTRUMENT;EFS;EUR;150;131.52000000;416;EXCHANGE_LAST;;1;1;XEUR;10804524;688;
05.11.2024;16:24:00.818;FGBL SI 20241206 PS;SIMPLE_INSTRUMENT;EFS;EUR;151;131.39000000;181;EXCHANGE_LAST;;1;1;XEUR;10804524;688;
05.11.2024;16:24:57.290;FGBL SI 20241206 PS;SIMPLE_INSTRUMENT;EFS;EUR;152;131.39000000;250;EXCHANGE_LAST;;1;1;XEUR;10804524;688;
05.11.2024;16:35:00.839;FGBL SI 20241206 PS;SIMPLE_INSTRUMENT;EFS;EUR;153;131.36000000;246;EXCHANGE_LAST;;1;1;XEUR;10804524;688;
05.11.2024;16:39:18.261;FGBL SI 20241206 PS;SIMPLE_INSTRUMENT;EFS;EUR;154;131.39000000;433;EXCHANGE_LAST;;1;1;XEUR;10804524;688;
05.11.2024;16:39:47.766;FGBL SI 20241206 PS;SIMPLE_INSTRUMENT;EFS;EUR;155;131.39000000;433;EXCHANGE_LAST;;1;1;XEUR;10804524;688;
05.11.2024;16:46:16.804;FGBL SI 20241206 PS;SIMPLE_INSTRUMENT;EFS;EUR;157;131.36000000;2000;EXCHANGE_LAST;;1;1;XEUR;10804524;688;
05.11.2024;16:49:12.463;FGBL SI 20241206 PS;SIMPLE_INSTRUMENT;BLOCK;EUR;158;131.38000000;3000;EXCHANGE_LAST;;1;1;XEUR;10804524;688;
05.11.2024;16:50:31.331;FGBL SI 20241206 PS;SIMPLE_INSTRUMENT;EFS;EUR;159;131.39000000;86;EXCHANGE_LAST;;1;1;XEUR;10804524;688;
05.11.2024;16:51:14.202;FGBL SI 20241206 PS;SIMPLE_INSTRUMENT;EFS;EUR;160;131.37000000;86;EXCHANGE_LAST;;1;1;XEUR;10804524;688;
05.11.2024;16:59:48.892;FGBL SI 20241206 PS;SIMPLE_INSTRUMENT;EFS;EUR;161;131.37000000;216;EXCHANGE_LAST;;1;1;XEUR;10804524;688;
05.11.2024;17:06:11.929;FGBL SI 20241206 PS;SIMPLE_INSTRUMENT;EFS;EUR;162;131.40000000;199;EXCHANGE_LAST;;1;1;XEUR;10804524;688;
05.11.2024;17:36:50.121;FGBL SI 20241206 PS;SIMPLE_INSTRUMENT;EFS;EUR;163;131.41000000;303;EXCHANGE_LAST;;1;1;XEUR;10804524;688;
05.11.2024;17:51:04.975;FGBL SI 20241206 PS;SIMPLE_INSTRUMENT;EFS;EUR;164;131.51000000;227;EXCHANGE_LAST;;1;1;XEUR;10804524;688;
05.11.2024;08:17:20.880;FGBL SI 20241206 PS;SIMPLE_INSTRUMENT;VOLA;EUR;268435463;131.48000000;210;EXCHANGE_LAST;;1;1;XEUR;10804524;688;
05.11.2024;11:12:57.449;FGBL SI 20241206 PS;SIMPLE_INSTRUMENT;VOLA;EUR;268435488;131.44000000;105;EXCHANGE_LAST;;1;1;XEUR;10804524;688;
05.11.2024;11:54:41.786;FGBL SI 20241206 PS;SIMPLE_INSTRUMENT;VOLA;EUR;268435503;131.38000000;160;EXCHANGE_LAST;;1;1;XEUR;10804524;688;
05.11.2024;12:37:25.024;FGBL SI 20241206 PS;SIMPLE_INSTRUMENT;VOLA;EUR;268435517;131.36000000;100;EXCHANGE_LAST;;1;1;XEUR;10804524;688;
05.11.2024;12:37:37.024;FGBL SI 20241206 PS;SIMPLE_INSTRUMENT;VOLA;EUR;268435518;131.36000000;20;EXCHANGE_LAST;;1;1;XEUR;10804524;688;
05.11.2024;12:47:32.152;FGBL SI 20241206 PS;SIMPLE_INSTRUMENT;VOLA;EUR;268435523;131.33000000;85;EXCHANGE_LAST;;1;1;XEUR;10804524;688;
05.11.2024;13:28:14.041;FGBL SI 20241206 PS;SIMPLE_INSTRUMENT;VOLA;EUR;268435527;131.30000000;56;EXCHANGE_LAST;;1;1;XEUR;10804524;688;
05.11.2024;13:28:48.046;FGBL SI 20241206 PS;SIMPLE_INSTRUMENT;VOLA;EUR;268435529;131.30000000;57;EXCHANGE_LAST;;1;1;XEUR;10804524;688;
05.11.2024;17:01:22.372;FGBL SI 20241206 PS;SIMPLE_INSTRUMENT;VOLA;EUR;268435568;131.35000000;17;EXCHANGE_LAST;;1;1;XEUR;10804524;688;
05.11.2024;08:00:28.216;FGBM SI 20241206 PS;SIMPLE_INSTRUMENT;EFS;EUR;1;118.10000000;431;EXCHANGE_LAST;;1;1;XEUR;10804525;689;
05.11.2024;08:44:11.501;FGBM SI 20241206 PS;SIMPLE_INSTRUMENT;EFS;EUR;2;118.01000000;188;EXCHANGE_LAST;;1;1;XEUR;10804525;689;
05.11.2024;08:53:53.851;FGBM SI 20241206 PS;SIMPLE_INSTRUMENT;EFS;EUR;3;118.03000000;431;EXCHANGE_LAST;;1;1;XEUR;10804525;689;
05.11.2024;08:56:52.499;FGBM SI 20241206 PS;SIMPLE_INSTRUMENT;EFP_FIN;EUR;4;118.03000000;543;EXCHANGE_LAST;;1;1;XEUR;10804525;689;
05.11.2024;09:08:35.331;FGBM SI 20241206 PS;SIMPLE_INSTRUMENT;EFS;EUR;5;118.04000000;814;EXCHANGE_LAST;;1;1;XEUR;10804525;689;
05.11.2024;09:11:51.926;FGBM SI 20241206 PS;SIMPLE_INSTRUMENT;EFS;EUR;6;118.21000000;1032;EXCHANGE_LAST;;1;1;XEUR;10804525;689;
05.11.2024;09:16:26.952;FGBM SI 20241206 PS;SIMPLE_INSTRUMENT;EFP_FIN;EUR;7;118.03000000;105;EXCHANGE_LAST;;1;1;XEUR;10804525;689;
05.11.2024;09:17:04.050;FGBM SI 20241206 PS;SIMPLE_INSTRUMENT;EFS;EUR;8;118.06000000;1699;EXCHANGE_LAST;;1;1;XEUR;10804525;689;
05.11.2024;09:20:41.607;FGBM SI 20241206 PS;SIMPLE_INSTRUMENT;EFS;EUR;9;118.01000000;188;EXCHANGE_LAST;;1;1;XEUR;10804525;689;
05.11.2024;09:26:52.951;FGBM SI 20241206 PS;SIMPLE_INSTRUMENT;EFP_FIN;EUR;10;118.09000000;443;EXCHANGE_LAST;;1;1;XEUR;10804525;689;
05.11.2024;09:37:00.657;FGBM SI 20241206 PS;SIMPLE_INSTRUMENT;EFP_FIN;EUR;11;118.05000000;962;EXCHANGE_LAST;;1;1;XEUR;10804525;689;
05.11.2024;09:55:27.710;FGBM SI 20241206 PS;SIMPLE_INSTRUMENT;EFS;EUR;12;118.10000000;430;EXCHANGE_LAST;;1;1;XEUR;10804525;689;
05.11.2024;10:02:24.942;FGBM SI 20241206 PS;SIMPLE_INSTRUMENT;EFS;EUR;13;118.09000000;1405;EXCHANGE_LAST;;1;1;XEUR;10804525;689;
05.11.2024;10:06:21.535;FGBM SI 20241206 PS;SIMPLE_INSTRUMENT;EFS;EUR;14;118.09000000;257;EXCHANGE_LAST;;1;1;XEUR;10804525;689;
05.11.2024;10:10:46.586;FGBM SI 20241206 PS;SIMPLE_INSTRUMENT;EFS;EUR;15;118.03000000;431;EXCHANGE_LAST;;1;1;XEUR;10804525;689;
05.11.2024;10:14:14.079;FGBM SI 20241206 PS;SIMPLE_INSTRUMENT;EFS;EUR;16;118.09000000;1311;EXCHANGE_LAST;;1;1;XEUR;10804525;689;
05.11.2024;10:15:41.868;FGBM SI 20241206 PS;SIMPLE_INSTRUMENT;EFS;EUR;17;118.09000000;469;EXCHANGE_LAST;;1;1;XEUR;10804525;689;
05.11.2024;10:17:21.609;FGBM SI 20241206 PS;SIMPLE_INSTRUMENT;EFS;EUR;18;118.03000000;375;EXCHANGE_LAST;;1;1;XEUR;10804525;689;
05.11.2024;10:18:18.321;FGBM SI 20241206 PS;SIMPLE_INSTRUMENT;EFS;EUR;19;118.04000000;431;EXCHANGE_LAST;;1;1;XEUR;10804525;689;
05.11.2024;10:19:38.401;FGBM SI 20241206 PS;SIMPLE_INSTRUMENT;EFS;EUR;20;118.04000000;863;EXCHANGE_LAST;;1;1;XEUR;10804525;689;
05.11.2024;10:24:32.089;FGBM SI 20241206 PS;SIMPLE_INSTRUMENT;EFP_FIN;EUR;21;118.08000000;209;EXCHANGE_LAST;;1;1;XEUR;10804525;689;
05.11.2024;10:25:14.196;FGBM SI 20241206 PS;SIMPLE_INSTRUMENT;EFS;EUR;22;118.11000000;936;EXCHANGE_LAST;;1;1;XEUR;10804525;689;
05.11.2024;10:37:39.141;FGBM SI 20241206 PS;SIMPLE_INSTRUMENT;EFS;EUR;23;118.01000000;475;EXCHANGE_LAST;;1;1;XEUR;10804525;689;
05.11.2024;10:39:55.252;FGBM SI 20241206 PS;SIMPLE_INSTRUMENT;EFS;EUR;24;118.05000000;863;EXCHANGE_LAST;;1;1;XEUR;10804525;689;
05.11.2024;10:46:54.398;FGBM SI 20241206 PS;SIMPLE_INSTRUMENT;EFS;EUR;25;118.04000000;1405;EXCHANGE_LAST;;1;1;XEUR;10804525;689;
05.11.2024;10:58:25.152;FGBM SI 20241206 PS;SIMPLE_INSTRUMENT;EFS;EUR;26;118.05000000;431;EXCHANGE_LAST;;1;1;XEUR;10804525;689;
05.11.2024;11:01:34.431;FGBM SI 20241206 PS;SIMPLE_INSTRUMENT;EFS;EUR;27;118.02000000;431;EXCHANGE_LAST;;1;1;XEUR;10804525;689;
05.11.2024;11:02:23.106;FGBM SI 20241206 PS;SIMPLE_INSTRUMENT;EFS;EUR;28;118.03000000;431;EXCHANGE_LAST;;1;1;XEUR;10804525;689;
05.11.2024;11:03:28.432;FGBM SI 20241206 PS;SIMPLE_INSTRUMENT;EFP_FIN;EUR;29;118.03000000;209;EXCHANGE_LAST;;1;1;XEUR;10804525;689;
05.11.2024;11:16:17.200;FGBM SI 20241206 PS;SIMPLE_INSTRUMENT;EFP_FIN;EUR;30;118.09000000;361;EXCHANGE_LAST;;1;1;XEUR;10804525;689;
05.11.2024;11:43:00.315;FGBM SI 20241206 PS;SIMPLE_INSTRUMENT;EFP_FIN;EUR;31;118.02000000;514;EXCHANGE_LAST;;1;1;XEUR;10804525;689;
05.11.2024;11:43:28.554;FGBM SI 20241206 PS;SIMPLE_INSTRUMENT;EFP_FIN;EUR;32;118.02000000;257;EXCHANGE_LAST;;1;1;XEUR;10804525;689;
05.11.2024;11:43:36.213;FGBM SI 20241206 PS;SIMPLE_INSTRUMENT;EFS;EUR;33;118.02000000;860;EXCHANGE_LAST;;1;1;XEUR;10804525;689;
05.11.2024;11:47:10.373;FGBM SI 20241206 PS;SIMPLE_INSTRUMENT;EFP_FIN;EUR;34;118.02000000;1713;EXCHANGE_LAST;;1;1;XEUR;10804525;689;
05.11.2024;11:50:53.962;FGBM SI 20241206 PS;SIMPLE_INSTRUMENT;EFS;EUR;35;118.01000000;258;EXCHANGE_LAST;;1;1;XEUR;10804525;689;
05.11.2024;12:09:10.010;FGBM SI 20241206 PS;SIMPLE_INSTRUMENT;EFP_FIN;EUR;36;118.00000000;156;EXCHANGE_LAST;;1;1;XEUR;10804525;689;
05.11.2024;12:13:57.644;FGBM SI 20241206 PS;SIMPLE_INSTRUMENT;EFP_FIN;EUR;37;118.02000000;525;EXCHANGE_LAST;;1;1;XEUR;10804525;689;
05.11.2024;12:29:53.144;FGBM SI 20241206 PS;SIMPLE_INSTRUMENT;EFP_FIN;EUR;38;118.01000000;630;EXCHANGE_LAST;;1;1;XEUR;10804525;689;
05.11.2024;12:35:06.184;FGBM SI 20241206 PS;SIMPLE_INSTRUMENT;EFS;EUR;39;118.03000000;431;EXCHANGE_LAST;;1;1;XEUR;10804525;689;
05.11.2024;13:08:17.421;FGBM SI 20241206 PS;SIMPLE_INSTRUMENT;EFS;EUR;40;118.02000000;1499;EXCHANGE_LAST;;1;1;XEUR;10804525;689;
05.11.2024;13:13:23.607;FGBM SI 20241206 PS;SIMPLE_INSTRUMENT;EFS;EUR;41;117.99000000;647;EXCHANGE_LAST;;1;1;XEUR;10804525;689;
05.11.2024;13:15:52.100;FGBM SI 20241206 PS;SIMPLE_INSTRUMENT;EFS;EUR;42;118.02000000;500;EXCHANGE_LAST;;1;1;XEUR;10804525;689;
05.11.2024;13:17:36.425;FGBM SI 20241206 PS;SIMPLE_INSTRUMENT;EFS;EUR;43;117.98000000;768;EXCHANGE_LAST;;1;1;XEUR;10804525;689;
05.11.2024;13:23:42.202;FGBM SI 20241206 PS;SIMPLE_INSTRUMENT;EFP_FIN;EUR;44;117.98000000;428;EXCHANGE_LAST;;1;1;XEUR;10804525;689;
05.11.2024;13:25:03.797;FGBM SI 20241206 PS;SIMPLE_INSTRUMENT;EFS;EUR;45;117.98000000;862;EXCHANGE_LAST;;1;1;XEUR;10804525;689;
05.11.2024;13:26:00.821;FGBM SI 20241206 PS;SIMPLE_INSTRUMENT;EFS;EUR;46;117.98000000;300;EXCHANGE_LAST;;1;1;XEUR;10804525;689;
05.11.2024;13:30:42.756;FGBM SI 20241206 PS;SIMPLE_INSTRUMENT;EFS;EUR;47;118.01000000;431;EXCHANGE_LAST;;1;1;XEUR;10804525;689;
05.11.2024;13:45:19.741;FGBM SI 20241206 PS;SIMPLE_INSTRUMENT;EFS;EUR;48;118.05000000;1289;EXCHANGE_LAST;;1;1;XEUR;10804525;689;
05.11.2024;14:06:48.806;FGBM SI 20241206 PS;SIMPLE_INSTRUMENT;EFS;EUR;49;118.08000000;861;EXCHANGE_LAST;;1;1;XEUR;10804525;689;
05.11.2024;14:13:32.862;FGBM SI 20241206 PS;SIMPLE_INSTRUMENT;EFP_FIN;EUR;50;118.06000000;150;EXCHANGE_LAST;;1;1;XEUR;10804525;689;
05.11.2024;14:13:47.567;FGBM SI 20241206 PS;SIMPLE_INSTRUMENT;EFP_FIN;EUR;51;118.06000000;295;EXCHANGE_LAST;;1;1;XEUR;10804525;689;
05.11.2024;14:24:34.989;FGBM SI 20241206 PS;SIMPLE_INSTRUMENT;EFS;EUR;52;118.07000000;1295;EXCHANGE_LAST;;1;1;XEUR;10804525;689;
05.11.2024;14:28:27.364;FGBM SI 20241206 PS;SIMPLE_INSTRUMENT;EFP_FIN;EUR;53;118.08000000;257;EXCHANGE_LAST;;1;1;XEUR;10804525;689;
05.11.2024;14:29:20.247;FGBM SI 20241206 PS;SIMPLE_INSTRUMENT;EFS;EUR;54;118.11000000;861;EXCHANGE_LAST;;1;1;XEUR;10804525;689;
05.11.2024;14:30:17.474;FGBM SI 20241206 PS;SIMPLE_INSTRUMENT;EFS;EUR;55;118.12000000;861;EXCHANGE_LAST;;1;1;XEUR;10804525;689;
05.11.2024;14:37:50.544;FGBM SI 20241206 PS;SIMPLE_INSTRUMENT;EFS;EUR;56;118.07000000;400;EXCHANGE_LAST;;1;1;XEUR;10804525;689;
05.11.2024;14:39:32.956;FGBM SI 20241206 PS;SIMPLE_INSTRUMENT;EFS;EUR;57;118.12000000;468;EXCHANGE_LAST;;1;1;XEUR;10804525;689;
05.11.2024;14:42:08.996;FGBM SI 20241206 PS;SIMPLE_INSTRUMENT;EFP_FIN;EUR;58;118.06000000;153;EXCHANGE_LAST;;1;1;XEUR;10804525;689;
05.11.2024;14:51:10.477;FGBM SI 20241206 PS;SIMPLE_INSTRUMENT;EFS;EUR;59;118.14000000;468;EXCHANGE_LAST;;1;1;XEUR;10804525;689;
05.11.2024;14:53:53.033;FGBM SI 20241206 PS;SIMPLE_INSTRUMENT;EFS;EUR;60;118.12000000;468;EXCHANGE_LAST;;1;1;XEUR;10804525;689;
05.11.2024;15:05:54.481;FGBM SI 20241206 PS;SIMPLE_INSTRUMENT;EFS;EUR;61;118.14000000;431;EXCHANGE_LAST;;1;1;XEUR;10804525;689;
05.11.2024;15:04:14.425;FGBM SI 20241206 PS;SIMPLE_INSTRUMENT;EFS;EUR;62;118.12000000;861;EXCHANGE_LAST;;1;1;XEUR;10804525;689;
05.11.2024;15:04:44.067;FGBM SI 20241206 PS;SIMPLE_INSTRUMENT;EFP_FIN;EUR;63;118.08000000;239;EXCHANGE_LAST;;1;1;XEUR;10804525;689;
05.11.2024;15:13:01.444;FGBM SI 20241206 PS;SIMPLE_INSTRUMENT;EFS;EUR;64;118.04000000;500;EXCHANGE_LAST;;1;1;XEUR;10804525;689;
05.11.2024;15:15:42.204;FGBM SI 20241206 PS;SIMPLE_INSTRUMENT;EFP_FIN;EUR;65;118.05000000;224;EXCHANGE_LAST;;1;1;XEUR;10804525;689;
05.11.2024;15:16:02.967;FGBM SI 20241206 PS;SIMPLE_INSTRUMENT;EFS;EUR;66;118.05000000;831;EXCHANGE_LAST;;1;1;XEUR;10804525;689;
05.11.2024;15:22:36.336;FGBM SI 20241206 PS;SIMPLE_INSTRUMENT;EFP_FIN;EUR;67;118.06000000;92;EXCHANGE_LAST;;1;1;XEUR;10804525;689;
05.11.2024;15:23:39.515;FGBM SI 20241206 PS;SIMPLE_INSTRUMENT;EFP_FIN;EUR;68;118.05000000;430;EXCHANGE_LAST;;1;1;XEUR;10804525;689;
05.11.2024;15:27:33.223;FGBM SI 20241206 PS;SIMPLE_INSTRUMENT;EFP_FIN;EUR;69;118.04000000;448;EXCHANGE_LAST;;1;1;XEUR;10804525;689;
05.11.2024;15:31:02.494;FGBM SI 20241206 PS;SIMPLE_INSTRUMENT;EFS;EUR;70;118.05000000;412;EXCHANGE_LAST;;1;1;XEUR;10804525;689;
05.11.2024;15:35:34.849;FGBM SI 20241206 PS;SIMPLE_INSTRUMENT;EFP_FIN;EUR;71;118.06000000;165;EXCHANGE_LAST;;1;1;XEUR;10804525;689;
05.11.2024;15:41:14.958;FGBM SI 20241206 PS;SIMPLE_INSTRUMENT;EFS;EUR;72;118.02000000;431;EXCHANGE_LAST;;1;1;XEUR;10804525;689;
05.11.2024;15:44:06.052;FGBM SI 20241206 PS;SIMPLE_INSTRUMENT;EFS;EUR;73;118.02000000;431;EXCHANGE_LAST;;1;1;XEUR;10804525;689;
05.11.2024;15:44:28.906;FGBM SI 20241206 PS;SIMPLE_INSTRUMENT;EFS;EUR;74;118.03000000;861;EXCHANGE_LAST;;1;1;XEUR;10804525;689;
05.11.2024;15:45:45.283;FGBM SI 20241206 PS;SIMPLE_INSTRUMENT;EFS;EUR;75;118.04000000;861;EXCHANGE_LAST;;1;1;XEUR;10804525;689;
05.11.2024;15:49:26.556;FGBM SI 20241206 PS;SIMPLE_INSTRUMENT;EFS;EUR;76;118.04000000;431;EXCHANGE_LAST;;1;1;XEUR;10804525;689;
05.11.2024;15:50:43.580;FGBM SI 20241206 PS;SIMPLE_INSTRUMENT;EFS;EUR;77;118.04000000;431;EXCHANGE_LAST;;1;1;XEUR;10804525;689;
05.11.2024;15:52:11.280;FGBM SI 20241206 PS;SIMPLE_INSTRUMENT;EFS;EUR;78;118.03000000;187;EXCHANGE_LAST;;1;1;XEUR;10804525;689;
05.11.2024;15:51:28.167;FGBM SI 20241206 PS;SIMPLE_INSTRUMENT;EFS;EUR;79;118.04000000;861;EXCHANGE_LAST;;1;1;XEUR;10804525;689;
05.11.2024;15:52:22.828;FGBM SI 20241206 PS;SIMPLE_INSTRUMENT;EFS;EUR;80;118.04000000;431;EXCHANGE_LAST;;1;1;XEUR;10804525;689;
05.11.2024;15:53:41.359;FGBM SI 20241206 PS;SIMPLE_INSTRUMENT;EFS;EUR;81;118.05000000;326;EXCHANGE_LAST;;1;1;XEUR;10804525;689;
05.11.2024;15:55:06.286;FGBM SI 20241206 PS;SIMPLE_INSTRUMENT;EFS;EUR;82;118.05000000;1288;EXCHANGE_LAST;;1;1;XEUR;10804525;689;
05.11.2024;15:55:24.489;FGBM SI 20241206 PS;SIMPLE_INSTRUMENT;EFS;EUR;83;118.05000000;861;EXCHANGE_LAST;;1;1;XEUR;10804525;689;
05.11.2024;15:56:19.477;FGBM SI 20241206 PS;SIMPLE_INSTRUMENT;EFS;EUR;84;118.04000000;861;EXCHANGE_LAST;;1;1;XEUR;10804525;689;
05.11.2024;15:56:56.614;FGBM SI 20241206 PS;SIMPLE_INSTRUMENT;EFS;EUR;85;118.05000000;431;EXCHANGE_LAST;;1;1;XEUR;10804525;689;
05.11.2024;16:02:03.309;FGBM SI 20241206 PS;SIMPLE_INSTRUMENT;EFP_FIN;EUR;86;118.04000000;179;EXCHANGE_LAST;;1;1;XEUR;10804525;689;
05.11.2024;16:08:40.933;FGBM SI 20241206 PS;SIMPLE_INSTRUMENT;EFS;EUR;87;118.08000000;863;EXCHANGE_LAST;;1;1;XEUR;10804525;689;
05.11.2024;16:14:41.176;FGBM SI 20241206 PS;SIMPLE_INSTRUMENT;EFS;EUR;88;118.02000000;1630;EXCHANGE_LAST;;1;1;XEUR;10804525;689;
05.11.2024;16:24:07.627;FGBM SI 20241206 PS;SIMPLE_INSTRUMENT;EFS;EUR;89;117.97000000;862;EXCHANGE_LAST;;1;1;XEUR;10804525;689;
05.11.2024;16:41:37.460;FGBM SI 20241206 PS;SIMPLE_INSTRUMENT;EFP_FIN;EUR;90;118.05000000;428;EXCHANGE_LAST;;1;1;XEUR;10804525;689;
05.11.2024;16:49:41.672;FGBM SI 20241206 PS;SIMPLE_INSTRUMENT;EFP_FIN;EUR;91;117.98000000;2800;EXCHANGE_LAST;;1;1;XEUR;10804525;689;
05.11.2024;17:00:45.597;FGBM SI 20241206 PS;SIMPLE_INSTRUMENT;EFS;EUR;92;117.98000000;345;EXCHANGE_LAST;;1;1;XEUR;10804525;689;
05.11.2024;17:33:43.861;FGBM SI 20241206 PS;SIMPLE_INSTRUMENT;EFS;EUR;93;117.98000000;570;EXCHANGE_LAST;;1;1;XEUR;10804525;689;
05.11.2024;08:16:09.287;FGBS SI 20241206 PS;SIMPLE_INSTRUMENT;EFS;EUR;1;106.52000000;2729;EXCHANGE_LAST;;1;1;XEUR;10804527;690;
05.11.2024;08:17:34.656;FGBS SI 20241206 PS;SIMPLE_INSTRUMENT;EFS;EUR;2;106.52500000;2731;EXCHANGE_LAST;;1;1;XEUR;10804527;690;
05.11.2024;08:20:03.229;FGBS SI 20241206 PS;SIMPLE_INSTRUMENT;EFS;EUR;3;106.54500000;4095;EXCHANGE_LAST;;1;1;XEUR;10804527;690;
05.11.2024;08:23:40.311;FGBS SI 20241206 PS;SIMPLE_INSTRUMENT;EFS;EUR;4;106.54500000;2730;EXCHANGE_LAST;;1;1;XEUR;10804527;690;
05.11.2024;08:35:46.512;FGBS SI 20241206 PS;SIMPLE_INSTRUMENT;EFP_FIN;EUR;5;106.53000000;649;EXCHANGE_LAST;;1;1;XEUR;10804527;690;
05.11.2024;08:46:38.867;FGBS SI 20241206 PS;SIMPLE_INSTRUMENT;EFS;EUR;6;106.52000000;10029;EXCHANGE_LAST;;1;1;XEUR;10804527;690;
05.11.2024;09:01:10.328;FGBS SI 20241206 PS;SIMPLE_INSTRUMENT;EFS;EUR;7;106.52500000;2731;EXCHANGE_LAST;;1;1;XEUR;10804527;690;
05.11.2024;09:04:54.919;FGBS SI 20241206 PS;SIMPLE_INSTRUMENT;EFS;EUR;8;106.52000000;6828;EXCHANGE_LAST;;1;1;XEUR;10804527;690;
05.11.2024;09:08:27.331;FGBS SI 20241206 PS;SIMPLE_INSTRUMENT;EFS;EUR;9;106.51500000;2374;EXCHANGE_LAST;;1;1;XEUR;10804527;690;
05.11.2024;09:08:06.425;FGBS SI 20241206 PS;SIMPLE_INSTRUMENT;EFS;EUR;10;106.53000000;2731;EXCHANGE_LAST;;1;1;XEUR;10804527;690;
05.11.2024;09:08:56.393;FGBS SI 20241206 PS;SIMPLE_INSTRUMENT;EFS;EUR;11;106.54000000;2506;EXCHANGE_LAST;;1;1;XEUR;10804527;690;
05.11.2024;09:24:30.072;FGBS SI 20241206 PS;SIMPLE_INSTRUMENT;EFS;EUR;12;106.53000000;1365;EXCHANGE_LAST;;1;1;XEUR;10804527;690;
05.11.2024;09:25:32.942;FGBS SI 20241206 PS;SIMPLE_INSTRUMENT;EFS;EUR;13;106.52000000;1200;EXCHANGE_LAST;;1;1;XEUR;10804527;690;
05.11.2024;09:38:21.413;FGBS SI 20241206 PS;SIMPLE_INSTRUMENT;EFP_FIN;EUR;14;106.54000000;495;EXCHANGE_LAST;;1;1;XEUR;10804527;690;
05.11.2024;09:33:57.625;FGBS SI 20241206 PS;SIMPLE_INSTRUMENT;EFS;EUR;15;106.53000000;1365;EXCHANGE_LAST;;1;1;XEUR;10804527;690;
05.11.2024;09:39:23.494;FGBS SI 20241206 PS;SIMPLE_INSTRUMENT;EFP_FIN;EUR;16;106.53000000;261;EXCHANGE_LAST;;1;1;XEUR;10804527;690;
05.11.2024;09:39:59.935;FGBS SI 20241206 PS;SIMPLE_INSTRUMENT;EFP_FIN;EUR;17;106.53000000;233;EXCHANGE_LAST;;1;1;XEUR;10804527;690;
05.11.2024;09:49:58.501;FGBS SI 20241206 PS;SIMPLE_INSTRUMENT;EFS;EUR;18;106.53500000;5461;EXCHANGE_LAST;;1;1;XEUR;10804527;690;
05.11.2024;09:59:34.230;FGBS SI 20241206 PS;SIMPLE_INSTRUMENT;EFS;EUR;19;106.53000000;2731;EXCHANGE_LAST;;1;1;XEUR;10804527;690;
05.11.2024;10:00:41.936;FGBS SI 20241206 PS;SIMPLE_INSTRUMENT;EFS;EUR;20;106.54000000;4096;EXCHANGE_LAST;;1;1;XEUR;10804527;690;
05.11.2024;10:05:21.952;FGBS SI 20241206 PS;SIMPLE_INSTRUMENT;EFS;EUR;21;106.53000000;2731;EXCHANGE_LAST;;1;1;XEUR;10804527;690;
05.11.2024;10:14:36.528;FGBS SI 20241206 PS;SIMPLE_INSTRUMENT;EFS;EUR;22;106.52500000;6411;EXCHANGE_LAST;;1;1;XEUR;10804527;690;
05.11.2024;10:21:05.225;FGBS SI 20241206 PS;SIMPLE_INSTRUMENT;EFS;EUR;23;106.54000000;1160;EXCHANGE_LAST;;1;1;XEUR;10804527;690;
05.11.2024;10:26:31.270;FGBS SI 20241206 PS;SIMPLE_INSTRUMENT;EFP_FIN;EUR;24;106.53500000;93;EXCHANGE_LAST;;1;1;XEUR;10804527;690;
05.11.2024;10:41:41.055;FGBS SI 20241206 PS;SIMPLE_INSTRUMENT;EFS;EUR;25;106.54000000;2730;EXCHANGE_LAST;;1;1;XEUR;10804527;690;
05.11.2024;10:42:13.295;FGBS SI 20241206 PS;SIMPLE_INSTRUMENT;EFS;EUR;26;106.53500000;2730;EXCHANGE_LAST;;1;1;XEUR;10804527;690;
05.11.2024;10:45:16.255;FGBS SI 20241206 PS;SIMPLE_INSTRUMENT;EFS;EUR;27;106.53000000;4096;EXCHANGE_LAST;;1;1;XEUR;10804527;690;
05.11.2024;11:15:30.543;FGBS SI 20241206 PS;SIMPLE_INSTRUMENT;BLOCK;EUR;28;106.52000000;6500;EXCHANGE_LAST;;1;1;XEUR;10804527;690;
05.11.2024;11:38:06.356;FGBS SI 20241206 PS;SIMPLE_INSTRUMENT;EFP_FIN;EUR;29;106.54000000;636;EXCHANGE_LAST;;1;1;XEUR;10804527;690;
05.11.2024;11:38:25.533;FGBS SI 20241206 PS;SIMPLE_INSTRUMENT;EFP_FIN;EUR;30;106.54000000;127;EXCHANGE_LAST;;1;1;XEUR;10804527;690;
05.11.2024;11:38:41.851;FGBS SI 20241206 PS;SIMPLE_INSTRUMENT;EFP_FIN;EUR;31;106.54000000;191;EXCHANGE_LAST;;1;1;XEUR;10804527;690;
05.11.2024;11:38:59.880;FGBS SI 20241206 PS;SIMPLE_INSTRUMENT;EFP_FIN;EUR;32;106.54000000;317;EXCHANGE_LAST;;1;1;XEUR;10804527;690;
05.11.2024;12:07:30.467;FGBS SI 20241206 PS;SIMPLE_INSTRUMENT;EFS;EUR;33;106.54000000;2730;EXCHANGE_LAST;;1;1;XEUR;10804527;690;
05.11.2024;12:10:28.339;FGBS SI 20241206 PS;SIMPLE_INSTRUMENT;BLOCK;EUR;34;106.53000000;4315;EXCHANGE_LAST;;1;1;XEUR;10804527;690;
05.11.2024;12:40:59.245;FGBS SI 20241206 PS;SIMPLE_INSTRUMENT;EFP_FIN;EUR;35;106.53500000;297;EXCHANGE_LAST;;1;1;XEUR;10804527;690;
05.11.2024;12:42:02.341;FGBS SI 20241206 PS;SIMPLE_INSTRUMENT;EFS;EUR;36;106.53500000;1256;EXCHANGE_LAST;;1;1;XEUR;10804527;690;
05.11.2024;13:04:49.667;FGBS SI 20241206 PS;SIMPLE_INSTRUMENT;EFS;EUR;37;106.53000000;1100;EXCHANGE_LAST;;1;1;XEUR;10804527;690;
05.11.2024;13:10:13.773;FGBS SI 20241206 PS;SIMPLE_INSTRUMENT;EFS;EUR;38;106.53000000;1093;EXCHANGE_LAST;;1;1;XEUR;10804527;690;
05.11.2024;13:12:35.509;FGBS SI 20241206 PS;SIMPLE_INSTRUMENT;EFS;EUR;39;106.52000000;2731;EXCHANGE_LAST;;1;1;XEUR;10804527;690;
05.11.2024;13:15:27.223;FGBS SI 20241206 PS;SIMPLE_INSTRUMENT;EFS;EUR;40;106.52500000;2731;EXCHANGE_LAST;;1;1;XEUR;10804527;690;
05.11.2024;13:19:30.389;FGBS SI 20241206 PS;SIMPLE_INSTRUMENT;EFS;EUR;41;106.52000000;2730;EXCHANGE_LAST;;1;1;XEUR;10804527;690;
05.11.2024;13:21:55.964;FGBS SI 20241206 PS;SIMPLE_INSTRUMENT;EFP_FIN;EUR;42;106.53000000;942;EXCHANGE_LAST;;1;1;XEUR;10804527;690;
05.11.2024;13:27:09.561;FGBS SI 20241206 PS;SIMPLE_INSTRUMENT;EFP_FIN;EUR;43;106.54000000;95;EXCHANGE_LAST;;1;1;XEUR;10804527;690;
05.11.2024;13:27:56.444;FGBS SI 20241206 PS;SIMPLE_INSTRUMENT;EFS;EUR;44;106.53000000;273;EXCHANGE_LAST;;1;1;XEUR;10804527;690;
05.11.2024;13:43:37.071;FGBS SI 20241206 PS;SIMPLE_INSTRUMENT;EFS;EUR;45;106.55000000;3757;EXCHANGE_LAST;;1;1;XEUR;10804527;690;
05.11.2024;13:59:12.767;FGBS SI 20241206 PS;SIMPLE_INSTRUMENT;EFS;EUR;46;106.53000000;1925;EXCHANGE_LAST;;1;1;XEUR;10804527;690;
05.11.2024;14:00:00.401;FGBS SI 20241206 PS;SIMPLE_INSTRUMENT;EFS;EUR;47;106.53000000;2857;EXCHANGE_LAST;;1;1;XEUR;10804527;690;
05.11.2024;14:11:11.618;FGBS SI 20241206 PS;SIMPLE_INSTRUMENT;EFP_FIN;EUR;48;106.54000000;4691;EXCHANGE_LAST;;1;1;XEUR;10804527;690;
05.11.2024;14:23:13.984;FGBS SI 20241206 PS;SIMPLE_INSTRUMENT;EFS;EUR;50;106.55000000;3775;EXCHANGE_LAST;;1;1;XEUR;10804527;690;
05.11.2024;14:26:32.977;FGBS SI 20241206 PS;SIMPLE_INSTRUMENT;EFP_FIN;EUR;51;106.56000000;2602;EXCHANGE_LAST;;1;1;XEUR;10804527;690;
05.11.2024;14:33:55.893;FGBS SI 20241206 PS;SIMPLE_INSTRUMENT;EFP_FIN;EUR;52;106.52500000;297;EXCHANGE_LAST;;1;1;XEUR;10804527;690;
05.11.2024;14:40:13.578;FGBS SI 20241206 PS;SIMPLE_INSTRUMENT;EFS;EUR;53;106.56000000;1365;EXCHANGE_LAST;;1;1;XEUR;10804527;690;
05.11.2024;14:41:58.855;FGBS SI 20241206 PS;SIMPLE_INSTRUMENT;EFS;EUR;54;106.56000000;642;EXCHANGE_LAST;;1;1;XEUR;10804527;690;
05.11.2024;14:53:01.214;FGBS SI 20241206 PS;SIMPLE_INSTRUMENT;EFS;EUR;55;106.55500000;2730;EXCHANGE_LAST;;1;1;XEUR;10804527;690;
05.11.2024;15:08:25.541;FGBS SI 20241206 PS;SIMPLE_INSTRUMENT;EFS;EUR;56;106.54000000;1365;EXCHANGE_LAST;;1;1;XEUR;10804527;690;
05.11.2024;15:15:18.139;FGBS SI 20241206 PS;SIMPLE_INSTRUMENT;EFS;EUR;57;106.55000000;1731;EXCHANGE_LAST;;1;1;XEUR;10804527;690;
05.11.2024;15:32:28.915;FGBS SI 20241206 PS;SIMPLE_INSTRUMENT;EFP_FIN;EUR;58;106.52000000;237;EXCHANGE_LAST;;1;1;XEUR;10804527;690;
05.11.2024;15:34:37.114;FGBS SI 20241206 PS;SIMPLE_INSTRUMENT;EFS;EUR;59;106.52500000;2504;EXCHANGE_LAST;;1;1;XEUR;10804527;690;
05.11.2024;15:38:08.171;FGBS SI 20241206 PS;SIMPLE_INSTRUMENT;EFS;EUR;60;106.52000000;4096;EXCHANGE_LAST;;1;1;XEUR;10804527;690;
05.11.2024;15:40:06.177;FGBS SI 20241206 PS;SIMPLE_INSTRUMENT;EFS;EUR;61;106.52500000;5008;EXCHANGE_LAST;;1;1;XEUR;10804527;690;
05.11.2024;15:55:06.286;FGBS SI 20241206 PS;SIMPLE_INSTRUMENT;EFS;EUR;62;106.52500000;3756;EXCHANGE_LAST;;1;1;XEUR;10804527;690;
05.11.2024;15:57:59.116;FGBS SI 20241206 PS;SIMPLE_INSTRUMENT;EFS;EUR;63;106.52000000;1365;EXCHANGE_LAST;;1;1;XEUR;10804527;690;
05.11.2024;17:49:23.273;FGBS SI 20241206 PS;SIMPLE_INSTRUMENT;EFS;EUR;64;106.52000000;1258;EXCHANGE_LAST;;1;1;XEUR;10804527;690;
05.11.2024;17:53:10.950;FGBS SI 20241206 PS;SIMPLE_INSTRUMENT;EFS;EUR;65;106.52000000;2501;EXCHANGE_LAST;;1;1;XEUR;10804527;690;
05.11.2024;08:59:21.449;FGBX SI 20241206 PS;SIMPLE_INSTRUMENT;EFP_FIN;EUR;1;131.92000000;148;EXCHANGE_LAST;;1;1;XEUR;10804526;691;
05.11.2024;09:09:20.576;FGBX SI 20241206 PS;SIMPLE_INSTRUMENT;EFP_FIN;EUR;2;131.92000000;67;EXCHANGE_LAST;;1;1;XEUR;10804526;691;
05.11.2024;09:35:20.851;FGBX SI 20241206 PS;SIMPLE_INSTRUMENT;EFS;EUR;3;132.22000000;91;EXCHANGE_LAST;;1;1;XEUR;10804526;691;
05.11.2024;09:42:57.580;FGBX SI 20241206 PS;SIMPLE_INSTRUMENT;EFP_FIN;EUR;6;132.16000000;185;EXCHANGE_LAST;;1;1;XEUR;10804526;691;
05.11.2024;09:46:49.488;FGBX SI 20241206 PS;SIMPLE_INSTRUMENT;EFS;EUR;7;132.22000000;48;EXCHANGE_LAST;;1;1;XEUR;10804526;691;
05.11.2024;10:02:34.842;FGBX SI 20241206 PS;SIMPLE_INSTRUMENT;EFP_FIN;EUR;8;131.96000000;148;EXCHANGE_LAST;;1;1;XEUR;10804526;691;
05.11.2024;10:25:15.749;FGBX SI 20241206 PS;SIMPLE_INSTRUMENT;EFP_FIN;EUR;10;131.78000000;75;EXCHANGE_LAST;;1;1;XEUR;10804526;691;
05.11.2024;10:31:30.162;FGBX SI 20241206 PS;SIMPLE_INSTRUMENT;EFS;EUR;11;132.20000000;281;EXCHANGE_LAST;;1;1;XEUR;10804526;691;
05.11.2024;10:38:06.067;FGBX SI 20241206 PS;SIMPLE_INSTRUMENT;EFP_FIN;EUR;12;131.74000000;50;EXCHANGE_LAST;;1;1;XEUR;10804526;691;
05.11.2024;10:51:55.643;FGBX SI 20241206 PS;SIMPLE_INSTRUMENT;BLOCK;EUR;14;131.82000000;600;EXCHANGE_LAST;;1;1;XEUR;10804526;691;
05.11.2024;11:56:57.549;FGBX SI 20241206 PS;SIMPLE_INSTRUMENT;EFP_FIN;EUR;15;131.46000000;70;EXCHANGE_LAST;;1;1;XEUR;10804526;691;
05.11.2024;12:02:12.093;FGBX SI 20241206 PS;SIMPLE_INSTRUMENT;EFS;EUR;16;131.46000000;160;EXCHANGE_LAST;;1;1;XEUR;10804526;691;
05.11.2024;12:11:17.245;FGBX SI 20241206 PS;SIMPLE_INSTRUMENT;EFS;EUR;18;131.76000000;184;EXCHANGE_LAST;;1;1;XEUR;10804526;691;
05.11.2024;13:27:41.167;FGBX SI 20241206 PS;SIMPLE_INSTRUMENT;BLOCK;EUR;21;131.46000000;336;EXCHANGE_LAST;;1;1;XEUR;10804526;691;
05.11.2024;14:37:43.467;FGBX SI 20241206 PS;SIMPLE_INSTRUMENT;EFP_FIN;EUR;24;131.90000000;96;EXCHANGE_LAST;;1;1;XEUR;10804526;691;
05.11.2024;14:39:11.467;FGBX SI 20241206 PS;SIMPLE_INSTRUMENT;EFP_FIN;EUR;25;131.80000000;59;EXCHANGE_LAST;;1;1;XEUR;10804526;691;
05.11.2024;14:55:00.088;FGBX SI 20241206 PS;SIMPLE_INSTRUMENT;EFS;EUR;26;131.96000000;183;EXCHANGE_LAST;;1;1;XEUR;10804526;691;
05.11.2024;15:08:21.080;FGBX SI 20241206 PS;SIMPLE_INSTRUMENT;EFS;EUR;28;132.04000000;92;EXCHANGE_LAST;;1;1;XEUR;10804526;691;
05.11.2024;15:16:19.105;FGBX SI 20241206 PS;SIMPLE_INSTRUMENT;EFP_FIN;EUR;29;131.82000000;222;EXCHANGE_LAST;;1;1;XEUR;10804526;691;
05.11.2024;15:18:00.025;FGBX SI 20241206 PS;SIMPLE_INSTRUMENT;EFS;EUR;30;131.92000000;92;EXCHANGE_LAST;;1;1;XEUR;10804526;691;
05.11.2024;15:19:55.285;FGBX SI 20241206 PS;SIMPLE_INSTRUMENT;EFP_FIN;EUR;31;131.82000000;73;EXCHANGE_LAST;;1;1;XEUR;10804526;691;
05.11.2024;15:22:18.315;FGBX SI 20241206 PS;SIMPLE_INSTRUMENT;EFS;EUR;32;132.10000000;168;EXCHANGE_LAST;;1;1;XEUR;10804526;691;
05.11.2024;15:42:24.542;FGBX SI 20241206 PS;SIMPLE_INSTRUMENT;EFS;EUR;34;131.88000000;92;EXCHANGE_LAST;;1;1;XEUR;10804526;691;
05.11.2024;08:39:22.604;FGBX SI 20241206 PS;SIMPLE_INSTRUMENT;VOLA;EUR;268435470;132.36000000;7;EXCHANGE_LAST;;1;1;XEUR;10804526;691;
05.11.2024;11:14:51.094;FIA5 SI 20251218 PS AM C 14.00 0;SIMPLE_INSTRUMENT;BLOCK;EUR;12;0.92500000;2000;EXCHANGE_LAST;;3;1;XEUR;10385144;48227;
05.11.2024;14:41:04.478;FMAE SI 20241220 CS;SIMPLE_INSTRUMENT;BLOCK;EUR;28;392.30000000;21;EXCHANGE_LAST;;1;1;XEUR;7193451;48921;
05.11.2024;16:40:56.004;FMCH SI 20241220 CS;SIMPLE_INSTRUMENT;BLOCK;USD;31;542.34000000;1070;EXCHANGE_LAST;;1;1;XEUR;7196792;402909;
05.11.2024;01:18:22.675;FMEA SI 20241220 CS;SIMPLE_INSTRUMENT;BLOCK;USD;2;720.21000000;243;EXCHANGE_LAST;;1;1;XEUR;7191938;12395;
05.11.2024;01:58:55.307;FMEA SI 20241220 CS;SIMPLE_INSTRUMENT;BLOCK;USD;3;720.21000000;1167;EXCHANGE_LAST;;1;1;XEUR;7191938;12395;
05.11.2024;03:02:06.947;FMEA SI 20241220 CS;SIMPLE_INSTRUMENT;BLOCK;USD;4;720.21000000;223;EXCHANGE_LAST;;1;1;XEUR;7191938;12395;
05.11.2024;06:44:09.973;FMEA SI 20241220 CS;SIMPLE_INSTRUMENT;BLOCK;USD;6;720.21000000;242;EXCHANGE_LAST;;1;1;XEUR;7191938;12395;
05.11.2024;08:05:42.576;FMEE SI 20241220 CS;SIMPLE_INSTRUMENT;BLOCK;USD;17;317.98100000;276;EXCHANGE_LAST;;1;1;XEUR;7191941;12396;
05.11.2024;08:19:42.918;FMEE SI 20241220 CS;SIMPLE_INSTRUMENT;BLOCK;USD;18;317.94900000;160;EXCHANGE_LAST;;1;1;XEUR;7191941;12396;
05.11.2024;08:45:51.318;FMEE SI 20241220 CS;SIMPLE_INSTRUMENT;BLOCK;USD;23;317.98100000;200;EXCHANGE_LAST;;1;1;XEUR;7191941;12396;
05.11.2024;08:20:23.011;FMEL SI 20241220 CS;SIMPLE_INSTRUMENT;BLOCK;USD;19;536.42200000;60;EXCHANGE_LAST;;1;1;XEUR;7191942;12397;
05.11.2024;09:19:19.620;FMEL SI 20241220 CS;SIMPLE_INSTRUMENT;BLOCK;USD;24;536.42200000;50;EXCHANGE_LAST;;1;1;XEUR;7191942;12397;
05.11.2024;07:23:27.081;FMEN SI 20241220 CS;SIMPLE_INSTRUMENT;BLOCK;EUR;7;521.69200000;251;EXCHANGE_LAST;;1;1;XEUR;7192297;30652;
05.11.2024;07:56:45.452;FMEN SI 20241220 CS;SIMPLE_INSTRUMENT;BLOCK;EUR;13;521.07000000;4063;EXCHANGE_LAST;;1;1;XEUR;7192297;30652;
05.11.2024;08:33:43.854;FMEU SI 20241220 CS;SIMPLE_INSTRUMENT;BLOCK;EUR;22;338.17000000;1550;EXCHANGE_LAST;;1;1;XEUR;7191848;7058;
05.11.2024;15:07:53.019;FMGO SI 20241220 CS;SIMPLE_INSTRUMENT;BLOCK;USD;29;5197.00000000;391;EXCHANGE_LAST;;1;1;XEUR;8609363;583623;
05.11.2024;08:03:15.864;FMHK SI 20241220 CS;SIMPLE_INSTRUMENT;BLOCK;USD;15;61000.00000000;9;EXCHANGE_LAST;;1;1;XEUR;7192592;45282;
05.11.2024;04:26:59.573;FMID SI 20241220 CS;SIMPLE_INSTRUMENT;BLOCK;USD;2;1780.69300000;133;EXCHANGE_LAST;;1;1;XEUR;7192610;45289;
05.11.2024;00:56:57.296;FMIN SI 20241220 CS;SIMPLE_INSTRUMENT;EFP_IDX;USD;1;1293.71000000;61;EXCHANGE_LAST;;1;1;XEUR;7191968;12404;
05.11.2024;07:43:00.715;FMIN SI 20241220 CS;SIMPLE_INSTRUMENT;BLOCK;USD;10;1291.78200000;51;EXCHANGE_LAST;;1;1;XEUR;7191968;12404;
05.11.2024;08:30:22.452;FMIN SI 20241220 CS;SIMPLE_INSTRUMENT;BLOCK;USD;21;1291.65400000;78;EXCHANGE_LAST;;1;1;XEUR;7191968;12404;
05.11.2024;10:12:46.996;FMIN SI 20241220 CS;SIMPLE_INSTRUMENT;BLOCK;USD;26;1300.61200000;15;EXCHANGE_LAST;;1;1;XEUR;7191968;12404;
05.11.2024;10:23:24.317;FMIN SI 20241220 CS;SIMPLE_INSTRUMENT;BLOCK;USD;27;1300.87000000;63;EXCHANGE_LAST;;1;1;XEUR;7191968;12404;
05.11.2024;15:12:28.472;FMMX SI 20241220 CS;SIMPLE_INSTRUMENT;BLOCK;USD;30;611.00000000;175;EXCHANGE_LAST;;1;1;XEUR;7191984;12545;
05.11.2024;07:27:33.721;FMSW SI 20241220 CS;SIMPLE_INSTRUMENT;BLOCK;USD;8;4095.86000000;950;EXCHANGE_LAST;;1;1;XEUR;7194748;208343;
05.11.2024;04:30:26.506;FMTH SI 20241220 CS;SIMPLE_INSTRUMENT;BLOCK;USD;5;1257.08500000;400;EXCHANGE_LAST;;1;1;XEUR;7192052;12681;
05.11.2024;04:21:43.057;FMTW SI 20241220 CS;SIMPLE_INSTRUMENT;BLOCK;USD;1;845.05400000;320;EXCHANGE_LAST;;1;1;XEUR;7193559;51884;
05.11.2024;07:29:46.806;FMUE SI 20241220 CS;SIMPLE_INSTRUMENT;BLOCK;USD;9;8109.97000000;121;EXCHANGE_LAST;;1;1;XEUR;7193404;48149;
05.11.2024;08:01:06.644;FMWN SI 20241220 CS;SIMPLE_INSTRUMENT;EFP_IDX;EUR;14;545.29000000;20;EXCHANGE_LAST;;1;1;XEUR;7192300;30654;
05.11.2024;08:03:18.064;FMWN SI 20241220 CS;SIMPLE_INSTRUMENT;EFP_IDX;EUR;16;545.16600000;193;EXCHANGE_LAST;;1;1;XEUR;7192300;30654;
05.11.2024;08:34:56.926;FMWN SI 20241220 CS;SIMPLE_INSTRUMENT;BLOCK;EUR;20;545.50000000;120;EXCHANGE_LAST;;1;1;XEUR;7192300;30654;
05.11.2024;07:39:05.817;FMWO SI 20241220 CS;SIMPLE_INSTRUMENT;EFP_IDX;USD;11;11625.64000000;58;EXCHANGE_LAST;;1;1;XEUR;7191849;7059;
05.11.2024;07:43:44.386;FMWO SI 20241220 CS;SIMPLE_INSTRUMENT;EFP_IDX;USD;12;11629.64000000;390;EXCHANGE_LAST;;1;1;XEUR;7191849;7059;
05.11.2024;08:39:37.338;FOAT SI 20241206 PS;SIMPLE_INSTRUMENT;EFP_FIN;EUR;1;124.16000000;194;EXCHANGE_LAST;;1;1;XEUR;10804528;749;
05.11.2024;09:00:26.926;FOAT SI 20241206 PS;SIMPLE_INSTRUMENT;EFP_FIN;EUR;2;124.23000000;327;EXCHANGE_LAST;;1;1;XEUR;10804528;749;
05.11.2024;09:09:33.724;FOAT SI 20241206 PS;SIMPLE_INSTRUMENT;EFP_FIN;EUR;3;124.27000000;415;EXCHANGE_LAST;;1;1;XEUR;10804528;749;
05.11.2024;09:15:34.557;FOAT SI 20241206 PS;SIMPLE_INSTRUMENT;BLOCK;EUR;4;124.30000000;262;EXCHANGE_LAST;;1;1;XEUR;10804528;749;
05.11.2024;09:16:42.421;FOAT SI 20241206 PS;SIMPLE_INSTRUMENT;EFP_FIN;EUR;5;124.30000000;591;EXCHANGE_LAST;;1;1;XEUR;10804528;749;
05.11.2024;09:17:22.275;FOAT SI 20241206 PS;SIMPLE_INSTRUMENT;EFP_FIN;EUR;6;124.16000000;581;EXCHANGE_LAST;;1;1;XEUR;10804528;749;
05.11.2024;09:18:09.925;FOAT SI 20241206 PS;SIMPLE_INSTRUMENT;EFP_FIN;EUR;7;124.24000000;415;EXCHANGE_LAST;;1;1;XEUR;10804528;749;
05.11.2024;09:19:07.252;FOAT SI 20241206 PS;SIMPLE_INSTRUMENT;EFP_FIN;EUR;8;124.12000000;1141;EXCHANGE_LAST;;1;1;XEUR;10804528;749;
05.11.2024;09:24:00.862;FOAT SI 20241206 PS;SIMPLE_INSTRUMENT;EFP_FIN;EUR;9;124.30000000;828;EXCHANGE_LAST;;1;1;XEUR;10804528;749;
05.11.2024;09:33:26.953;FOAT SI 20241206 PS;SIMPLE_INSTRUMENT;EFP_FIN;EUR;10;124.34000000;155;EXCHANGE_LAST;;1;1;XEUR;10804528;749;
05.11.2024;09:35:23.525;FOAT SI 20241206 PS;SIMPLE_INSTRUMENT;EFP_FIN;EUR;11;124.16000000;1163;EXCHANGE_LAST;;1;1;XEUR;10804528;749;
05.11.2024;09:56:57.645;FOAT SI 20241206 PS;SIMPLE_INSTRUMENT;EFP_FIN;EUR;12;124.33000000;831;EXCHANGE_LAST;;1;1;XEUR;10804528;749;
05.11.2024;10:05:46.555;FOAT SI 20241206 PS;SIMPLE_INSTRUMENT;EFP_FIN;EUR;13;124.32000000;212;EXCHANGE_LAST;;1;1;XEUR;10804528;749;
05.11.2024;10:09:09.319;FOAT SI 20241206 PS;SIMPLE_INSTRUMENT;EFP_FIN;EUR;14;124.33000000;1661;EXCHANGE_LAST;;1;1;XEUR;10804528;749;
05.11.2024;10:10:35.580;FOAT SI 20241206 PS;SIMPLE_INSTRUMENT;EFP_FIN;EUR;15;124.32000000;998;EXCHANGE_LAST;;1;1;XEUR;10804528;749;
05.11.2024;10:11:50.840;FOAT SI 20241206 PS;SIMPLE_INSTRUMENT;EFP_FIN;EUR;16;124.24000000;775;EXCHANGE_LAST;;1;1;XEUR;10804528;749;
05.11.2024;10:16:05.018;FOAT SI 20241206 PS;SIMPLE_INSTRUMENT;EFS;EUR;17;124.26000000;1580;EXCHANGE_LAST;;1;1;XEUR;10804528;749;
05.11.2024;10:21:09.743;FOAT SI 20241206 PS;SIMPLE_INSTRUMENT;EFP_FIN;EUR;18;124.36000000;830;EXCHANGE_LAST;;1;1;XEUR;10804528;749;
05.11.2024;10:21:09.743;FOAT SI 20241206 PS;SIMPLE_INSTRUMENT;EFP_FIN;EUR;19;124.36000000;830;EXCHANGE_LAST;;1;1;XEUR;10804528;749;
05.11.2024;10:27:28.473;FOAT SI 20241206 PS;SIMPLE_INSTRUMENT;EFP_FIN;EUR;20;124.22000000;340;EXCHANGE_LAST;;1;1;XEUR;10804528;749;
05.11.2024;10:59:46.953;FOAT SI 20241206 PS;SIMPLE_INSTRUMENT;EFP_FIN;EUR;21;124.35000000;1245;EXCHANGE_LAST;;1;1;XEUR;10804528;749;
05.11.2024;10:50:10.099;FOAT SI 20241206 PS;SIMPLE_INSTRUMENT;EFP_FIN;EUR;22;124.25000000;155;EXCHANGE_LAST;;1;1;XEUR;10804528;749;
05.11.2024;11:14:22.441;FOAT SI 20241206 PS;SIMPLE_INSTRUMENT;EFP_FIN;EUR;23;124.35000000;1245;EXCHANGE_LAST;;1;1;XEUR;10804528;749;
05.11.2024;11:22:41.582;FOAT SI 20241206 PS;SIMPLE_INSTRUMENT;EFP_FIN;EUR;24;124.13000000;216;EXCHANGE_LAST;;1;1;XEUR;10804528;749;
05.11.2024;11:24:02.228;FOAT SI 20241206 PS;SIMPLE_INSTRUMENT;EFP_FIN;EUR;25;124.10000000;401;EXCHANGE_LAST;;1;1;XEUR;10804528;749;
05.11.2024;11:44:49.748;FOAT SI 20241206 PS;SIMPLE_INSTRUMENT;EFP_FIN;EUR;26;124.08000000;1661;EXCHANGE_LAST;;1;1;XEUR;10804528;749;
05.11.2024;11:53:00.340;FOAT SI 20241206 PS;SIMPLE_INSTRUMENT;EFP_FIN;EUR;28;124.12000000;249;EXCHANGE_LAST;;1;1;XEUR;10804528;749;
05.11.2024;12:06:26.557;FOAT SI 20241206 PS;SIMPLE_INSTRUMENT;EFP_FIN;EUR;30;124.13000000;192;EXCHANGE_LAST;;1;1;XEUR;10804528;749;
05.11.2024;12:10:14.380;FOAT SI 20241206 PS;SIMPLE_INSTRUMENT;EFP_FIN;EUR;31;124.12000000;830;EXCHANGE_LAST;;1;1;XEUR;10804528;749;
05.11.2024;12:50:12.027;FOAT SI 20241206 PS;SIMPLE_INSTRUMENT;EFP_FIN;EUR;32;124.30000000;711;EXCHANGE_LAST;;1;1;XEUR;10804528;749;
05.11.2024;12:55:06.224;FOAT SI 20241206 PS;SIMPLE_INSTRUMENT;EFP_FIN;EUR;33;124.15000000;132;EXCHANGE_LAST;;1;1;XEUR;10804528;749;
05.11.2024;13:26:33.912;FOAT SI 20241206 PS;SIMPLE_INSTRUMENT;EFP_FIN;EUR;35;124.12000000;441;EXCHANGE_LAST;;1;1;XEUR;10804528;749;
05.11.2024;14:04:16.271;FOAT SI 20241206 PS;SIMPLE_INSTRUMENT;EFP_FIN;EUR;36;124.31000000;830;EXCHANGE_LAST;;1;1;XEUR;10804528;749;
05.11.2024;14:10:00.534;FOAT SI 20241206 PS;SIMPLE_INSTRUMENT;EFP_FIN;EUR;37;124.33000000;270;EXCHANGE_LAST;;1;1;XEUR;10804528;749;
05.11.2024;14:20:26.772;FOAT SI 20241206 PS;SIMPLE_INSTRUMENT;EFP_FIN;EUR;38;124.33000000;579;EXCHANGE_LAST;;1;1;XEUR;10804528;749;
05.11.2024;14:35:17.629;FOAT SI 20241206 PS;SIMPLE_INSTRUMENT;EFP_FIN;EUR;39;124.37000000;1231;EXCHANGE_LAST;;1;1;XEUR;10804528;749;
05.11.2024;14:42:54.823;FOAT SI 20241206 PS;SIMPLE_INSTRUMENT;EFP_FIN;EUR;40;124.12000000;415;EXCHANGE_LAST;;1;1;XEUR;10804528;749;
05.11.2024;14:50:57.624;FOAT SI 20241206 PS;SIMPLE_INSTRUMENT;EFP_FIN;EUR;41;124.47000000;831;EXCHANGE_LAST;;1;1;XEUR;10804528;749;
05.11.2024;14:59:43.338;FOAT SI 20241206 PS;SIMPLE_INSTRUMENT;EFP_FIN;EUR;42;124.28000000;747;EXCHANGE_LAST;;1;1;XEUR;10804528;749;
05.11.2024;15:09:53.673;FOAT SI 20241206 PS;SIMPLE_INSTRUMENT;EFP_FIN;EUR;43;124.35000000;975;EXCHANGE_LAST;;1;1;XEUR;10804528;749;
05.11.2024;15:10:24.399;FOAT SI 20241206 PS;SIMPLE_INSTRUMENT;EFP_FIN;EUR;44;124.47000000;639;EXCHANGE_LAST;;1;1;XEUR;10804528;749;
05.11.2024;15:33:15.501;FOAT SI 20241206 PS;SIMPLE_INSTRUMENT;EFP_FIN;EUR;45;124.33000000;509;EXCHANGE_LAST;;1;1;XEUR;10804528;749;
05.11.2024;16:00:25.380;FOAT SI 20241206 PS;SIMPLE_INSTRUMENT;EFS;EUR;46;124.38000000;1050;EXCHANGE_LAST;;1;1;XEUR;10804528;749;
05.11.2024;16:08:27.966;FOAT SI 20241206 PS;SIMPLE_INSTRUMENT;EFP_FIN;EUR;47;124.42000000;130;EXCHANGE_LAST;;1;1;XEUR;10804528;749;
05.11.2024;16:11:52.843;FOAT SI 20241206 PS;SIMPLE_INSTRUMENT;EFP_FIN;EUR;48;124.30000000;621;EXCHANGE_LAST;;1;1;XEUR;10804528;749;
05.11.2024;16:55:17.762;FOAT SI 20241206 PS;SIMPLE_INSTRUMENT;EFP_FIN;EUR;50;124.35000000;87;EXCHANGE_LAST;;1;1;XEUR;10804528;749;
05.11.2024;17:05:55.501;FOAT SI 20241206 PS;SIMPLE_INSTRUMENT;EFP_FIN;EUR;51;124.23000000;648;EXCHANGE_LAST;;1;1;XEUR;10804528;749;
05.11.2024;17:08:57.451;FOAT SI 20241206 PS;SIMPLE_INSTRUMENT;EFP_FIN;EUR;52;124.23000000;65;EXCHANGE_LAST;;1;1;XEUR;10804528;749;
05.11.2024;09:09:47.024;FRE SI 20241115 PS AM C 37.00 0;SIMPLE_INSTRUMENT;BLOCK;EUR;1;0.12000000;630;EXCHANGE_LAST;;1;1;XEUR;11706543;760;
05.11.2024;09:10:00.090;FRE SI 20241115 PS AM P 32.50 0;SIMPLE_INSTRUMENT;BLOCK;EUR;2;0.44000000;1260;EXCHANGE_LAST;;1;1;XEUR;11706484;760;
05.11.2024;09:10:12.716;FRE SI 20241115 PS AM P 31.50 0;SIMPLE_INSTRUMENT;BLOCK;EUR;3;0.22000000;1260;EXCHANGE_LAST;;1;1;XEUR;11706439;760;
05.11.2024;09:53:18.613;FRE SI 20241115 PS AM P 33.50 0;SIMPLE_INSTRUMENT;BLOCK;EUR;4;0.62000000;890;EXCHANGE_LAST;;1;1;XEUR;11706469;760;
05.11.2024;09:53:29.319;FRE SI 20241115 PS AM P 32.50 0;SIMPLE_INSTRUMENT;BLOCK;EUR;5;0.30000000;890;EXCHANGE_LAST;;1;1;XEUR;11706484;760;
05.11.2024;16:55:55.964;FSCP SI 20241220 CS;SIMPLE_INSTRUMENT;EFP_IDX;EUR;35;335.20000000;22;EXCHANGE_LAST;;1;1;XEUR;10840104;764;
05.11.2024;16:55:57.322;FSCP SI 20241220 CS;SIMPLE_INSTRUMENT;EFP_IDX;EUR;36;335.10000000;90;EXCHANGE_LAST;;1;1;XEUR;10840104;764;
05.11.2024;15:51:00.309;FSED SI 20261218 CS;SIMPLE_INSTRUMENT;BLOCK;EUR;5;16.75000000;90;EXCHANGE_LAST;;1;2;XEUR;7158982;766;
05.11.2024;17:07:49.264;FSEG SI 20241220 CS;SIMPLE_INSTRUMENT;EFP_IDX;EUR;37;189.60000000;20;EXCHANGE_LAST;;1;1;XEUR;10871764;109977;
05.11.2024;17:08:34.196;FSEG SI 20241220 CS;SIMPLE_INSTRUMENT;EFP_IDX;EUR;38;189.70000000;32;EXCHANGE_LAST;;1;1;XEUR;10871764;109977;
05.11.2024;17:09:03.742;FSEG SI 20241220 CS;SIMPLE_INSTRUMENT;EFP_IDX;EUR;39;189.60000000;9;EXCHANGE_LAST;;1;1;XEUR;10871764;109977;
05.11.2024;17:09:23.008;FSEG SI 20241220 CS;SIMPLE_INSTRUMENT;EFP_IDX;EUR;40;189.70000000;12;EXCHANGE_LAST;;1;1;XEUR;10871764;109977;
05.11.2024;11:50:52.571;FSMI SI 20241220 CS;SIMPLE_INSTRUMENT;EFP_IDX;CHF;2;11910.00000000;350;EXCHANGE_LAST;;1;1;XEUR;7793735;757;
05.11.2024;15:38:13.245;FSMI SI 20241220 CS;SIMPLE_INSTRUMENT;EFP_IDX;CHF;3;11870.00000000;300;EXCHANGE_LAST;;1;1;XEUR;7793735;757;
05.11.2024;16:09:31.764;FSMI SI 20241220 CS;SIMPLE_INSTRUMENT;EFP_IDX;CHF;6;11890.00000000;310;EXCHANGE_LAST;;1;1;XEUR;7793735;757;
05.11.2024;16:44:33.718;FSMI SI 20241220 CS;SIMPLE_INSTRUMENT;EFP_IDX;CHF;7;11883.00000000;178;EXCHANGE_LAST;;1;1;XEUR;7793735;757;
05.11.2024;16:44:19.780;FSMI SI 20241220 CS;SIMPLE_INSTRUMENT;EFP_IDX;CHF;8;11884.00000000;2;EXCHANGE_LAST;;1;1;XEUR;7793735;757;
05.11.2024;16:50:15.584;FSMI SI 20241220 CS;SIMPLE_INSTRUMENT;EFP_IDX;CHF;9;11884.00000000;48;EXCHANGE_LAST;;1;1;XEUR;7793735;757;
05.11.2024;16:50:16.895;FSMI SI 20241220 CS;SIMPLE_INSTRUMENT;EFP_IDX;CHF;10;11883.00000000;137;EXCHANGE_LAST;;1;1;XEUR;7793735;757;
05.11.2024;16:44:17.695;FSTA SI 20241220 CS;SIMPLE_INSTRUMENT;BLOCK;EUR;6;545.00000000;250;EXCHANGE_LAST;;1;1;XEUR;10839562;715;
05.11.2024;16:44:37.521;FSTA SI 20241220 CS;SIMPLE_INSTRUMENT;BLOCK;EUR;7;544.70000000;250;EXCHANGE_LAST;;1;1;XEUR;10839562;715;
05.11.2024;09:30:30.312;FSTA SI 20241220 CS;SIMPLE_INSTRUMENT;VOLA;EUR;603979783;555.50000000;40;EXCHANGE_LAST;;1;1;XEUR;10839562;715;
05.11.2024;09:33:43.596;FSTA SI 20241220 CS;SIMPLE_INSTRUMENT;VOLA;EUR;603979784;555.50000000;10;EXCHANGE_LAST;;1;1;XEUR;10839562;715;
05.11.2024;09:53:28.910;FSTA SI 20241220 CS;SIMPLE_INSTRUMENT;VOLA;EUR;603979788;556.00000000;104;EXCHANGE_LAST;;1;1;XEUR;10839562;715;
05.11.2024;12:22:48.558;FSTA SI 20241220 CS;SIMPLE_INSTRUMENT;VOLA;EUR;603979806;552.70000000;39;EXCHANGE_LAST;;1;1;XEUR;10839562;715;
05.11.2024;12:50:00.505;FSTF SI 20241220 CS;SIMPLE_INSTRUMENT;BLOCK;EUR;4;799.70000000;300;EXCHANGE_LAST;;1;1;XEUR;10839566;718;
05.11.2024;15:41:30.294;FSTI SI 20241220 CS;SIMPLE_INSTRUMENT;BLOCK;EUR;26;398.90000000;387;EXCHANGE_LAST;;1;1;XEUR;10839555;707;
05.11.2024;15:41:55.761;FSTI SI 20241220 CS;SIMPLE_INSTRUMENT;BLOCK;EUR;27;399.10000000;523;EXCHANGE_LAST;;1;1;XEUR;10839555;707;
05.11.2024;10:38:38.769;FSTM SI 20241220 CS;SIMPLE_INSTRUMENT;VOLA;EUR;603979793;466.00000000;20;EXCHANGE_LAST;;1;1;XEUR;10839553;705;
05.11.2024;10:38:45.155;FSTM SI 20241220 CS;SIMPLE_INSTRUMENT;VOLA;EUR;603979794;466.00000000;20;EXCHANGE_LAST;;1;1;XEUR;10839553;705;
05.11.2024;10:08:43.230;FXXP SI 20241220 CS;SIMPLE_INSTRUMENT;BLOCK;EUR;25;511.60000000;3407;EXCHANGE_LAST;;1;1;XEUR;7793976;816;
05.11.2024;14:11:23.769;G3ZF SI 20251219 CS;SIMPLE_INSTRUMENT;BLOCK;EUR;71;1.38000000;350;EXCHANGE_LAST;;2;1;XEUR;5914677;144760;
05.11.2024;12:02:58.615;GIVN SI 20241220 PS AM P 3700.0 0;SIMPLE_INSTRUMENT;BLOCK;CHF;17;22.00000000;200;EXCHANGE_LAST;;1;1;XEUR;11883584;892;
05.11.2024;16:45:56.104;GOCF SI 20241220 CS;SIMPLE_INSTRUMENT;BLOCK;USD;93;172.35080000;445;EXCHANGE_LAST;;1;1;XEUR;7048815;38619;
05.11.2024;09:38:35.865;GZF SI 20250117 PS AM P 15.40 0;SIMPLE_INSTRUMENT;BLOCK;EUR;5;0.47000000;2500;EXCHANGE_LAST;;1;1;XEUR;12076313;855;
05.11.2024;09:38:46.477;GZF SI 20250117 PS AM P 15.40 0;SIMPLE_INSTRUMENT;BLOCK;EUR;6;0.48000000;2500;EXCHANGE_LAST;;1;1;XEUR;12076313;855;
05.11.2024;10:24:54.867;GZF.O.241105.BRT.000001;STANDARD_OPTION_STRATEGY;BLOCK;EUR;8;0.04000000;1500;EXCHANGE_LAST;;1;1;XEUR;72061266234978900;855;
05.11.2024;10:24:54.867;GZF SI 20250117 PS AM P 15.40 0;SIMPLE_INSTRUMENT;BLOCK;EUR;8;0.46000000;1500;PRC_DECOMP_EXCHANGE;;;;XEUR;12076313;855;EXCHANGE
05.11.2024;10:24:54.867;GZF SI 20241220 PS AM P 15.40 0;SIMPLE_INSTRUMENT;BLOCK;EUR;8;0.42000000;1500;PRC_DECOMP_EXCHANGE;;;;XEUR;11883061;855;EXCHANGE
05.11.2024;13:31:56.312;HEN3 SI 20241220 PS AM P 80.00 0;SIMPLE_INSTRUMENT;BLOCK;EUR;14;2.35000000;250;EXCHANGE_LAST;;1;1;XEUR;10407234;841;
05.11.2024;13:43:48.668;HEN3 SI 20250321 PS AM P 80.00 0;SIMPLE_INSTRUMENT;BLOCK;EUR;16;3.55000000;750;EXCHANGE_LAST;;1;2;XEUR;10841125;841;
05.11.2024;15:32:51.199;HEN3 SI 20250117 PS AM C 86.00 0;SIMPLE_INSTRUMENT;BLOCK;EUR;23;0.68000000;400;EXCHANGE_LAST;;1;1;XEUR;12076084;841;
05.11.2024;13:16:07.567;I3ES SI 20241220 CS;SIMPLE_INSTRUMENT;BLOCK;EUR;57;0.32200000;1250;EXCHANGE_LAST;;1;1;XEUR;4632515;913;
05.11.2024;13:43:54.773;I3ES SI 20271217 CS;SIMPLE_INSTRUMENT;BLOCK;EUR;64;0.27000000;1000;EXCHANGE_LAST;;1;1;XEUR;8383274;913;
05.11.2024;13:43:26.875;I3ES SI 20271217 CS;SIMPLE_INSTRUMENT;BLOCK;EUR;65;0.27500000;1000;EXCHANGE_LAST;;1;1;XEUR;8383274;913;
05.11.2024;16:38:02.659;I3ES SI 20241220 CS;SIMPLE_INSTRUMENT;BLOCK;EUR;90;0.32200000;5785;EXCHANGE_LAST;;1;2;XEUR;4632515;913;
05.11.2024;11:19:45.830;IES5 SI 20260618 PS AM C 4.00 0;SIMPLE_INSTRUMENT;BLOCK;EUR;13;0.34000000;2000;EXCHANGE_LAST;;1;1;XEUR;9531777;900;
05.11.2024;16:37:53.427;IESI SI 20241219 CS;SIMPLE_INSTRUMENT;BLOCK;EUR;89;3.96650000;6500;EXCHANGE_LAST;;1;2;XEUR;7028775;901;
05.11.2024;09:01:34.824;IFX SI 20241220 PS AM P 30.00 0;SIMPLE_INSTRUMENT;BLOCK;EUR;1;2.15000000;3000;EXCHANGE_LAST;;1;1;XEUR;10408521;902;
05.11.2024;11:08:30.457;IFX.O.241105.BER.000007;STANDARD_OPTION_STRATEGY;BLOCK;EUR;10;0.19000000;1085;EXCHANGE_LAST;;1;1;XEUR;72061468098466527;902;
05.11.2024;11:08:30.457;IFX SI 20241115 PS AM P 28.00 0;SIMPLE_INSTRUMENT;BLOCK;EUR;10;0.55000000;1085;PRC_DECOMP_EXCHANGE;;;;XEUR;11707799;902;EXCHANGE
05.11.2024;11:08:30.457;IFX SI 20241115 PS AM P 28.50 0;SIMPLE_INSTRUMENT;BLOCK;EUR;10;0.74000000;1085;PRC_DECOMP_EXCHANGE;;;;XEUR;11707785;902;EXCHANGE
05.11.2024;11:08:45.972;IFX.O.241105.BER.000007;STANDARD_OPTION_STRATEGY;BLOCK;EUR;11;0.16000000;1415;EXCHANGE_LAST;;1;1;XEUR;72061468098466527;902;
05.11.2024;11:08:45.972;IFX SI 20241115 PS AM P 28.00 0;SIMPLE_INSTRUMENT;BLOCK;EUR;11;0.56000000;1415;PRC_DECOMP_EXCHANGE;;;;XEUR;11707799;902;EXCHANGE
05.11.2024;11:08:45.972;IFX SI 20241115 PS AM P 28.50 0;SIMPLE_INSTRUMENT;BLOCK;EUR;11;0.72000000;1415;PRC_DECOMP_EXCHANGE;;;;XEUR;11707785;902;EXCHANGE
05.11.2024;11:49:36.031;IFX SI 20241115 PS AM P 28.50 0;SIMPLE_INSTRUMENT;BLOCK;EUR;13;0.73000000;2000;EXCHANGE_LAST;;2;1;XEUR;11707785;902;
05.11.2024;15:08:39.297;IFX SI 20260619 PS AM P 28.00 0;SIMPLE_INSTRUMENT;BLOCK;EUR;20;4.12000000;1000;EXCHANGE_LAST;;1;1;XEUR;9551379;902;
05.11.2024;13:13:27.269;IGLN SI 20241220 PS AM P 47.25 0;SIMPLE_INSTRUMENT;BLOCK;USD;2;0.07000000;14578;EXCHANGE_LAST;;1;1;XEUR;10997349;75966;
05.11.2024;13:13:27.310;IGLN SI 20241220 PS AM P 48.00 0;SIMPLE_INSTRUMENT;BLOCK;USD;3;0.08000000;58862;EXCHANGE_LAST;;1;1;XEUR;4648552;75966;
