#Date;TrdTime;Contract;ContractType;TrdTyp;Currency;TesId;Prc;Qty;TrdInd;Aggressor;Buy;Sell;Exch;InstrumentId;RelatedProdId;PrcDecomp
20.12.2024;10:37:59.348;1COF SI 20241220 CS;SIMPLE_INSTRUMENT;BLOCK;EUR;41;57.50000000;1000;EXCHANGE_LAST;;1;1;XEUR;7049988;48054;
20.12.2024;10:45:07.092;1COF SI 20241220 CS;SIMPLE_INSTRUMENT;BLOCK;EUR;45;58.00000000;1500;EXCHANGE_LAST;;1;1;XEUR;7049988;48054;
20.12.2024;12:15:39.085;A2XA SI 20251219 CS;SIMPLE_INSTRUMENT;BLOCK;EUR;72;2.10000000;100;EXCHANGE_LAST;;1;1;XEUR;3681055;17;
20.12.2024;09:59:48.584;ABBG SI 20241220 CS;SIMPLE_INSTRUMENT;BLOCK;CHF;29;48.45000000;2000;EXCHANGE_LAST;;1;1;XEUR;8508601;574520;
20.12.2024;08:21:54.484;ABBN SI 20250321 PS AM P 48.00 0;SIMPLE_INSTRUMENT;BLOCK;CHF;1;2.00000000;6800;EXCHANGE_LAST;;1;1;XEUR;10886857;574517;
20.12.2024;11:15:25.640;ABBN SI 20250321 PS AM C 48.00 0;SIMPLE_INSTRUMENT;BLOCK;CHF;34;2.52000000;8500;EXCHANGE_LAST;;1;2;XEUR;10886885;574517;
20.12.2024;11:19:36.020;ABBN SI 20250221 PS AM C 49.00 0;SIMPLE_INSTRUMENT;BLOCK;CHF;39;1.52000000;1000;EXCHANGE_LAST;;1;1;XEUR;12279628;574517;
20.12.2024;14:12:25.967;ABBN SI 20250620 PS AM P 48.00 0;SIMPLE_INSTRUMENT;BLOCK;CHF;70;3.37000000;1000;EXCHANGE_LAST;;1;1;XEUR;8902740;574517;
20.12.2024;14:05:50.170;ADS SI 20251219 PS AM P 240.00 0;SIMPLE_INSTRUMENT;BLOCK;EUR;17;28.10000000;250;EXCHANGE_LAST;;1;1;XEUR;5919900;50;
20.12.2024;11:48:57.453;ADY SI 20250620 PS AM P 1320.00 0;SIMPLE_INSTRUMENT;BLOCK;EUR;14;98.11000000;440;EXCHANGE_LAST;;1;1;XEUR;11392746;76315;
20.12.2024;11:48:57.053;ADY SI 20250620 PS AM C 1600.00 0;SIMPLE_INSTRUMENT;BLOCK;EUR;15;92.09000000;440;EXCHANGE_LAST;;1;1;XEUR;9582595;76315;
20.12.2024;08:55:30.247;ALV.O.241220.STD.000104;STANDARD_OPTION_STRATEGY;BLOCK;EUR;1;44.55000000;600;EXCHANGE_LAST;;1;1;XEUR;72057911865568851;74;
20.12.2024;08:55:30.247;ALV SI 20251219 PS AM C 280.00 0;SIMPLE_INSTRUMENT;BLOCK;EUR;1;26.72000000;600;PRC_DECOMP_EXCHANGE;;;;XEUR;5920783;74;EXCHANGE
20.12.2024;08:55:30.247;ALV SI 20251219 PS AM P 280.00 0;SIMPLE_INSTRUMENT;BLOCK;EUR;1;17.83000000;600;PRC_DECOMP_EXCHANGE;;;;XEUR;5920784;74;EXCHANGE
20.12.2024;15:32:15.287;ALV SI 20250620 PS AM C 300.00 0;SIMPLE_INSTRUMENT;BLOCK;EUR;3;10.90000000;300;EXCHANGE_LAST;;1;1;XEUR;11349301;74;
20.12.2024;16:47:47.708;ALV SI 20250919 PS AM P 280.00 0;SIMPLE_INSTRUMENT;BLOCK;EUR;5;14.50000000;350;EXCHANGE_LAST;;1;1;XEUR;11871532;74;
20.12.2024;08:40:00.897;ALVG SI 20241220 CS;SIMPLE_INSTRUMENT;BLOCK;EUR;3;292.50000000;1500;EXCHANGE_LAST;;1;1;XEUR;7031281;85;
20.12.2024;09:16:26.701;ALVG SI 20241220 CS;SIMPLE_INSTRUMENT;BLOCK;EUR;5;293.10000000;490;EXCHANGE_LAST;;1;1;XEUR;7031281;85;
20.12.2024;10:03:15.491;ALVG SI 20241220 CS;SIMPLE_INSTRUMENT;BLOCK;EUR;30;292.40000000;160;EXCHANGE_LAST;;1;1;XEUR;7031281;85;
20.12.2024;08:59:02.253;AMS SI 20241220 PS AM P 9.00 1;SIMPLE_INSTRUMENT;BLOCK;CHF;6;3.10000000;2000;EXCHANGE_LAST;;1;1;XEUR;10430792;10807;
20.12.2024;09:52:57.351;AMS SI 20241220 PS AM P 9.00 1;SIMPLE_INSTRUMENT;BLOCK;CHF;19;3.14000000;1000;EXCHANGE_LAST;;1;1;XEUR;10430792;10807;
20.12.2024;15:02:21.358;ANN SI 20250321 PS AM C 34.00 0;SIMPLE_INSTRUMENT;BLOCK;EUR;29;0.41000000;9120;EXCHANGE_LAST;;1;1;XEUR;10865131;45202;
20.12.2024;15:02:21.359;ANN SI 20250321 PS AM C 34.00 0;SIMPLE_INSTRUMENT;BLOCK;EUR;30;0.42000000;6880;EXCHANGE_LAST;;1;1;XEUR;10865131;45202;
20.12.2024;14:21:49.505;ASG5 SI 20250619 PS AM P 24.00 0;SIMPLE_INSTRUMENT;BLOCK;EUR;20;0.91000000;10000;EXCHANGE_LAST;;1;1;XEUR;7889072;109;
20.12.2024;14:29:53.379;ASG5 SI 20250320 PS AM P 24.00 0;SIMPLE_INSTRUMENT;BLOCK;EUR;21;0.39000000;7500;EXCHANGE_LAST;;1;1;XEUR;10822094;109;
20.12.2024;15:13:15.673;ASG5.O.241220.BRT.000101;STANDARD_OPTION_STRATEGY;BLOCK;EUR;23;0.52000000;20000;EXCHANGE_LAST;;2;1;XEUR;72058062189369515;109;
20.12.2024;15:13:15.673;ASG5 SI 20250320 PS AM P 24.00 0;SIMPLE_INSTRUMENT;BLOCK;EUR;23;0.35500000;20000;PRC_DECOMP_EXCHANGE;;;;XEUR;10822094;109;EXCHANGE
20.12.2024;15:13:15.673;ASG5 SI 20250619 PS AM P 24.00 0;SIMPLE_INSTRUMENT;BLOCK;EUR;23;0.87500000;20000;PRC_DECOMP_EXCHANGE;;;;XEUR;7889072;109;EXCHANGE
20.12.2024;13:02:56.208;ASM SI 20250919 PS AM P 640.00 0;SIMPLE_INSTRUMENT;BLOCK;EUR;16;65.60000000;400;EXCHANGE_LAST;;1;1;XEUR;11872160;107;
20.12.2024;15:43:15.112;ASM SI 20250620 PS AM P 560.00 0;SIMPLE_INSTRUMENT;BLOCK;EUR;24;23.99000000;150;EXCHANGE_LAST;;1;1;XEUR;7898584;107;
20.12.2024;13:21:03.813;ASMH SI 20250117 CS;SIMPLE_INSTRUMENT;BLOCK;EUR;93;675.00000000;600;EXCHANGE_LAST;;1;1;XEUR;10429623;3979;
20.12.2024;09:31:29.051;AXA SI 20250321 PS AM C 34.00 0;SIMPLE_INSTRUMENT;BLOCK;EUR;4;1.16000000;1500;EXCHANGE_LAST;;1;1;XEUR;10830419;127;
20.12.2024;15:16:30.667;AXA SI 20241220 PS AM C 32.00 0;SIMPLE_INSTRUMENT;BLOCK;EUR;35;1.20000000;2500;EXCHANGE_LAST;;1;1;XEUR;4638799;127;
20.12.2024;09:36:17.367;AXAG SI 20241220 CS;SIMPLE_INSTRUMENT;BLOCK;EUR;18;33.10000000;1000;EXCHANGE_LAST;;1;1;XEUR;7031589;125;
20.12.2024;08:34:20.982;B2NP SI 20261218 CS;SIMPLE_INSTRUMENT;BLOCK;EUR;2;3.61000000;554;EXCHANGE_LAST;;1;1;XEUR;6798320;131;
20.12.2024;11:47:44.227;B2NP SI 20261218 CS;SIMPLE_INSTRUMENT;BLOCK;EUR;62;4.27000000;470;EXCHANGE_LAST;;1;2;XEUR;6798320;131;
20.12.2024;15:29:12.807;B2NP SI 20261218 CS;SIMPLE_INSTRUMENT;BLOCK;EUR;118;4.57000000;328;EXCHANGE_LAST;;1;1;XEUR;6798320;131;
20.12.2024;15:40:32.335;B2NP SI 20281215 CS;SIMPLE_INSTRUMENT;BLOCK;EUR;120;2.85000000;150;EXCHANGE_LAST;;2;1;XEUR;7086921;131;
20.12.2024;15:58:55.877;B2NP SI 20271217 CS;SIMPLE_INSTRUMENT;BLOCK;EUR;127;3.46000000;300;EXCHANGE_LAST;;2;1;XEUR;7086925;131;
20.12.2024;16:19:19.796;B2NP SI 20271217 CS;SIMPLE_INSTRUMENT;BLOCK;EUR;137;3.46000000;100;EXCHANGE_LAST;;1;1;XEUR;7086925;131;
20.12.2024;13:06:09.129;B3BV SI 20251219 CS;SIMPLE_INSTRUMENT;BLOCK;EUR;88;0.75700000;650;EXCHANGE_LAST;;1;1;XEUR;5914370;135;
20.12.2024;13:06:16.130;B3BV SI 20251219 CS;SIMPLE_INSTRUMENT;BLOCK;EUR;89;0.75800000;650;EXCHANGE_LAST;;1;1;XEUR;5914370;135;
20.12.2024;14:40:12.974;B3BV SI 20251219 CS;SIMPLE_INSTRUMENT;BLOCK;EUR;112;0.75700000;1025;EXCHANGE_LAST;;3;1;XEUR;5914370;135;
20.12.2024;14:40:42.420;B3BV SI 20251219 CS;SIMPLE_INSTRUMENT;BLOCK;EUR;113;0.75800000;1025;EXCHANGE_LAST;;3;1;XEUR;5914370;135;
20.12.2024;16:07:10.538;B3BV SI 20251219 CS;SIMPLE_INSTRUMENT;BLOCK;EUR;131;0.75700000;1025;EXCHANGE_LAST;;1;1;XEUR;5914370;135;
20.12.2024;16:07:04.538;B3BV SI 20251219 CS;SIMPLE_INSTRUMENT;BLOCK;EUR;132;0.75800000;1025;EXCHANGE_LAST;;1;1;XEUR;5914370;135;
20.12.2024;15:31:44.947;BALF SI 20241220 CS;SIMPLE_INSTRUMENT;BLOCK;CHF;119;161.30000000;370;EXCHANGE_LAST;;1;1;XEUR;7031644;146;
20.12.2024;09:03:22.295;BAS SI 20250117 PS AM C 45.50 0;SIMPLE_INSTRUMENT;BLOCK;EUR;1;0.15000000;1500;EXCHANGE_LAST;;1;1;XEUR;12068835;150;
20.12.2024;09:25:40.428;BAS SI 20241220 PS AM P 42.00 0;SIMPLE_INSTRUMENT;BLOCK;EUR;2;0.17000000;600;EXCHANGE_LAST;;1;1;XEUR;7509964;150;
20.12.2024;09:51:05.427;BAS SI 20250117 PS AM C 44.00 0;SIMPLE_INSTRUMENT;BLOCK;EUR;3;0.44000000;2000;EXCHANGE_LAST;;1;1;XEUR;12068772;150;
20.12.2024;12:00:07.051;BAS SI 20250321 PS AM C 50.00 0;SIMPLE_INSTRUMENT;BLOCK;EUR;6;0.32000000;5830;EXCHANGE_LAST;;1;1;XEUR;10831042;150;
20.12.2024;12:00:07.698;BAS SI 20250321 PS AM C 50.00 0;SIMPLE_INSTRUMENT;BLOCK;EUR;7;0.35000000;4170;EXCHANGE_LAST;;1;1;XEUR;10831042;150;
20.12.2024;12:07:49.747;BAS SI 20251219 PS AM C 47.00 0;SIMPLE_INSTRUMENT;BLOCK;EUR;8;2.08000000;750;EXCHANGE_LAST;;1;1;XEUR;7509822;150;
20.12.2024;12:25:58.270;BAS SI 20250221 PS AM C 45.00 0;SIMPLE_INSTRUMENT;BLOCK;EUR;10;0.86000000;2500;EXCHANGE_LAST;;1;3;XEUR;12238987;150;
20.12.2024;13:57:49.754;BAS SI 20250117 PS AM P 42.50 0;SIMPLE_INSTRUMENT;BLOCK;EUR;11;1.09000000;2000;EXCHANGE_LAST;;2;1;XEUR;12068803;150;
20.12.2024;13:58:26.454;BAS SI 20261218 PS AM P 36.00 0;SIMPLE_INSTRUMENT;BLOCK;EUR;12;3.53000000;500;EXCHANGE_LAST;;1;1;XEUR;7509960;150;
20.12.2024;14:43:05.700;BAS SI 20250117 PS AM P 44.00 0;SIMPLE_INSTRUMENT;BLOCK;EUR;13;2.02000000;1500;EXCHANGE_LAST;;1;1;XEUR;12068773;150;
20.12.2024;10:45:40.573;BAY.O.241220.BUL.000120;STANDARD_OPTION_STRATEGY;BLOCK;EUR;5;1.34000000;10000;EXCHANGE_LAST;;1;2;XEUR;72058315592507875;168;
20.12.2024;10:45:40.573;BAY SI 20250321 PS AM C 19.00 0;SIMPLE_INSTRUMENT;BLOCK;EUR;5;1.48000000;10000;PRC_DECOMP_EXCHANGE;;;;XEUR;10831496;168;EXCHANGE
20.12.2024;10:45:40.573;BAY SI 20250321 PS AM C 26.00 0;SIMPLE_INSTRUMENT;BLOCK;EUR;5;0.14000000;10000;PRC_DECOMP_EXCHANGE;;;;XEUR;10831479;168;EXCHANGE
20.12.2024;11:46:39.896;BAYG SI 20241220 CS;SIMPLE_INSTRUMENT;BLOCK;EUR;59;18.85400000;4000;EXCHANGE_LAST;;1;1;XEUR;7051807;76034;
20.12.2024;09:44:55.059;BBVG SI 20241220 CS;SIMPLE_INSTRUMENT;BLOCK;EUR;23;9.20000000;5000;EXCHANGE_LAST;;1;1;XEUR;7031975;163;
20.12.2024;15:53:44.237;BMW SI 20250117 PS AM C 80.00 0;SIMPLE_INSTRUMENT;BLOCK;EUR;18;1.20000000;3000;EXCHANGE_LAST;;1;3;XEUR;12070100;210;
20.12.2024;10:47:26.343;BMWF SI 20241220 CS;SIMPLE_INSTRUMENT;BLOCK;EUR;46;76.44000000;500;EXCHANGE_LAST;;1;1;XEUR;7032665;239;
20.12.2024;12:09:25.671;BNP.O.241220.STG.000108;STANDARD_OPTION_STRATEGY;BLOCK;EUR;18;6.75000000;1000;EXCHANGE_LAST;;1;1;XEUR;72058611945199741;237;
20.12.2024;12:09:25.671;BNP SI 20261218 PS AM P 44.00 0;SIMPLE_INSTRUMENT;BLOCK;EUR;18;4.10000000;1000;PRC_DECOMP_EXCHANGE;;;;XEUR;7154494;237;EXCHANGE
20.12.2024;12:09:25.671;BNP SI 20261218 PS AM C 66.00 0;SIMPLE_INSTRUMENT;BLOCK;EUR;18;2.65000000;1000;PRC_DECOMP_EXCHANGE;;;;XEUR;12372364;237;EXCHANGE
20.12.2024;14:01:51.562;BNP SI 20250321 PS AM P 48.00 0;SIMPLE_INSTRUMENT;BLOCK;EUR;26;0.60000000;1915;EXCHANGE_LAST;;1;1;XEUR;10833062;237;
20.12.2024;14:01:53.356;BNP SI 20250321 PS AM P 48.00 0;SIMPLE_INSTRUMENT;BLOCK;EUR;27;0.59000000;585;EXCHANGE_LAST;;1;1;XEUR;10833062;237;
20.12.2024;14:11:53.620;BNP SI 20241220 PS AM P 58.00 0;SIMPLE_INSTRUMENT;BLOCK;EUR;28;1.02000000;2000;EXCHANGE_LAST;;1;1;XEUR;11874782;237;
20.12.2024;12:09:07.973;BNPH SI 20250321 CS;SIMPLE_INSTRUMENT;BLOCK;EUR;67;57.50000000;3000;EXCHANGE_LAST;;1;1;XEUR;10695531;236;
20.12.2024;16:22:25.564;BOSS SI 20250620 PS AM C 44.00 0;SIMPLE_INSTRUMENT;BLOCK;EUR;28;4.70000000;1250;EXCHANGE_LAST;;1;1;XEUR;7899974;230;
20.12.2024;16:11:35.339;BSI.O.241220.CBUT.000104;STANDARD_OPTION_STRATEGY;BLOCK;EUR;28;0.05000000;400;EXCHANGE_LAST;;1;1;XEUR;72385373057061349;76317;
20.12.2024;16:11:35.339;BSI SI 20241220 PS AM C 110.00 0;SIMPLE_INSTRUMENT;BLOCK;EUR;28;21.80000000;400;PRC_DECOMP_EXCHANGE;;;;XEUR;10439901;76317;EXCHANGE
20.12.2024;16:11:35.339;BSI SI 20241220 PS AM C 130.00 0;SIMPLE_INSTRUMENT;BLOCK;EUR;28;1.81000000;400;PRC_DECOMP_EXCHANGE;;;;XEUR;10439928;76317;EXCHANGE
20.12.2024;16:11:35.339;BSI SI 20241220 PS AM C 120.00 0;SIMPLE_INSTRUMENT;BLOCK;EUR;28;11.78000000;800;PRC_DECOMP_EXCHANGE;;;;XEUR;9139589;76317;EXCHANGE
20.12.2024;16:13:15.118;BSN SI 20241220 PS AM C 64.00 0;SIMPLE_INSTRUMENT;BLOCK;EUR;37;0.18000000;1000;EXCHANGE_LAST;;1;1;XEUR;4640743;241;
20.12.2024;09:38:59.174;BSNH SI 20241220 CS;SIMPLE_INSTRUMENT;BLOCK;EUR;20;63.95000000;250;EXCHANGE_LAST;;1;1;XEUR;7032984;274;
20.12.2024;13:55:55.875;C4RI SI 20251219 CS;SIMPLE_INSTRUMENT;BLOCK;EUR;104;2.59500000;250;EXCHANGE_LAST;;1;1;XEUR;5914459;50862;
20.12.2024;14:16:39.259;C4RI SI 20251219 CS;SIMPLE_INSTRUMENT;BLOCK;EUR;110;2.59000000;250;EXCHANGE_LAST;;1;1;XEUR;5914459;50862;
20.12.2024;09:19:08.840;CBK.O.241220.COMBO.000108;STANDARD_OPTION_STRATEGY;BLOCK;EUR;3;0.38000000;1500;EXCHANGE_LAST;;1;1;XEUR;72058745089203055;268;
20.12.2024;09:19:08.840;CBK SI 20260619 PS AM P 12.00 0;SIMPLE_INSTRUMENT;BLOCK;EUR;3;1.21000000;1500;PRC_DECOMP_EXCHANGE;;;;XEUR;9542175;268;EXCHANGE
20.12.2024;09:19:08.840;CBK SI 20260619 PS AM C 20.00 0;SIMPLE_INSTRUMENT;BLOCK;EUR;3;0.83000000;1500;PRC_DECOMP_EXCHANGE;;;;XEUR;9666939;268;EXCHANGE
20.12.2024;13:36:41.460;CBK.O.241220.ICOND.000117;STANDARD_OPTION_STRATEGY;BLOCK;EUR;15;0.56000000;5000;EXCHANGE_LAST;;1;1;XEUR;72058745089203064;268;
20.12.2024;13:36:41.460;CBK SI 20241220 PS AM P 15.80 0;SIMPLE_INSTRUMENT;BLOCK;EUR;15;0.58000000;5000;PRC_DECOMP_MEMBER;;;;XEUR;11621473;268;MEMBER
20.12.2024;13:36:41.460;CBK SI 20241220 PS AM P 14.80 0;SIMPLE_INSTRUMENT;BLOCK;EUR;15;0.02000000;5000;PRC_DECOMP_MEMBER;;;;XEUR;11621400;268;MEMBER
20.12.2024;13:36:41.460;CBK SI 20241220 PS AM C 18.80 0;SIMPLE_INSTRUMENT;BLOCK;EUR;15;0.02000000;5000;PRC_DECOMP_MEMBER;;;;XEUR;11621339;268;MEMBER
20.12.2024;13:36:41.460;CBK SI 20241220 PS AM C 17.80 0;SIMPLE_INSTRUMENT;BLOCK;EUR;15;0.02000000;5000;PRC_DECOMP_MEMBER;;;;XEUR;11621331;268;MEMBER
20.12.2024;13:36:37.036;CBK.O.241220.ICOND.000118;STANDARD_OPTION_STRATEGY;BLOCK;EUR;16;0.48000000;10000;EXCHANGE_LAST;;1;1;XEUR;72058745089203065;268;
20.12.2024;13:36:37.036;CBK SI 20241220 PS AM C 18.40 0;SIMPLE_INSTRUMENT;BLOCK;EUR;16;0.02000000;10000;PRC_DECOMP_MEMBER;;;;XEUR;11621335;268;MEMBER
20.12.2024;13:36:37.036;CBK SI 20241220 PS AM P 14.70 0;SIMPLE_INSTRUMENT;BLOCK;EUR;16;0.02000000;10000;PRC_DECOMP_MEMBER;;;;XEUR;12136823;268;MEMBER
20.12.2024;13:36:37.036;CBK SI 20241220 PS AM C 17.40 0;SIMPLE_INSTRUMENT;BLOCK;EUR;16;0.02000000;10000;PRC_DECOMP_MEMBER;;;;XEUR;11621483;268;MEMBER
20.12.2024;13:36:37.036;CBK SI 20241220 PS AM P 15.70 0;SIMPLE_INSTRUMENT;BLOCK;EUR;16;0.50000000;10000;PRC_DECOMP_MEMBER;;;;XEUR;12136821;268;MEMBER
20.12.2024;09:45:54.754;CFR SI 20250321 PS AM C 140.00 0;SIMPLE_INSTRUMENT;BLOCK;CHF;16;4.55000000;1000;EXCHANGE_LAST;;1;1;XEUR;10834904;313;
20.12.2024;13:43:34.783;CFR SI 20250919 PS AM P 120.00 0;SIMPLE_INSTRUMENT;BLOCK;CHF;61;7.70000000;300;EXCHANGE_LAST;;1;1;XEUR;11876511;313;
20.12.2024;13:44:05.689;CFR SI 20241220 PS AM C 134.00 0;SIMPLE_INSTRUMENT;BLOCK;CHF;62;0.39000000;700;EXCHANGE_LAST;;1;1;XEUR;11328180;313;
20.12.2024;13:54:55.223;CFR SI 20250919 PS AM P 120.00 0;SIMPLE_INSTRUMENT;BLOCK;CHF;69;7.70000000;500;EXCHANGE_LAST;;1;1;XEUR;11876511;313;
20.12.2024;09:47:08.811;CFRE SI 20241220 PS EU C 134.00 0;SIMPLE_INSTRUMENT;BLOCK;CHF;17;0.60000000;1000;EXCHANGE_LAST;;1;1;XEUR;11329145;156129;
20.12.2024;13:44:37.538;CFRE SI 20241220 PS EU C 134.00 0;SIMPLE_INSTRUMENT;BLOCK;CHF;63;0.41000000;700;EXCHANGE_LAST;;1;1;XEUR;11329145;156129;
20.12.2024;10:31:58.869;CFRL SI 20241220 CS;SIMPLE_INSTRUMENT;BLOCK;CHF;40;132.55000000;775;EXCHANGE_LAST;;1;1;XEUR;10093261;729453;
20.12.2024;14:01:31.491;CON SI 20250117 PS AM C 67.00 0;SIMPLE_INSTRUMENT;BLOCK;EUR;13;0.75000000;1478;EXCHANGE_LAST;;1;1;XEUR;12106618;414620;
20.12.2024;14:02:13.156;CON SI 20250117 PS AM C 72.00 0;SIMPLE_INSTRUMENT;BLOCK;EUR;14;0.10000000;1478;EXCHANGE_LAST;;1;1;XEUR;12220087;414620;
20.12.2024;14:31:00.807;CSGE.O.241220.BRT.000101;STANDARD_OPTION_STRATEGY;BLOCK;CHF;78;0.08000000;3900;EXCHANGE_LAST;;1;1;XEUR;72059015672106643;331;
20.12.2024;14:31:00.807;CSGE SI 20241220 PS EU P 170.17 2;SIMPLE_INSTRUMENT;BLOCK;CHF;78;143.68000000;3900;PRC_DECOMP_EXCHANGE;;;;XEUR;4642020;331;EXCHANGE
20.12.2024;14:31:00.807;CSGE SI 20251219 PS EU P 170.17 2;SIMPLE_INSTRUMENT;BLOCK;CHF;78;143.76000000;3900;PRC_DECOMP_EXCHANGE;;;;XEUR;5925448;331;EXCHANGE
20.12.2024;09:15:30.147;D3AI SI 20251219 CS;SIMPLE_INSTRUMENT;BLOCK;EUR;10;3.96000000;150;EXCHANGE_LAST;;2;1;XEUR;7144062;443197;
20.12.2024;12:55:36.620;D3AI SI 20250321 CS;SIMPLE_INSTRUMENT;BLOCK;EUR;83;0.00100000;344;EXCHANGE_LAST;;1;1;XEUR;10455192;443197;
20.12.2024;16:15:15.765;D3AI SI 20251219 CS;SIMPLE_INSTRUMENT;BLOCK;EUR;136;3.98000000;100;EXCHANGE_LAST;;1;1;XEUR;7144062;443197;
20.12.2024;12:08:33.585;DAI SI 20250321 PS AM C 54.00 0;SIMPLE_INSTRUMENT;BLOCK;EUR;8;2.59000000;2000;EXCHANGE_LAST;;1;2;XEUR;12203204;443196;
20.12.2024;12:08:38.487;DAI SI 20250321 PS AM C 60.00 0;SIMPLE_INSTRUMENT;BLOCK;EUR;9;0.74000000;3000;EXCHANGE_LAST;;2;1;XEUR;10884520;443196;
20.12.2024;12:55:35.089;DAIG SI 20250321 CS;SIMPLE_INSTRUMENT;BLOCK;EUR;82;53.54200000;4000;EXCHANGE_LAST;;1;1;XEUR;10734482;443203;
20.12.2024;09:11:57.618;DB1H SI 20241220 CS;SIMPLE_INSTRUMENT;BLOCK;EUR;7;222.90000000;500;EXCHANGE_LAST;;1;1;XEUR;7033672;363;
20.12.2024;10:06:39.594;DBK.O.241220.STD.000109;STANDARD_OPTION_STRATEGY;BLOCK;EUR;10;1.97000000;2500;EXCHANGE_LAST;;1;1;XEUR;72059148816160069;362;
20.12.2024;10:06:39.594;DBK SI 20250321 PS AM C 16.00 0;SIMPLE_INSTRUMENT;BLOCK;EUR;10;1.08000000;2500;PRC_DECOMP_EXCHANGE;;;;XEUR;10835694;362;EXCHANGE
20.12.2024;10:06:39.594;DBK SI 20250321 PS AM P 16.00 0;SIMPLE_INSTRUMENT;BLOCK;EUR;10;0.89000000;2500;PRC_DECOMP_EXCHANGE;;;;XEUR;10835584;362;EXCHANGE
20.12.2024;11:08:23.383;DHE SI 20250117 PS AM C 45.00 0;SIMPLE_INSTRUMENT;BLOCK;EUR;19;0.03000000;600;EXCHANGE_LAST;;1;1;XEUR;12096160;57135;
20.12.2024;11:08:45.902;DHE SI 20250117 PS AM C 44.00 0;SIMPLE_INSTRUMENT;BLOCK;EUR;20;0.04000000;700;EXCHANGE_LAST;;1;1;XEUR;12096182;57135;
20.12.2024;11:42:40.164;DHE SI 20250117 PS AM C 45.00 0;SIMPLE_INSTRUMENT;BLOCK;EUR;22;0.03000000;500;EXCHANGE_LAST;;1;1;XEUR;12096160;57135;
20.12.2024;08:41:46.473;DTE SI 20241220 PS AM P 29.00 0;SIMPLE_INSTRUMENT;BLOCK;EUR;1;0.05000000;1500;EXCHANGE_LAST;;1;1;XEUR;11878497;424;
20.12.2024;08:41:48.755;DTE SI 20241220 PS AM P 30.00 0;SIMPLE_INSTRUMENT;BLOCK;EUR;2;0.98000000;1500;EXCHANGE_LAST;;1;1;XEUR;10402195;424;
20.12.2024;08:47:49.558;DTE SI 20241220 PS AM P 29.50 0;SIMPLE_INSTRUMENT;BLOCK;EUR;3;0.41000000;6750;EXCHANGE_LAST;;1;1;XEUR;11878492;424;
20.12.2024;08:47:49.941;DTE SI 20241220 PS AM P 29.00 0;SIMPLE_INSTRUMENT;BLOCK;EUR;4;0.01000000;6750;EXCHANGE_LAST;;1;1;XEUR;11878497;424;
20.12.2024;11:18:31.123;DTE.O.241220.CNV.000114;STANDARD_OPTION_STRATEGY;BLOCK;EUR;21;-0.04000000;3000;EXCHANGE_LAST;;1;1;XEUR;72059415104107230;424;
20.12.2024;11:18:31.123;DTE SI 20241220 PS AM C 29.00 0;SIMPLE_INSTRUMENT;BLOCK;EUR;21;0.08000000;3000;PRC_DECOMP_EXCHANGE;;;;XEUR;11878495;424;EXCHANGE
20.12.2024;11:18:31.123;DTE SI 20241220 PS AM P 29.00 0;SIMPLE_INSTRUMENT;BLOCK;EUR;21;0.12000000;3000;PRC_DECOMP_EXCHANGE;;;;XEUR;11878497;424;EXCHANGE
20.12.2024;13:38:47.613;DTE SI 20241220 PS AM P 29.00 0;SIMPLE_INSTRUMENT;BLOCK;EUR;24;0.20000000;6750;EXCHANGE_LAST;;1;1;XEUR;11878497;424;
20.12.2024;13:38:48.633;DTE SI 20241220 PS AM P 29.50 0;SIMPLE_INSTRUMENT;BLOCK;EUR;25;0.65000000;6750;EXCHANGE_LAST;;1;1;XEUR;11878492;424;
20.12.2024;10:26:43.920;DTEF SI 20241220 CS;SIMPLE_INSTRUMENT;BLOCK;EUR;38;29.00000000;623;EXCHANGE_LAST;;1;1;XEUR;7034388;430;
20.12.2024;15:37:47.289;DTEF SI 20241220 CS;SIMPLE_INSTRUMENT;BLOCK;EUR;124;28.87000000;1650;EXCHANGE_LAST;;1;1;XEUR;7034388;430;
20.12.2024;09:52:13.489;DWSE SI 20241220 PS EU C 32.43 1;SIMPLE_INSTRUMENT;BLOCK;EUR;8;7.05000000;2000;EXCHANGE_LAST;;1;1;XEUR;10049795;724770;
20.12.2024;09:53:19.126;DWSE SI 20250321 PS EU C 34.00 0;SIMPLE_INSTRUMENT;BLOCK;EUR;9;5.95000000;1000;EXCHANGE_LAST;;1;1;XEUR;11289152;724770;
20.12.2024;09:54:26.248;DWSE SI 20250620 PS EU C 34.00 0;SIMPLE_INSTRUMENT;BLOCK;EUR;10;5.02000000;1000;EXCHANGE_LAST;;1;1;XEUR;11414378;724770;
20.12.2024;10:29:33.681;DYS1 SI 20250221 PS AM C 37.50 0;SIMPLE_INSTRUMENT;BLOCK;EUR;10;0.39000000;1054;EXCHANGE_LAST;;1;1;XEUR;12313288;475;
20.12.2024;10:29:59.633;DYS1 SI 20250221 PS AM C 37.50 0;SIMPLE_INSTRUMENT;BLOCK;EUR;11;0.37000000;2720;EXCHANGE_LAST;;1;1;XEUR;12313288;475;
20.12.2024;11:07:45.290;E2NG SI 20241220 CS;SIMPLE_INSTRUMENT;BLOCK;EUR;50;2.14000000;525;EXCHANGE_LAST;;1;1;XEUR;6858178;412280;
20.12.2024;16:42:37.054;E2NL SI 20291221 CS;SIMPLE_INSTRUMENT;BLOCK;EUR;141;0.35000000;500;EXCHANGE_LAST;;1;1;XEUR;8378994;471;
20.12.2024;16:47:54.078;E2NL SI 20261218 CS;SIMPLE_INSTRUMENT;BLOCK;EUR;146;0.42000000;4762;EXCHANGE_LAST;;1;1;XEUR;4632356;471;
20.12.2024;18:19:38.891;E2NL SI 20271217 CS;SIMPLE_INSTRUMENT;BLOCK;EUR;159;0.41000000;700;EXCHANGE_LAST;;1;1;XEUR;5914571;471;
20.12.2024;18:19:46.561;E2NL SI 20281215 CS;SIMPLE_INSTRUMENT;BLOCK;EUR;160;0.37700000;500;EXCHANGE_LAST;;1;1;XEUR;6802276;471;
20.12.2024;18:19:56.953;E2NL SI 20281215 CS;SIMPLE_INSTRUMENT;BLOCK;EUR;161;0.37800000;500;EXCHANGE_LAST;;1;1;XEUR;6802276;471;
20.12.2024;09:39:30.527;EAD SI 20241220 PS AM C 140.00 0;SIMPLE_INSTRUMENT;BLOCK;EUR;5;14.52000000;750;EXCHANGE_LAST;;1;1;XEUR;11013841;465;
20.12.2024;11:52:41.122;EAD SI 20251219 PS AM P 160.00 0;SIMPLE_INSTRUMENT;BLOCK;EUR;16;17.25000000;500;EXCHANGE_LAST;;1;1;XEUR;11013927;465;
20.12.2024;16:09:59.841;EAD.O.241220.STG.000117;STANDARD_OPTION_STRATEGY;BLOCK;EUR;36;16.25000000;300;EXCHANGE_LAST;;1;1;XEUR;72059591197747221;465;
20.12.2024;16:09:59.841;EAD SI 20250919 PS AM P 130.00 0;SIMPLE_INSTRUMENT;BLOCK;EUR;36;4.73000000;300;PRC_DECOMP_MEMBER;;;;XEUR;11879589;465;MEMBER
20.12.2024;16:09:59.841;EAD SI 20250919 PS AM C 160.00 0;SIMPLE_INSTRUMENT;BLOCK;EUR;36;11.52000000;300;PRC_DECOMP_MEMBER;;;;XEUR;11879601;465;MEMBER
20.12.2024;10:38:39.104;EADG SI 20250117 CS;SIMPLE_INSTRUMENT;BLOCK;EUR;44;155.00000000;3000;EXCHANGE_LAST;;1;1;XEUR;11420370;840008;
20.12.2024;11:50:45.914;EADP SI 20250117 PS;SIMPLE_INSTRUMENT;BLOCK;EUR;58;155.47000000;700;EXCHANGE_LAST;;1;1;XEUR;10441592;124301;
20.12.2024;11:11:07.324;EG4F SI 20241220 CS;SIMPLE_INSTRUMENT;BLOCK;EUR;51;11.85000000;6000;EXCHANGE_LAST;;1;1;XEUR;7034666;448;
20.12.2024;16:11:22.294;ENL5.O.241220.STG.000103;STANDARD_OPTION_STRATEGY;BLOCK;EUR;27;1.34000000;1000;EXCHANGE_LAST;;1;1;XEUR;72059741521586565;500;
20.12.2024;16:11:22.294;ENL5 SI 20271216 PS AM C 7.20 0;SIMPLE_INSTRUMENT;BLOCK;EUR;27;0.40150000;1000;PRC_DECOMP_EXCHANGE;;;;XEUR;8765099;500;EXCHANGE
20.12.2024;16:11:22.294;ENL5 SI 20271216 PS AM P 6.40 0;SIMPLE_INSTRUMENT;BLOCK;EUR;27;0.93850000;1000;PRC_DECOMP_EXCHANGE;;;;XEUR;8765192;500;EXCHANGE
20.12.2024;09:03:12.224;ENT5 SI 20250320 PS AM P 12.00 0;SIMPLE_INSTRUMENT;BLOCK;EUR;6;0.22500000;1500;EXCHANGE_LAST;;1;1;XEUR;10822876;497;
20.12.2024;09:08:20.313;ENT5 SI 20250619 PS AM C 13.00 0;SIMPLE_INSTRUMENT;BLOCK;EUR;7;0.44000000;1200;EXCHANGE_LAST;;1;1;XEUR;10742896;497;
20.12.2024;09:08:26.874;ENT5 SI 20250619 PS AM P 12.00 0;SIMPLE_INSTRUMENT;BLOCK;EUR;8;0.55000000;1200;EXCHANGE_LAST;;1;1;XEUR;7889861;497;
20.12.2024;13:12:53.612;ENT5 SI 20251218 PS AM P 11.00 0;SIMPLE_INSTRUMENT;BLOCK;EUR;17;0.54000000;1500;EXCHANGE_LAST;;1;1;XEUR;12421460;497;
20.12.2024;13:15:22.418;ENT5 SI 20260618 PS AM P 12.00 0;SIMPLE_INSTRUMENT;BLOCK;EUR;18;1.20000000;2000;EXCHANGE_LAST;;1;1;XEUR;9531346;497;
20.12.2024;13:52:42.198;ENT5 SI 20260618 PS AM P 12.00 0;SIMPLE_INSTRUMENT;BLOCK;EUR;19;1.20000000;2000;EXCHANGE_LAST;;2;1;XEUR;9531346;497;
20.12.2024;13:36:47.465;EOA SI 20241220 PS AM P 12.00 0;SIMPLE_INSTRUMENT;BLOCK;EUR;11;0.91000000;2654;EXCHANGE_LAST;;1;1;XEUR;4644610;49065;
20.12.2024;14:01:45.552;F3IA SI 20261218 CS;SIMPLE_INSTRUMENT;BLOCK;EUR;105;1.32000000;1140;EXCHANGE_LAST;;1;1;XEUR;6830373;390387;
20.12.2024;12:54:15.041;F3TE SI 20251219 CS;SIMPLE_INSTRUMENT;BLOCK;EUR;79;0.72200000;137;EXCHANGE_LAST;;1;1;XEUR;6633903;390379;
20.12.2024;12:54:15.235;F3TE SI 20251219 CS;SIMPLE_INSTRUMENT;BLOCK;EUR;80;0.72300000;138;EXCHANGE_LAST;;1;1;XEUR;6633903;390379;
20.12.2024;08:42:26.783;FBTP SI 20250306 PS;SIMPLE_INSTRUMENT;EFP_FIN;EUR;1;120.42000000;362;EXCHANGE_LAST;;1;1;XEUR;11286675;636;
20.12.2024;09:14:52.251;FBTP SI 20250306 PS;SIMPLE_INSTRUMENT;EFP_FIN;EUR;2;120.32000000;52;EXCHANGE_LAST;;1;1;XEUR;11286675;636;
20.12.2024;09:27:26.630;FBTP SI 20250306 PS;SIMPLE_INSTRUMENT;EFP_FIN;EUR;3;120.33000000;324;EXCHANGE_LAST;;1;1;XEUR;11286675;636;
20.12.2024;10:15:23.078;FBTP SI 20250306 PS;SIMPLE_INSTRUMENT;BLOCK;EUR;4;120.45000000;472;EXCHANGE_LAST;;1;1;XEUR;11286675;636;
20.12.2024;10:24:38.914;FBTP SI 20250306 PS;SIMPLE_INSTRUMENT;EFP_FIN;EUR;5;120.39000000;159;EXCHANGE_LAST;;1;1;XEUR;11286675;636;
20.12.2024;10:27:33.862;FBTP SI 20250306 PS;SIMPLE_INSTRUMENT;BLOCK;EUR;6;120.44000000;1050;EXCHANGE_LAST;;1;1;XEUR;11286675;636;
20.12.2024;10:42:26.355;FBTP SI 20250306 PS;SIMPLE_INSTRUMENT;EFP_FIN;EUR;7;120.41000000;213;EXCHANGE_LAST;;1;1;XEUR;11286675;636;
20.12.2024;10:56:44.118;FBTP SI 20250306 PS;SIMPLE_INSTRUMENT;EFP_FIN;EUR;8;120.44000000;266;EXCHANGE_LAST;;1;1;XEUR;11286675;636;
20.12.2024;11:23:59.490;FBTP SI 20250306 PS;SIMPLE_INSTRUMENT;EFP_FIN;EUR;9;120.40000000;96;EXCHANGE_LAST;;1;1;XEUR;11286675;636;
20.12.2024;11:41:06.210;FBTP SI 20250306 PS;SIMPLE_INSTRUMENT;BLOCK;EUR;11;120.43000000;680;EXCHANGE_LAST;;1;1;XEUR;11286675;636;
20.12.2024;11:53:42.707;FBTP SI 20250306 PS;SIMPLE_INSTRUMENT;BLOCK;EUR;12;120.40000000;358;EXCHANGE_LAST;;1;1;XEUR;11286675;636;
20.12.2024;11:53:44.908;FBTP SI 20250306 PS;SIMPLE_INSTRUMENT;BLOCK;EUR;13;120.40000000;1276;EXCHANGE_LAST;;1;1;XEUR;11286675;636;
20.12.2024;12:03:32.172;FBTP SI 20250306 PS;SIMPLE_INSTRUMENT;EFP_FIN;EUR;14;120.36000000;75;EXCHANGE_LAST;;1;1;XEUR;11286675;636;
20.12.2024;12:04:26.827;FBTP SI 20250306 PS;SIMPLE_INSTRUMENT;EFP_FIN;EUR;15;120.33000000;1558;EXCHANGE_LAST;;1;1;XEUR;11286675;636;
20.12.2024;12:04:53.093;FBTP SI 20250306 PS;SIMPLE_INSTRUMENT;BLOCK;EUR;16;120.32000000;805;EXCHANGE_LAST;;1;1;XEUR;11286675;636;
20.12.2024;12:32:12.875;FBTP SI 20250306 PS;SIMPLE_INSTRUMENT;EFP_FIN;EUR;17;120.31000000;116;EXCHANGE_LAST;;1;1;XEUR;11286675;636;
20.12.2024;13:04:58.308;FBTP SI 20250306 PS;SIMPLE_INSTRUMENT;EFP_FIN;EUR;18;120.37000000;184;EXCHANGE_LAST;;1;1;XEUR;11286675;636;
20.12.2024;13:09:15.900;FBTP SI 20250306 PS;SIMPLE_INSTRUMENT;EFP_FIN;EUR;19;120.37000000;359;EXCHANGE_LAST;;1;1;XEUR;11286675;636;
20.12.2024;13:30:09.820;FBTP SI 20250306 PS;SIMPLE_INSTRUMENT;EFP_FIN;EUR;20;120.41000000;114;EXCHANGE_LAST;;1;1;XEUR;11286675;636;
20.12.2024;13:32:13.827;FBTP SI 20250306 PS;SIMPLE_INSTRUMENT;EFP_FIN;EUR;21;120.41000000;86;EXCHANGE_LAST;;1;1;XEUR;11286675;636;
20.12.2024;14:05:41.922;FBTP SI 20250306 PS;SIMPLE_INSTRUMENT;EFP_FIN;EUR;22;120.64000000;230;EXCHANGE_LAST;;1;1;XEUR;11286675;636;
20.12.2024;14:12:25.302;FBTP SI 20250306 PS;SIMPLE_INSTRUMENT;EFP_FIN;EUR;23;120.54000000;448;EXCHANGE_LAST;;1;1;XEUR;11286675;636;
20.12.2024;14:20:19.593;FBTP SI 20250306 PS;SIMPLE_INSTRUMENT;EFP_FIN;EUR;24;120.61000000;75;EXCHANGE_LAST;;1;1;XEUR;11286675;636;
20.12.2024;14:32:45.618;FBTP SI 20250306 PS;SIMPLE_INSTRUMENT;EFP_FIN;EUR;25;120.55000000;927;EXCHANGE_LAST;;1;1;XEUR;11286675;636;
20.12.2024;14:52:06.814;FBTP SI 20250306 PS;SIMPLE_INSTRUMENT;EFP_FIN;EUR;26;120.57000000;118;EXCHANGE_LAST;;1;1;XEUR;11286675;636;
20.12.2024;14:59:00.109;FBTP SI 20250306 PS;SIMPLE_INSTRUMENT;BLOCK;EUR;27;120.58000000;805;EXCHANGE_LAST;;1;1;XEUR;11286675;636;
20.12.2024;15:12:02.749;FBTP SI 20250306 PS;SIMPLE_INSTRUMENT;EFP_FIN;EUR;28;120.63000000;282;EXCHANGE_LAST;;1;1;XEUR;11286675;636;
20.12.2024;15:15:02.760;FBTP SI 20250306 PS;SIMPLE_INSTRUMENT;EFP_FIN;EUR;29;120.56000000;135;EXCHANGE_LAST;;1;1;XEUR;11286675;636;
20.12.2024;16:10:24.277;FBTP SI 20250306 PS;SIMPLE_INSTRUMENT;EFP_FIN;EUR;30;120.66000000;142;EXCHANGE_LAST;;1;1;XEUR;11286675;636;
20.12.2024;16:13:11.289;FBTP SI 20250306 PS;SIMPLE_INSTRUMENT;EFP_FIN;EUR;31;120.66000000;71;EXCHANGE_LAST;;1;1;XEUR;11286675;636;
20.12.2024;16:21:42.867;FBTP SI 20250306 PS;SIMPLE_INSTRUMENT;EFP_FIN;EUR;32;120.64000000;672;EXCHANGE_LAST;;1;1;XEUR;11286675;636;
20.12.2024;08:09:46.553;FBTP SI 20250306 PS;SIMPLE_INSTRUMENT;VOLA;EUR;268435465;120.36000000;190;EXCHANGE_LAST;;1;1;XEUR;11286675;636;
20.12.2024;08:30:25.120;FBTP SI 20250306 PS;SIMPLE_INSTRUMENT;VOLA;EUR;268435469;120.45000000;125;EXCHANGE_LAST;;1;1;XEUR;11286675;636;
20.12.2024;10:26:36.902;FBTS SI 20250306 PS;SIMPLE_INSTRUMENT;EFP_FIN;EUR;4;107.59000000;578;EXCHANGE_LAST;;1;1;XEUR;11286677;639;
20.12.2024;11:03:18.484;FBTS SI 20250306 PS;SIMPLE_INSTRUMENT;EFP_FIN;EUR;6;107.56000000;1479;EXCHANGE_LAST;;1;1;XEUR;11286677;639;
20.12.2024;11:05:54.402;FBTS SI 20250306 PS;SIMPLE_INSTRUMENT;EFP_FIN;EUR;7;107.57000000;2372;EXCHANGE_LAST;;1;1;XEUR;11286677;639;
20.12.2024;11:09:37.753;FBTS SI 20250306 PS;SIMPLE_INSTRUMENT;EFP_FIN;EUR;8;107.57000000;148;EXCHANGE_LAST;;1;1;XEUR;11286677;639;
20.12.2024;11:27:48.055;FBTS SI 20250306 PS;SIMPLE_INSTRUMENT;EFP_FIN;EUR;9;107.57000000;2724;EXCHANGE_LAST;;1;1;XEUR;11286677;639;
20.12.2024;11:36:45.747;FBTS SI 20250306 PS;SIMPLE_INSTRUMENT;EFP_FIN;EUR;10;107.56000000;2269;EXCHANGE_LAST;;1;1;XEUR;11286677;639;
20.12.2024;11:57:05.735;FBTS SI 20250306 PS;SIMPLE_INSTRUMENT;EFP_FIN;EUR;12;107.57000000;1040;EXCHANGE_LAST;;1;1;XEUR;11286677;639;
20.12.2024;12:44:39.358;FBTS SI 20250306 PS;SIMPLE_INSTRUMENT;EFP_FIN;EUR;14;107.57000000;454;EXCHANGE_LAST;;1;1;XEUR;11286677;639;
20.12.2024;13:34:02.834;FBTS SI 20250306 PS;SIMPLE_INSTRUMENT;EFP_FIN;EUR;16;107.57000000;133;EXCHANGE_LAST;;1;1;XEUR;11286677;639;
20.12.2024;13:33:59.246;FBTS SI 20250306 PS;SIMPLE_INSTRUMENT;EFP_FIN;EUR;17;107.59000000;220;EXCHANGE_LAST;;1;1;XEUR;11286677;639;
20.12.2024;14:32:56.974;FCBU SI 20250103 CS;SIMPLE_INSTRUMENT;BLOCK;USD;2;0.16360000;500;EXCHANGE_LAST;;1;1;XEUR;10519769;570870;
20.12.2024;15:35:37.269;FCBU SI 20250103 CS;SIMPLE_INSTRUMENT;BLOCK;USD;3;0.16440000;975;EXCHANGE_LAST;;1;1;XEUR;10519769;570870;
20.12.2024;15:37:30.800;FCBU SI 20250204 CS;SIMPLE_INSTRUMENT;BLOCK;USD;4;0.16370000;975;EXCHANGE_LAST;;1;1;XEUR;10653727;570870;
20.12.2024;12:50:32.229;FCEU SI 20250317 PS;SIMPLE_INSTRUMENT;BLOCK;USD;1;1.04380000;93;EXCHANGE_LAST;;1;1;XEUR;9136240;369376;
20.12.2024;08:42:17.575;FD3D SI 20261218 CS;SIMPLE_INSTRUMENT;BLOCK;EUR;2;99.60000000;60;EXCHANGE_LAST;;1;1;XEUR;7158183;588;
20.12.2024;08:42:18.125;FD3D SI 20261218 CS;SIMPLE_INSTRUMENT;BLOCK;EUR;3;99.90000000;60;EXCHANGE_LAST;;1;1;XEUR;7158183;588;
20.12.2024;08:48:14.048;FD3D SI 20251219 CS;SIMPLE_INSTRUMENT;BLOCK;EUR;5;101.50000000;200;EXCHANGE_LAST;;1;1;XEUR;5914068;588;
20.12.2024;16:48:14.365;FDAX SI 20250321 CS;SIMPLE_INSTRUMENT;EFP_IDX;EUR;1;20065.00000000;37;EXCHANGE_LAST;;1;1;XEUR;7561255;589;
20.12.2024;16:48:52.768;FDAX SI 20250321 CS;SIMPLE_INSTRUMENT;EFP_IDX;EUR;2;20064.00000000;12;EXCHANGE_LAST;;1;1;XEUR;7561255;589;
20.12.2024;09:25:20.605;FDAX SI 20250321 CS;SIMPLE_INSTRUMENT;VOLA;EUR;671088643;19931.00000000;4;EXCHANGE_LAST;;1;1;XEUR;7561255;589;
20.12.2024;08:42:50.749;FEBD SI 20251219 CS;SIMPLE_INSTRUMENT;BLOCK;EUR;4;10.25000000;1000;EXCHANGE_LAST;;1;1;XEUR;5914075;597;
20.12.2024;09:01:37.153;FEBD SI 20261218 CS;SIMPLE_INSTRUMENT;BLOCK;EUR;9;9.30000000;350;EXCHANGE_LAST;;2;1;XEUR;7158212;597;
20.12.2024;09:11:51.649;FEBD SI 20261218 CS;SIMPLE_INSTRUMENT;BLOCK;EUR;10;9.25000000;400;EXCHANGE_LAST;;1;1;XEUR;7158212;597;
20.12.2024;09:21:06.922;FEBD SI 20261218 CS;SIMPLE_INSTRUMENT;BLOCK;EUR;13;9.29000000;500;EXCHANGE_LAST;;1;1;XEUR;7158212;597;
20.12.2024;16:28:38.261;FEBD SI 20261218 CS;SIMPLE_INSTRUMENT;BLOCK;EUR;46;9.40000000;250;EXCHANGE_LAST;;1;1;XEUR;7158212;597;
20.12.2024;13:30:52.447;FEDV SI 20250321 CS;SIMPLE_INSTRUMENT;BLOCK;EUR;35;1585.00000000;22000;EXCHANGE_LAST;;3;3;XEUR;11359068;596;
20.12.2024;13:45:00.517;FES1 SI 20250321 PS;SIMPLE_INSTRUMENT;BLOCK;EUR;37;26.10000000;159;EXCHANGE_LAST;;1;1;XEUR;11391470;58959;
20.12.2024;08:25:14.719;FESB SI 20241220 CS;SIMPLE_INSTRUMENT;BLOCK;EUR;41;142.30000000;9967;EXCHANGE_LAST;;1;1;XEUR;10838895;605;
20.12.2024;08:48:13.038;FESB SI 20250321 CS;SIMPLE_INSTRUMENT;BLOCK;EUR;52;142.30000000;3000;EXCHANGE_LAST;;1;1;XEUR;11359072;605;
20.12.2024;10:18:13.688;FESB.S.DEC24.MAR25.SPD;FUTURES_SPREAD;BLOCK;EUR;57;-0.58000000;2000;EXCHANGE_LAST;;1;1;XEUR;72060192493142108;605;
20.12.2024;10:18:13.688;FESB SI 20241220 CS;SIMPLE_INSTRUMENT;BLOCK;EUR;57;141.50000000;2000;PRC_DECOMP_MEMBER;;;;XEUR;10838895;605;MEMBER
20.12.2024;10:18:13.688;FESB SI 20250321 CS;SIMPLE_INSTRUMENT;BLOCK;EUR;57;142.08000000;2000;PRC_DECOMP_MEMBER;;;;XEUR;11359072;605;MEMBER
20.12.2024;14:58:27.647;FESB SI 20250321 CS;SIMPLE_INSTRUMENT;BLOCK;EUR;73;142.70000000;2800;EXCHANGE_LAST;;1;1;XEUR;11359072;605;
20.12.2024;13:22:50.188;FESB SI 20250321 CS;SIMPLE_INSTRUMENT;VOLA;EUR;603979833;142.00000000;1600;EXCHANGE_LAST;;1;1;XEUR;11359072;605;
20.12.2024;15:15:04.502;FESB SI 20250321 CS;SIMPLE_INSTRUMENT;VOLA;EUR;603979878;141.50000000;1000;EXCHANGE_LAST;;1;1;XEUR;11359072;605;
20.12.2024;15:11:05.650;FESB SI 20250321 CS;SIMPLE_INSTRUMENT;VOLA;EUR;603979879;141.50000000;600;EXCHANGE_LAST;;1;1;XEUR;11359072;605;
20.12.2024;15:38:37.020;FESB SI 20250321 CS;SIMPLE_INSTRUMENT;VOLA;EUR;603979887;142.95000000;750;EXCHANGE_LAST;;1;1;XEUR;11359072;605;
20.12.2024;15:41:15.437;FESB SI 20250321 CS;SIMPLE_INSTRUMENT;VOLA;EUR;603979888;141.75000000;600;EXCHANGE_LAST;;1;1;XEUR;11359072;605;
20.12.2024;13:56:03.763;FESH SI 20250321 CS;SIMPLE_INSTRUMENT;VOLA;EUR;603979844;811.50000000;15;EXCHANGE_LAST;;1;1;XEUR;11359715;686;
20.12.2024;14:56:11.507;FESN SI 20250321 CS;SIMPLE_INSTRUMENT;VOLA;EUR;603979869;623.70000000;16;EXCHANGE_LAST;;1;1;XEUR;11359655;682;
20.12.2024;14:56:20.044;FESN SI 20250321 CS;SIMPLE_INSTRUMENT;VOLA;EUR;603979870;623.70000000;15;EXCHANGE_LAST;;1;1;XEUR;11359655;682;
20.12.2024;15:04:05.600;FEST SI 20250321 CS;SIMPLE_INSTRUMENT;VOLA;EUR;603979876;324.10000000;15;EXCHANGE_LAST;;1;1;XEUR;11359586;678;
20.12.2024;15:24:02.431;FEST SI 20250321 CS;SIMPLE_INSTRUMENT;VOLA;EUR;603979883;324.10000000;51;EXCHANGE_LAST;;1;1;XEUR;11359586;678;
20.12.2024;09:26:37.201;FESX SI 20250321 CS;SIMPLE_INSTRUMENT;BLOCK;EUR;1;4850.00000000;2150;EXCHANGE_LAST;;1;1;XEUR;7793482;675;
20.12.2024;12:04:54.007;FESX SI 20250321 CS;SIMPLE_INSTRUMENT;BLOCK;EUR;2;4847.00000000;2800;EXCHANGE_LAST;;1;1;XEUR;7793482;675;
20.12.2024;13:07:27.795;FESX SI 20250321 CS;SIMPLE_INSTRUMENT;BLOCK;EUR;3;4842.00000000;2500;EXCHANGE_LAST;;1;1;XEUR;7793482;675;
20.12.2024;14:50:19.993;FESX SI 20250321 CS;SIMPLE_INSTRUMENT;BLOCK;EUR;4;4857.00000000;7000;EXCHANGE_LAST;;1;1;XEUR;7793482;675;
20.12.2024;15:50:58.316;FESX SI 20250321 CS;SIMPLE_INSTRUMENT;BLOCK;EUR;5;4880.00000000;2050;EXCHANGE_LAST;;1;1;XEUR;7793482;675;
20.12.2024;16:59:29.339;FESX SI 20250321 CS;SIMPLE_INSTRUMENT;EFP_IDX;EUR;6;4888.00000000;233;EXCHANGE_LAST;;1;1;XEUR;7793482;675;
20.12.2024;16:59:16.144;FESX SI 20250321 CS;SIMPLE_INSTRUMENT;EFP_IDX;EUR;7;4889.00000000;7;EXCHANGE_LAST;;1;1;XEUR;7793482;675;
20.12.2024;16:52:13.149;FESX SI 20250321 CS;SIMPLE_INSTRUMENT;EFP_IDX;EUR;8;4889.00000000;202;EXCHANGE_LAST;;1;1;XEUR;7793482;675;
20.12.2024;16:52:16.153;FESX SI 20250321 CS;SIMPLE_INSTRUMENT;EFP_IDX;EUR;9;4889.00000000;6;EXCHANGE_LAST;;1;1;XEUR;7793482;675;
20.12.2024;16:52:27.882;FESX SI 20250321 CS;SIMPLE_INSTRUMENT;EFP_IDX;EUR;10;4888.00000000;190;EXCHANGE_LAST;;1;1;XEUR;7793482;675;
20.12.2024;16:52:32.827;FESX SI 20250321 CS;SIMPLE_INSTRUMENT;EFP_IDX;EUR;11;4888.00000000;520;EXCHANGE_LAST;;1;1;XEUR;7793482;675;
20.12.2024;16:53:31.591;FESX SI 20250321 CS;SIMPLE_INSTRUMENT;EFP_IDX;EUR;12;4887.00000000;705;EXCHANGE_LAST;;1;1;XEUR;7793482;675;
20.12.2024;16:53:58.255;FESX SI 20250321 CS;SIMPLE_INSTRUMENT;EFP_IDX;EUR;13;4888.00000000;795;EXCHANGE_LAST;;1;1;XEUR;7793482;675;
20.12.2024;16:58:27.485;FESX SI 20250321 CS;SIMPLE_INSTRUMENT;EFP_IDX;EUR;14;4887.00000000;47;EXCHANGE_LAST;;1;1;XEUR;7793482;675;
20.12.2024;16:59:12.167;FESX SI 20250321 CS;SIMPLE_INSTRUMENT;EFP_IDX;EUR;15;4888.00000000;53;EXCHANGE_LAST;;1;1;XEUR;7793482;675;
20.12.2024;16:58:53.764;FESX SI 20250321 CS;SIMPLE_INSTRUMENT;EFP_IDX;EUR;16;4887.00000000;306;EXCHANGE_LAST;;1;1;XEUR;7793482;675;
20.12.2024;16:59:00.657;FESX SI 20250321 CS;SIMPLE_INSTRUMENT;EFP_IDX;EUR;17;4888.00000000;344;EXCHANGE_LAST;;1;1;XEUR;7793482;675;
20.12.2024;17:03:36.706;FESX SI 20250321 CS;SIMPLE_INSTRUMENT;EFP_IDX;EUR;18;4887.00000000;1188;EXCHANGE_LAST;;1;1;XEUR;7793482;675;
20.12.2024;17:03:11.274;FESX SI 20250321 CS;SIMPLE_INSTRUMENT;EFP_IDX;EUR;19;4888.00000000;1339;EXCHANGE_LAST;;1;1;XEUR;7793482;675;
20.12.2024;17:03:19.986;FESX SI 20250321 CS;SIMPLE_INSTRUMENT;EFP_IDX;EUR;20;4887.00000000;363;EXCHANGE_LAST;;1;1;XEUR;7793482;675;
20.12.2024;17:03:25.872;FESX SI 20250321 CS;SIMPLE_INSTRUMENT;EFP_IDX;EUR;21;4888.00000000;410;EXCHANGE_LAST;;1;1;XEUR;7793482;675;
20.12.2024;17:06:42.014;FESX SI 20250321 CS;SIMPLE_INSTRUMENT;EFP_IDX;EUR;22;4888.00000000;1302;EXCHANGE_LAST;;1;1;XEUR;7793482;675;
20.12.2024;17:06:42.014;FESX SI 20250321 CS;SIMPLE_INSTRUMENT;EFP_IDX;EUR;23;4889.00000000;1468;EXCHANGE_LAST;;1;1;XEUR;7793482;675;
20.12.2024;08:40:26.134;FESX SI 20250321 CS;SIMPLE_INSTRUMENT;VOLA;EUR;637534214;4856.00000000;230;EXCHANGE_LAST;;1;1;XEUR;7793482;675;
20.12.2024;09:17:45.183;FESX SI 20250321 CS;SIMPLE_INSTRUMENT;VOLA;EUR;637534224;4845.00000000;251;EXCHANGE_LAST;;1;1;XEUR;7793482;675;
20.12.2024;09:17:47.165;FESX SI 20250321 CS;SIMPLE_INSTRUMENT;VOLA;EUR;637534225;4845.00000000;250;EXCHANGE_LAST;;1;1;XEUR;7793482;675;
20.12.2024;09:47:01.465;FESX SI 20250321 CS;SIMPLE_INSTRUMENT;VOLA;EUR;637534251;4845.00000000;585;EXCHANGE_LAST;;1;1;XEUR;7793482;675;
20.12.2024;09:58:09.279;FESX SI 20250321 CS;SIMPLE_INSTRUMENT;VOLA;EUR;637534258;4840.00000000;450;EXCHANGE_LAST;;1;1;XEUR;7793482;675;
20.12.2024;10:07:31.246;FESX SI 20250321 CS;SIMPLE_INSTRUMENT;VOLA;EUR;637534264;4843.00000000;375;EXCHANGE_LAST;;1;1;XEUR;7793482;675;
20.12.2024;10:21:14.452;FESX SI 20250321 CS;SIMPLE_INSTRUMENT;VOLA;EUR;637534274;4840.00000000;210;EXCHANGE_LAST;;1;1;XEUR;7793482;675;
20.12.2024;11:30:29.599;FESX SI 20250321 CS;SIMPLE_INSTRUMENT;VOLA;EUR;637534297;4840.00000000;300;EXCHANGE_LAST;;1;1;XEUR;7793482;675;
20.12.2024;12:35:10.950;FESX SI 20250321 CS;SIMPLE_INSTRUMENT;VOLA;EUR;637534322;4835.00000000;228;EXCHANGE_LAST;;1;1;XEUR;7793482;675;
20.12.2024;12:43:26.313;FESX SI 20250321 CS;SIMPLE_INSTRUMENT;VOLA;EUR;637534326;4831.00000000;278;EXCHANGE_LAST;;1;1;XEUR;7793482;675;
20.12.2024;12:58:42.689;FESX SI 20250321 CS;SIMPLE_INSTRUMENT;VOLA;EUR;637534331;4841.00000000;226;EXCHANGE_LAST;;1;1;XEUR;7793482;675;
20.12.2024;13:14:34.328;FESX SI 20250321 CS;SIMPLE_INSTRUMENT;VOLA;EUR;637534340;4843.00000000;222;EXCHANGE_LAST;;1;1;XEUR;7793482;675;
20.12.2024;13:18:23.344;FESX SI 20250321 CS;SIMPLE_INSTRUMENT;VOLA;EUR;637534342;4840.00000000;120;EXCHANGE_LAST;;1;1;XEUR;7793482;675;
20.12.2024;13:27:40.948;FESX SI 20250321 CS;SIMPLE_INSTRUMENT;VOLA;EUR;637534349;4840.00000000;350;EXCHANGE_LAST;;1;1;XEUR;7793482;675;
20.12.2024;13:34:42.576;FESX SI 20250321 CS;SIMPLE_INSTRUMENT;VOLA;EUR;637534350;4841.00000000;87;EXCHANGE_LAST;;1;1;XEUR;7793482;675;
20.12.2024;14:23:04.232;FESX SI 20250321 CS;SIMPLE_INSTRUMENT;VOLA;EUR;637534370;4844.00000000;1350;EXCHANGE_LAST;;1;1;XEUR;7793482;675;
20.12.2024;15:47:10.051;FESX SI 20250321 CS;SIMPLE_INSTRUMENT;VOLA;EUR;637534402;4874.00000000;1640;EXCHANGE_LAST;;1;1;XEUR;7793482;675;
20.12.2024;08:20:50.027;FEXD SI 20261218 CS;SIMPLE_INSTRUMENT;BLOCK;EUR;1;150.70000000;232;EXCHANGE_LAST;;1;1;XEUR;2163053;693;
20.12.2024;08:43:46.360;FEXD SI 20251219 CS;SIMPLE_INSTRUMENT;BLOCK;EUR;6;157.40000000;500;EXCHANGE_LAST;;1;1;XEUR;1548120;693;
20.12.2024;08:44:20.583;FEXD SI 20261218 CS;SIMPLE_INSTRUMENT;BLOCK;EUR;7;150.40000000;500;EXCHANGE_LAST;;1;1;XEUR;2163053;693;
20.12.2024;08:47:08.438;FEXD.S.DEC25.DEC26.SPD;FUTURES_SPREAD;BLOCK;EUR;8;7.00000000;250;EXCHANGE_LAST;;1;1;XEUR;72060570450264144;693;
20.12.2024;08:47:08.438;FEXD SI 20251219 CS;SIMPLE_INSTRUMENT;BLOCK;EUR;8;157.50000000;250;PRC_DECOMP_MEMBER;;;;XEUR;1548120;693;MEMBER
20.12.2024;08:47:08.438;FEXD SI 20261218 CS;SIMPLE_INSTRUMENT;BLOCK;EUR;8;150.50000000;250;PRC_DECOMP_MEMBER;;;;XEUR;2163053;693;MEMBER
20.12.2024;09:34:28.930;FEXD SI 20251219 CS;SIMPLE_INSTRUMENT;BLOCK;EUR;16;157.60000000;1500;EXCHANGE_LAST;;1;1;XEUR;1548120;693;
20.12.2024;09:36:59.108;FEXD SI 20281215 CS;SIMPLE_INSTRUMENT;BLOCK;EUR;17;139.70000000;200;EXCHANGE_LAST;;1;1;XEUR;3680985;693;
20.12.2024;10:00:09.713;FEXD.S.DEC26.DEC27.SPD;FUTURES_SPREAD;BLOCK;EUR;18;6.10000000;300;EXCHANGE_LAST;;1;1;XEUR;72060570450264153;693;
20.12.2024;10:00:09.713;FEXD SI 20261218 CS;SIMPLE_INSTRUMENT;BLOCK;EUR;18;150.50000000;300;PRC_DECOMP_EXCHANGE;;;;XEUR;2163053;693;EXCHANGE
20.12.2024;10:00:09.713;FEXD SI 20271217 CS;SIMPLE_INSTRUMENT;BLOCK;EUR;18;144.40000000;300;PRC_DECOMP_EXCHANGE;;;;XEUR;2848338;693;EXCHANGE
20.12.2024;10:15:42.150;FEXD SI 20261218 CS;SIMPLE_INSTRUMENT;BLOCK;EUR;19;138.40000000;1446;EXCHANGE_LAST;;1;1;XEUR;2163053;693;
20.12.2024;10:16:05.640;FEXD SI 20261218 CS;SIMPLE_INSTRUMENT;BLOCK;EUR;20;139.30000000;1435;EXCHANGE_LAST;;1;1;XEUR;2163053;693;
20.12.2024;10:35:53.099;FEXD.S.DEC25.DEC27.SPD;FUTURES_SPREAD;BLOCK;EUR;21;13.40000000;200;EXCHANGE_LAST;;1;1;XEUR;72060570450264152;693;
20.12.2024;10:35:53.099;FEXD SI 20271217 CS;SIMPLE_INSTRUMENT;BLOCK;EUR;21;144.10000000;200;PRC_DECOMP_MEMBER;;;;XEUR;2848338;693;MEMBER
20.12.2024;10:35:53.099;FEXD SI 20251219 CS;SIMPLE_INSTRUMENT;BLOCK;EUR;21;157.50000000;200;PRC_DECOMP_MEMBER;;;;XEUR;1548120;693;MEMBER
20.12.2024;11:44:50.624;FEXD SI 20261218 CS;SIMPLE_INSTRUMENT;BLOCK;EUR;22;150.30000000;100;EXCHANGE_LAST;;1;1;XEUR;2163053;693;
20.12.2024;11:44:58.086;FEXD SI 20271217 CS;SIMPLE_INSTRUMENT;BLOCK;EUR;23;143.90000000;100;EXCHANGE_LAST;;1;1;XEUR;2848338;693;
20.12.2024;11:45:04.183;FEXD SI 20281215 CS;SIMPLE_INSTRUMENT;BLOCK;EUR;24;138.10000000;100;EXCHANGE_LAST;;1;1;XEUR;3680985;693;
20.12.2024;11:45:09.374;FEXD SI 20291221 CS;SIMPLE_INSTRUMENT;BLOCK;EUR;25;134.70000000;100;EXCHANGE_LAST;;1;1;XEUR;4631968;693;
20.12.2024;11:45:13.779;FEXD SI 20301220 CS;SIMPLE_INSTRUMENT;BLOCK;EUR;26;131.00000000;100;EXCHANGE_LAST;;1;1;XEUR;5914108;693;
20.12.2024;11:45:07.437;FEXD SI 20311219 CS;SIMPLE_INSTRUMENT;BLOCK;EUR;27;127.70000000;100;EXCHANGE_LAST;;1;1;XEUR;7158547;693;
20.12.2024;11:45:19.405;FEXD SI 20321217 CS;SIMPLE_INSTRUMENT;BLOCK;EUR;28;124.20000000;100;EXCHANGE_LAST;;1;1;XEUR;8782940;693;
20.12.2024;12:15:59.862;FEXD SI 20261218 CS;SIMPLE_INSTRUMENT;BLOCK;EUR;29;150.30000000;250;EXCHANGE_LAST;;1;1;XEUR;2163053;693;
20.12.2024;12:36:38.368;FEXD SI 20261218 CS;SIMPLE_INSTRUMENT;BLOCK;EUR;30;150.20000000;250;EXCHANGE_LAST;;1;1;XEUR;2163053;693;
20.12.2024;15:12:41.671;FEXD SI 20261218 CS;SIMPLE_INSTRUMENT;BLOCK;EUR;39;150.50000000;286;EXCHANGE_LAST;;1;1;XEUR;2163053;693;
20.12.2024;15:41:04.796;FEXD.S.DEC25.DEC27.SPD;FUTURES_SPREAD;BLOCK;EUR;44;12.40000000;300;EXCHANGE_LAST;;1;1;XEUR;72060570450264152;693;
20.12.2024;15:41:04.796;FEXD SI 20271217 CS;SIMPLE_INSTRUMENT;BLOCK;EUR;44;144.90000000;300;PRC_DECOMP_MEMBER;;;;XEUR;2848338;693;MEMBER
20.12.2024;15:41:04.796;FEXD SI 20251219 CS;SIMPLE_INSTRUMENT;BLOCK;EUR;44;157.30000000;300;PRC_DECOMP_MEMBER;;;;XEUR;1548120;693;MEMBER
20.12.2024;16:26:51.150;FEXD.S.DEC27.DEC28.SPD;FUTURES_SPREAD;BLOCK;EUR;45;4.90000000;1000;EXCHANGE_LAST;;1;1;XEUR;72060570450264162;693;
20.12.2024;16:26:51.150;FEXD SI 20271217 CS;SIMPLE_INSTRUMENT;BLOCK;EUR;45;145.60000000;1000;PRC_DECOMP_MEMBER;;;;XEUR;2848338;693;MEMBER
20.12.2024;16:26:51.150;FEXD SI 20281215 CS;SIMPLE_INSTRUMENT;BLOCK;EUR;45;140.70000000;1000;PRC_DECOMP_MEMBER;;;;XEUR;3680985;693;MEMBER
20.12.2024;16:31:06.825;FEXD SI 20261218 CS;SIMPLE_INSTRUMENT;BLOCK;EUR;47;151.50000000;200;EXCHANGE_LAST;;1;1;XEUR;2163053;693;
20.12.2024;16:48:12.773;FEXD SI 20251219 CS;SIMPLE_INSTRUMENT;BLOCK;EUR;53;152.00000000;2000;EXCHANGE_LAST;;1;1;XEUR;1548120;693;
20.12.2024;08:33:55.394;FGBL SI 20250306 PS;SIMPLE_INSTRUMENT;EFS;EUR;1;133.93000000;407;EXCHANGE_LAST;;1;1;XEUR;11286679;688;
20.12.2024;08:35:04.196;FGBL SI 20250306 PS;SIMPLE_INSTRUMENT;EFS;EUR;2;133.95000000;203;EXCHANGE_LAST;;1;1;XEUR;11286679;688;
20.12.2024;08:38:14.618;FGBL SI 20250306 PS;SIMPLE_INSTRUMENT;EFS;EUR;3;133.87000000;204;EXCHANGE_LAST;;1;1;XEUR;11286679;688;
20.12.2024;08:39:46.489;FGBL SI 20250306 PS;SIMPLE_INSTRUMENT;EFS;EUR;4;133.92000000;203;EXCHANGE_LAST;;1;1;XEUR;11286679;688;
20.12.2024;08:43:01.487;FGBL SI 20250306 PS;SIMPLE_INSTRUMENT;EFS;EUR;5;133.95000000;438;EXCHANGE_LAST;;1;1;XEUR;11286679;688;
20.12.2024;08:49:23.756;FGBL SI 20250306 PS;SIMPLE_INSTRUMENT;EFS;EUR;6;133.94000000;465;EXCHANGE_LAST;;1;1;XEUR;11286679;688;
20.12.2024;08:50:13.871;FGBL SI 20250306 PS;SIMPLE_INSTRUMENT;EFS;EUR;7;133.84000000;407;EXCHANGE_LAST;;1;1;XEUR;11286679;688;
20.12.2024;08:50:37.822;FGBL SI 20250306 PS;SIMPLE_INSTRUMENT;EFS;EUR;8;133.87000000;407;EXCHANGE_LAST;;1;1;XEUR;11286679;688;
20.12.2024;08:53:32.529;FGBL SI 20250306 PS;SIMPLE_INSTRUMENT;EFP_FIN;EUR;9;133.93000000;913;EXCHANGE_LAST;;1;1;XEUR;11286679;688;
20.12.2024;09:25:59.888;FGBL SI 20250306 PS;SIMPLE_INSTRUMENT;EFS;EUR;10;133.92000000;204;EXCHANGE_LAST;;1;1;XEUR;11286679;688;
20.12.2024;09:26:49.634;FGBL SI 20250306 PS;SIMPLE_INSTRUMENT;EFS;EUR;11;133.93000000;224;EXCHANGE_LAST;;1;1;XEUR;11286679;688;
20.12.2024;09:50:06.963;FGBL SI 20250306 PS;SIMPLE_INSTRUMENT;EFS;EUR;12;133.97000000;408;EXCHANGE_LAST;;1;1;XEUR;11286679;688;
20.12.2024;09:52:17.054;FGBL SI 20250306 PS;SIMPLE_INSTRUMENT;EFS;EUR;13;133.97000000;815;EXCHANGE_LAST;;1;1;XEUR;11286679;688;
20.12.2024;09:52:37.071;FGBL SI 20250306 PS;SIMPLE_INSTRUMENT;EFS;EUR;14;133.97000000;408;EXCHANGE_LAST;;1;1;XEUR;11286679;688;
20.12.2024;09:54:32.150;FGBL SI 20250306 PS;SIMPLE_INSTRUMENT;EFS;EUR;15;133.97000000;408;EXCHANGE_LAST;;1;1;XEUR;11286679;688;
20.12.2024;09:55:52.217;FGBL SI 20250306 PS;SIMPLE_INSTRUMENT;EFS;EUR;16;133.99000000;408;EXCHANGE_LAST;;1;1;XEUR;11286679;688;
20.12.2024;09:55:57.222;FGBL SI 20250306 PS;SIMPLE_INSTRUMENT;EFS;EUR;17;133.99000000;204;EXCHANGE_LAST;;1;1;XEUR;11286679;688;
20.12.2024;09:56:37.255;FGBL SI 20250306 PS;SIMPLE_INSTRUMENT;EFS;EUR;18;133.99000000;407;EXCHANGE_LAST;;1;1;XEUR;11286679;688;
20.12.2024;10:01:33.858;FGBL SI 20250306 PS;SIMPLE_INSTRUMENT;EFS;EUR;19;133.99000000;203;EXCHANGE_LAST;;1;1;XEUR;11286679;688;
20.12.2024;10:05:12.352;FGBL SI 20250306 PS;SIMPLE_INSTRUMENT;EFS;EUR;20;134.01000000;170;EXCHANGE_LAST;;1;1;XEUR;11286679;688;
20.12.2024;10:25:56.320;FGBL SI 20250306 PS;SIMPLE_INSTRUMENT;EFS;EUR;21;134.04000000;671;EXCHANGE_LAST;;1;1;XEUR;11286679;688;
20.12.2024;10:27:06.652;FGBL SI 20250306 PS;SIMPLE_INSTRUMENT;EFS;EUR;22;134.03000000;1394;EXCHANGE_LAST;;1;1;XEUR;11286679;688;
20.12.2024;10:27:09.376;FGBL SI 20250306 PS;SIMPLE_INSTRUMENT;EFS;EUR;23;134.04000000;968;EXCHANGE_LAST;;1;1;XEUR;11286679;688;
20.12.2024;10:27:49.306;FGBL SI 20250306 PS;SIMPLE_INSTRUMENT;EFS;EUR;24;134.04000000;929;EXCHANGE_LAST;;1;1;XEUR;11286679;688;
20.12.2024;10:28:00.938;FGBL SI 20250306 PS;SIMPLE_INSTRUMENT;EFP_FIN;EUR;25;134.02000000;365;EXCHANGE_LAST;;1;1;XEUR;11286679;688;
20.12.2024;10:28:30.148;FGBL SI 20250306 PS;SIMPLE_INSTRUMENT;EFS;EUR;26;134.01000000;448;EXCHANGE_LAST;;1;1;XEUR;11286679;688;
20.12.2024;10:29:10.493;FGBL SI 20250306 PS;SIMPLE_INSTRUMENT;EFS;EUR;27;134.01000000;408;EXCHANGE_LAST;;1;1;XEUR;11286679;688;
20.12.2024;10:29:50.898;FGBL SI 20250306 PS;SIMPLE_INSTRUMENT;EFS;EUR;28;134.05000000;464;EXCHANGE_LAST;;1;1;XEUR;11286679;688;
20.12.2024;10:33:11.010;FGBL SI 20250306 PS;SIMPLE_INSTRUMENT;EFS;EUR;29;134.02000000;407;EXCHANGE_LAST;;1;1;XEUR;11286679;688;
20.12.2024;10:59:28.802;FGBL SI 20250306 PS;SIMPLE_INSTRUMENT;EFS;EUR;30;134.00000000;408;EXCHANGE_LAST;;1;1;XEUR;11286679;688;
20.12.2024;11:09:24.268;FGBL SI 20250306 PS;SIMPLE_INSTRUMENT;EFS;EUR;31;134.02000000;408;EXCHANGE_LAST;;1;1;XEUR;11286679;688;
20.12.2024;11:25:12.829;FGBL SI 20250306 PS;SIMPLE_INSTRUMENT;EFS;EUR;32;134.03000000;407;EXCHANGE_LAST;;1;1;XEUR;11286679;688;
20.12.2024;11:30:38.934;FGBL SI 20250306 PS;SIMPLE_INSTRUMENT;EFS;EUR;33;134.04000000;407;EXCHANGE_LAST;;1;1;XEUR;11286679;688;
20.12.2024;11:35:26.340;FGBL SI 20250306 PS;SIMPLE_INSTRUMENT;EFS;EUR;34;134.06000000;408;EXCHANGE_LAST;;1;1;XEUR;11286679;688;
20.12.2024;11:36:11.377;FGBL SI 20250306 PS;SIMPLE_INSTRUMENT;EFS;EUR;35;134.06000000;408;EXCHANGE_LAST;;1;1;XEUR;11286679;688;
20.12.2024;11:37:11.419;FGBL SI 20250306 PS;SIMPLE_INSTRUMENT;EFS;EUR;36;134.06000000;408;EXCHANGE_LAST;;1;1;XEUR;11286679;688;
20.12.2024;11:38:20.205;FGBL SI 20250306 PS;SIMPLE_INSTRUMENT;EFS;EUR;37;134.04000000;407;EXCHANGE_LAST;;1;1;XEUR;11286679;688;
20.12.2024;11:39:06.423;FGBL SI 20250306 PS;SIMPLE_INSTRUMENT;EFS;EUR;38;134.05000000;163;EXCHANGE_LAST;;1;1;XEUR;11286679;688;
20.12.2024;11:42:49.589;FGBL SI 20250306 PS;SIMPLE_INSTRUMENT;EFS;EUR;39;134.03000000;228;EXCHANGE_LAST;;1;1;XEUR;11286679;688;
20.12.2024;11:42:53.699;FGBL SI 20250306 PS;SIMPLE_INSTRUMENT;EFS;EUR;40;134.04000000;455;EXCHANGE_LAST;;1;1;XEUR;11286679;688;
20.12.2024;11:43:45.183;FGBL SI 20250306 PS;SIMPLE_INSTRUMENT;EFS;EUR;41;134.03000000;203;EXCHANGE_LAST;;1;1;XEUR;11286679;688;
20.12.2024;11:51:53.234;FGBL SI 20250306 PS;SIMPLE_INSTRUMENT;EFS;EUR;42;134.05000000;372;EXCHANGE_LAST;;1;1;XEUR;11286679;688;
20.12.2024;12:02:08.993;FGBL SI 20250306 PS;SIMPLE_INSTRUMENT;EFS;EUR;43;134.01000000;203;EXCHANGE_LAST;;1;1;XEUR;11286679;688;
20.12.2024;12:04:38.858;FGBL SI 20250306 PS;SIMPLE_INSTRUMENT;EFS;EUR;44;133.97000000;610;EXCHANGE_LAST;;1;1;XEUR;11286679;688;
20.12.2024;12:07:20.101;FGBL SI 20250306 PS;SIMPLE_INSTRUMENT;EFP_FIN;EUR;45;133.98000000;648;EXCHANGE_LAST;;1;1;XEUR;11286679;688;
20.12.2024;12:08:05.329;FGBL SI 20250306 PS;SIMPLE_INSTRUMENT;EFS;EUR;46;133.97000000;610;EXCHANGE_LAST;;1;1;XEUR;11286679;688;
20.12.2024;12:10:37.139;FGBL SI 20250306 PS;SIMPLE_INSTRUMENT;EFS;EUR;47;134.05000000;167;EXCHANGE_LAST;;1;1;XEUR;11286679;688;
20.12.2024;12:11:17.827;FGBL SI 20250306 PS;SIMPLE_INSTRUMENT;EFS;EUR;48;133.93000000;222;EXCHANGE_LAST;;1;1;XEUR;11286679;688;
20.12.2024;12:12:50.584;FGBL SI 20250306 PS;SIMPLE_INSTRUMENT;EFS;EUR;49;133.92000000;407;EXCHANGE_LAST;;1;1;XEUR;11286679;688;
20.12.2024;12:14:00.851;FGBL SI 20250306 PS;SIMPLE_INSTRUMENT;EFS;EUR;50;133.90000000;203;EXCHANGE_LAST;;1;1;XEUR;11286679;688;
20.12.2024;12:16:08.368;FGBL SI 20250306 PS;SIMPLE_INSTRUMENT;EFS;EUR;51;133.91000000;284;EXCHANGE_LAST;;1;1;XEUR;11286679;688;
20.12.2024;12:18:38.219;FGBL SI 20250306 PS;SIMPLE_INSTRUMENT;EFS;EUR;52;133.96000000;408;EXCHANGE_LAST;;1;1;XEUR;11286679;688;
20.12.2024;12:19:53.329;FGBL SI 20250306 PS;SIMPLE_INSTRUMENT;EFS;EUR;53;133.96000000;408;EXCHANGE_LAST;;1;1;XEUR;11286679;688;
20.12.2024;12:20:18.300;FGBL SI 20250306 PS;SIMPLE_INSTRUMENT;EFS;EUR;54;133.96000000;408;EXCHANGE_LAST;;1;1;XEUR;11286679;688;
20.12.2024;12:23:02.440;FGBL SI 20250306 PS;SIMPLE_INSTRUMENT;EFS;EUR;55;133.96000000;408;EXCHANGE_LAST;;1;1;XEUR;11286679;688;
20.12.2024;12:23:17.451;FGBL SI 20250306 PS;SIMPLE_INSTRUMENT;EFS;EUR;56;133.96000000;816;EXCHANGE_LAST;;1;1;XEUR;11286679;688;
20.12.2024;12:23:22.456;FGBL SI 20250306 PS;SIMPLE_INSTRUMENT;EFS;EUR;57;134.01000000;204;EXCHANGE_LAST;;1;1;XEUR;11286679;688;
20.12.2024;12:37:57.433;FGBL SI 20250306 PS;SIMPLE_INSTRUMENT;EFS;EUR;58;134.00000000;372;EXCHANGE_LAST;;1;1;XEUR;11286679;688;
20.12.2024;12:46:16.335;FGBL SI 20250306 PS;SIMPLE_INSTRUMENT;EFS;EUR;59;134.02000000;600;EXCHANGE_LAST;;1;1;XEUR;11286679;688;
20.12.2024;12:46:28.336;FGBL SI 20250306 PS;SIMPLE_INSTRUMENT;EFS;EUR;60;134.02000000;250;EXCHANGE_LAST;;1;1;XEUR;11286679;688;
20.12.2024;13:07:14.377;FGBL SI 20250306 PS;SIMPLE_INSTRUMENT;EFS;EUR;61;134.00000000;380;EXCHANGE_LAST;;1;1;XEUR;11286679;688;
20.12.2024;13:20:24.935;FGBL SI 20250306 PS;SIMPLE_INSTRUMENT;EFS;EUR;62;134.02000000;930;EXCHANGE_LAST;;1;1;XEUR;11286679;688;
20.12.2024;13:20:52.916;FGBL SI 20250306 PS;SIMPLE_INSTRUMENT;EFS;EUR;63;134.01000000;407;EXCHANGE_LAST;;1;1;XEUR;11286679;688;
20.12.2024;13:21:22.822;FGBL SI 20250306 PS;SIMPLE_INSTRUMENT;EFS;EUR;64;134.01000000;268;EXCHANGE_LAST;;1;1;XEUR;11286679;688;
20.12.2024;13:22:18.000;FGBL SI 20250306 PS;SIMPLE_INSTRUMENT;EFS;EUR;65;134.01000000;147;EXCHANGE_LAST;;1;1;XEUR;11286679;688;
20.12.2024;13:25:33.251;FGBL SI 20250306 PS;SIMPLE_INSTRUMENT;EFS;EUR;66;134.01000000;465;EXCHANGE_LAST;;1;1;XEUR;11286679;688;
20.12.2024;13:39:36.292;FGBL SI 20250306 PS;SIMPLE_INSTRUMENT;EFS;EUR;67;134.08000000;408;EXCHANGE_LAST;;1;1;XEUR;11286679;688;
20.12.2024;13:29:41.534;FGBL SI 20250306 PS;SIMPLE_INSTRUMENT;EFS;EUR;68;134.09000000;407;EXCHANGE_LAST;;1;1;XEUR;11286679;688;
20.12.2024;13:32:11.447;FGBL SI 20250306 PS;SIMPLE_INSTRUMENT;EFS;EUR;69;134.09000000;500;EXCHANGE_LAST;;1;1;XEUR;11286679;688;
20.12.2024;13:32:21.828;FGBL SI 20250306 PS;SIMPLE_INSTRUMENT;EFS;EUR;70;134.06000000;465;EXCHANGE_LAST;;1;1;XEUR;11286679;688;
20.12.2024;13:34:13.706;FGBL SI 20250306 PS;SIMPLE_INSTRUMENT;EFS;EUR;71;134.08000000;204;EXCHANGE_LAST;;1;1;XEUR;11286679;688;
20.12.2024;13:38:10.637;FGBL SI 20250306 PS;SIMPLE_INSTRUMENT;EFS;EUR;72;134.19000000;223;EXCHANGE_LAST;;1;1;XEUR;11286679;688;
20.12.2024;13:40:50.349;FGBL SI 20250306 PS;SIMPLE_INSTRUMENT;EFS;EUR;73;134.16000000;300;EXCHANGE_LAST;;1;1;XEUR;11286679;688;
20.12.2024;13:42:54.846;FGBL SI 20250306 PS;SIMPLE_INSTRUMENT;EFS;EUR;74;134.20000000;445;EXCHANGE_LAST;;1;1;XEUR;11286679;688;
20.12.2024;13:46:30.773;FGBL SI 20250306 PS;SIMPLE_INSTRUMENT;EFS;EUR;75;134.18000000;178;EXCHANGE_LAST;;1;1;XEUR;11286679;688;
20.12.2024;13:57:38.236;FGBL SI 20250306 PS;SIMPLE_INSTRUMENT;EFS;EUR;76;134.22000000;223;EXCHANGE_LAST;;1;1;XEUR;11286679;688;
20.12.2024;14:02:39.379;FGBL SI 20250306 PS;SIMPLE_INSTRUMENT;EFP_FIN;EUR;77;134.19000000;152;EXCHANGE_LAST;;1;1;XEUR;11286679;688;
20.12.2024;14:19:44.627;FGBL SI 20250306 PS;SIMPLE_INSTRUMENT;EFS;EUR;78;134.20000000;544;EXCHANGE_LAST;;1;1;XEUR;11286679;688;
20.12.2024;14:25:50.270;FGBL SI 20250306 PS;SIMPLE_INSTRUMENT;EFS;EUR;79;134.21000000;750;EXCHANGE_LAST;;1;1;XEUR;11286679;688;
20.12.2024;14:28:51.303;FGBL SI 20250306 PS;SIMPLE_INSTRUMENT;EFS;EUR;80;134.19000000;203;EXCHANGE_LAST;;1;1;XEUR;11286679;688;
20.12.2024;14:34:04.898;FGBL SI 20250306 PS;SIMPLE_INSTRUMENT;EFS;EUR;81;134.20000000;203;EXCHANGE_LAST;;1;1;XEUR;11286679;688;
20.12.2024;14:34:41.221;FGBL SI 20250306 PS;SIMPLE_INSTRUMENT;EFS;EUR;82;134.20000000;163;EXCHANGE_LAST;;1;1;XEUR;11286679;688;
20.12.2024;14:37:04.065;FGBL SI 20250306 PS;SIMPLE_INSTRUMENT;EFS;EUR;83;134.18000000;228;EXCHANGE_LAST;;1;1;XEUR;11286679;688;
20.12.2024;14:44:52.344;FGBL SI 20250306 PS;SIMPLE_INSTRUMENT;EFS;EUR;84;134.17000000;223;EXCHANGE_LAST;;1;1;XEUR;11286679;688;
20.12.2024;14:46:04.740;FGBL SI 20250306 PS;SIMPLE_INSTRUMENT;EFS;EUR;85;134.15000000;203;EXCHANGE_LAST;;1;1;XEUR;11286679;688;
20.12.2024;14:47:30.948;FGBL SI 20250306 PS;SIMPLE_INSTRUMENT;EFS;EUR;86;134.21000000;232;EXCHANGE_LAST;;1;1;XEUR;11286679;688;
20.12.2024;14:47:34.550;FGBL SI 20250306 PS;SIMPLE_INSTRUMENT;EFS;EUR;87;134.15000000;203;EXCHANGE_LAST;;1;1;XEUR;11286679;688;
20.12.2024;14:48:08.346;FGBL SI 20250306 PS;SIMPLE_INSTRUMENT;EFS;EUR;88;134.15000000;406;EXCHANGE_LAST;;1;1;XEUR;11286679;688;
20.12.2024;14:52:07.695;FGBL SI 20250306 PS;SIMPLE_INSTRUMENT;EFP_FIN;EUR;89;134.15000000;601;EXCHANGE_LAST;;1;1;XEUR;11286679;688;
20.12.2024;14:52:11.846;FGBL SI 20250306 PS;SIMPLE_INSTRUMENT;EFS;EUR;90;134.19000000;204;EXCHANGE_LAST;;1;1;XEUR;11286679;688;
20.12.2024;14:55:36.991;FGBL SI 20250306 PS;SIMPLE_INSTRUMENT;EFS;EUR;91;134.16000000;407;EXCHANGE_LAST;;1;1;XEUR;11286679;688;
20.12.2024;15:00:16.114;FGBL SI 20250306 PS;SIMPLE_INSTRUMENT;EFP_FIN;EUR;92;134.16000000;648;EXCHANGE_LAST;;1;1;XEUR;11286679;688;
20.12.2024;15:02:27.288;FGBL SI 20250306 PS;SIMPLE_INSTRUMENT;EFS;EUR;93;134.15000000;407;EXCHANGE_LAST;;1;1;XEUR;11286679;688;
20.12.2024;15:04:57.442;FGBL SI 20250306 PS;SIMPLE_INSTRUMENT;EFS;EUR;94;134.15000000;204;EXCHANGE_LAST;;1;1;XEUR;11286679;688;
20.12.2024;15:19:00.059;FGBL SI 20250306 PS;SIMPLE_INSTRUMENT;EFS;EUR;95;134.16000000;407;EXCHANGE_LAST;;1;1;XEUR;11286679;688;
20.12.2024;15:20:00.126;FGBL SI 20250306 PS;SIMPLE_INSTRUMENT;EFS;EUR;96;134.15000000;611;EXCHANGE_LAST;;1;1;XEUR;11286679;688;
20.12.2024;15:35:46.536;FGBL SI 20250306 PS;SIMPLE_INSTRUMENT;EFS;EUR;97;134.17000000;150;EXCHANGE_LAST;;1;1;XEUR;11286679;688;
20.12.2024;15:35:58.729;FGBL SI 20250306 PS;SIMPLE_INSTRUMENT;EFS;EUR;98;134.16000000;705;EXCHANGE_LAST;;1;1;XEUR;11286679;688;
20.12.2024;15:40:00.932;FGBL SI 20250306 PS;SIMPLE_INSTRUMENT;EFS;EUR;99;134.15000000;407;EXCHANGE_LAST;;1;1;XEUR;11286679;688;
20.12.2024;15:41:00.526;FGBL SI 20250306 PS;SIMPLE_INSTRUMENT;EFS;EUR;100;134.15000000;313;EXCHANGE_LAST;;1;1;XEUR;11286679;688;
20.12.2024;15:57:29.890;FGBL SI 20250306 PS;SIMPLE_INSTRUMENT;EFS;EUR;101;134.15000000;447;EXCHANGE_LAST;;1;1;XEUR;11286679;688;
20.12.2024;15:58:02.968;FGBL SI 20250306 PS;SIMPLE_INSTRUMENT;EFS;EUR;102;134.23000000;203;EXCHANGE_LAST;;1;1;XEUR;11286679;688;
20.12.2024;15:58:12.678;FGBL SI 20250306 PS;SIMPLE_INSTRUMENT;EFS;EUR;103;134.22000000;407;EXCHANGE_LAST;;1;1;XEUR;11286679;688;
20.12.2024;16:02:42.878;FGBL SI 20250306 PS;SIMPLE_INSTRUMENT;EFS;EUR;105;134.22000000;204;EXCHANGE_LAST;;1;1;XEUR;11286679;688;
20.12.2024;16:03:12.894;FGBL SI 20250306 PS;SIMPLE_INSTRUMENT;EFS;EUR;106;134.22000000;204;EXCHANGE_LAST;;1;1;XEUR;11286679;688;
20.12.2024;16:07:52.101;FGBL SI 20250306 PS;SIMPLE_INSTRUMENT;EFS;EUR;107;134.20000000;1856;EXCHANGE_LAST;;1;1;XEUR;11286679;688;
20.12.2024;16:09:35.475;FGBL SI 20250306 PS;SIMPLE_INSTRUMENT;EFS;EUR;108;134.20000000;232;EXCHANGE_LAST;;1;1;XEUR;11286679;688;
20.12.2024;16:14:36.168;FGBL SI 20250306 PS;SIMPLE_INSTRUMENT;EFS;EUR;110;134.18000000;203;EXCHANGE_LAST;;1;1;XEUR;11286679;688;
20.12.2024;16:19:51.107;FGBL SI 20250306 PS;SIMPLE_INSTRUMENT;EFS;EUR;111;134.20000000;300;EXCHANGE_LAST;;1;1;XEUR;11286679;688;
20.12.2024;16:23:34.793;FGBL SI 20250306 PS;SIMPLE_INSTRUMENT;EFS;EUR;112;134.13000000;204;EXCHANGE_LAST;;1;1;XEUR;11286679;688;
20.12.2024;16:37:03.207;FGBL SI 20250306 PS;SIMPLE_INSTRUMENT;EFS;EUR;113;134.16000000;203;EXCHANGE_LAST;;1;1;XEUR;11286679;688;
20.12.2024;16:37:55.805;FGBL SI 20250306 PS;SIMPLE_INSTRUMENT;EFS;EUR;114;134.16000000;162;EXCHANGE_LAST;;1;1;XEUR;11286679;688;
20.12.2024;16:51:45.879;FGBL SI 20250306 PS;SIMPLE_INSTRUMENT;EFS;EUR;115;134.21000000;371;EXCHANGE_LAST;;1;1;XEUR;11286679;688;
20.12.2024;16:53:32.411;FGBL SI 20250306 PS;SIMPLE_INSTRUMENT;EFS;EUR;116;134.16000000;928;EXCHANGE_LAST;;1;1;XEUR;11286679;688;
20.12.2024;09:21:15.535;FGBL SI 20250306 PS;SIMPLE_INSTRUMENT;VOLA;EUR;268435480;133.90000000;17;EXCHANGE_LAST;;1;1;XEUR;11286679;688;
20.12.2024;10:52:54.200;FGBL SI 20250306 PS;SIMPLE_INSTRUMENT;VOLA;EUR;268435500;134.00000000;225;EXCHANGE_LAST;;1;1;XEUR;11286679;688;
20.12.2024;10:53:28.204;FGBL SI 20250306 PS;SIMPLE_INSTRUMENT;VOLA;EUR;268435501;134.00000000;225;EXCHANGE_LAST;;1;1;XEUR;11286679;688;
20.12.2024;10:58:57.175;FGBL SI 20250306 PS;SIMPLE_INSTRUMENT;VOLA;EUR;268435503;133.90000000;10;EXCHANGE_LAST;;1;1;XEUR;11286679;688;
20.12.2024;11:39:54.416;FGBL SI 20250306 PS;SIMPLE_INSTRUMENT;VOLA;EUR;268435509;134.03000000;85;EXCHANGE_LAST;;1;1;XEUR;11286679;688;
20.12.2024;12:13:38.260;FGBL SI 20250306 PS;SIMPLE_INSTRUMENT;VOLA;EUR;268435517;133.96000000;59;EXCHANGE_LAST;;1;1;XEUR;11286679;688;
20.12.2024;08:37:37.389;FGBM SI 20250306 PS;SIMPLE_INSTRUMENT;EFS;EUR;1;118.10000000;443;EXCHANGE_LAST;;1;1;XEUR;11286680;689;
20.12.2024;08:57:18.131;FGBM SI 20250306 PS;SIMPLE_INSTRUMENT;EFS;EUR;2;118.08000000;1473;EXCHANGE_LAST;;1;1;XEUR;11286680;689;
20.12.2024;08:58:10.370;FGBM SI 20250306 PS;SIMPLE_INSTRUMENT;EFS;EUR;3;118.08000000;473;EXCHANGE_LAST;;1;1;XEUR;11286680;689;
20.12.2024;09:00:43.570;FGBM SI 20250306 PS;SIMPLE_INSTRUMENT;EFS;EUR;4;118.08000000;196;EXCHANGE_LAST;;1;1;XEUR;11286680;689;
20.12.2024;09:02:38.767;FGBM SI 20250306 PS;SIMPLE_INSTRUMENT;EFS;EUR;5;118.09000000;196;EXCHANGE_LAST;;1;1;XEUR;11286680;689;
20.12.2024;09:05:32.150;FGBM SI 20250306 PS;SIMPLE_INSTRUMENT;EFP_FIN;EUR;6;118.08000000;73;EXCHANGE_LAST;;1;1;XEUR;11286680;689;
20.12.2024;09:08:26.508;FGBM SI 20250306 PS;SIMPLE_INSTRUMENT;EFS;EUR;7;118.09000000;886;EXCHANGE_LAST;;1;1;XEUR;11286680;689;
20.12.2024;09:10:16.246;FGBM SI 20250306 PS;SIMPLE_INSTRUMENT;EFS;EUR;8;118.09000000;1329;EXCHANGE_LAST;;1;1;XEUR;11286680;689;
20.12.2024;09:11:18.733;FGBM SI 20250306 PS;SIMPLE_INSTRUMENT;EFS;EUR;9;118.09000000;665;EXCHANGE_LAST;;1;1;XEUR;11286680;689;
20.12.2024;09:15:52.155;FGBM SI 20250306 PS;SIMPLE_INSTRUMENT;EFP_FIN;EUR;10;118.07000000;141;EXCHANGE_LAST;;1;1;XEUR;11286680;689;
20.12.2024;09:18:35.023;FGBM SI 20250306 PS;SIMPLE_INSTRUMENT;EFS;EUR;11;118.09000000;946;EXCHANGE_LAST;;1;1;XEUR;11286680;689;
20.12.2024;09:39:36.421;FGBM SI 20250306 PS;SIMPLE_INSTRUMENT;EFS;EUR;12;118.09000000;444;EXCHANGE_LAST;;1;1;XEUR;11286680;689;
20.12.2024;09:46:11.763;FGBM SI 20250306 PS;SIMPLE_INSTRUMENT;EFS;EUR;13;118.11000000;889;EXCHANGE_LAST;;1;1;XEUR;11286680;689;
20.12.2024;09:54:46.217;FGBM SI 20250306 PS;SIMPLE_INSTRUMENT;EFP_FIN;EUR;14;118.13000000;537;EXCHANGE_LAST;;1;1;XEUR;11286680;689;
20.12.2024;09:58:15.773;FGBM SI 20250306 PS;SIMPLE_INSTRUMENT;EFS;EUR;15;118.09000000;700;EXCHANGE_LAST;;1;1;XEUR;11286680;689;
20.12.2024;10:31:02.401;FGBM SI 20250306 PS;SIMPLE_INSTRUMENT;EFS;EUR;16;118.17000000;443;EXCHANGE_LAST;;1;1;XEUR;11286680;689;
20.12.2024;10:31:42.423;FGBM SI 20250306 PS;SIMPLE_INSTRUMENT;EFS;EUR;17;118.16000000;1220;EXCHANGE_LAST;;1;1;XEUR;11286680;689;
20.12.2024;10:32:24.198;FGBM SI 20250306 PS;SIMPLE_INSTRUMENT;EFS;EUR;18;118.16000000;886;EXCHANGE_LAST;;1;1;XEUR;11286680;689;
20.12.2024;10:33:59.596;FGBM SI 20250306 PS;SIMPLE_INSTRUMENT;EFS;EUR;19;118.15000000;472;EXCHANGE_LAST;;1;1;XEUR;11286680;689;
20.12.2024;10:34:36.686;FGBM SI 20250306 PS;SIMPLE_INSTRUMENT;EFS;EUR;20;118.14000000;888;EXCHANGE_LAST;;1;1;XEUR;11286680;689;
20.12.2024;10:41:40.061;FGBM SI 20250306 PS;SIMPLE_INSTRUMENT;EFP_FIN;EUR;21;118.13000000;431;EXCHANGE_LAST;;1;1;XEUR;11286680;689;
20.12.2024;10:42:23.992;FGBM SI 20250306 PS;SIMPLE_INSTRUMENT;EFS;EUR;22;118.14000000;886;EXCHANGE_LAST;;1;1;XEUR;11286680;689;
20.12.2024;10:43:04.465;FGBM SI 20250306 PS;SIMPLE_INSTRUMENT;EFS;EUR;23;118.14000000;886;EXCHANGE_LAST;;1;1;XEUR;11286680;689;
20.12.2024;10:44:31.229;FGBM SI 20250306 PS;SIMPLE_INSTRUMENT;EFS;EUR;24;118.14000000;1329;EXCHANGE_LAST;;1;1;XEUR;11286680;689;
20.12.2024;10:49:21.588;FGBM SI 20250306 PS;SIMPLE_INSTRUMENT;EFP_FIN;EUR;25;118.13000000;77;EXCHANGE_LAST;;1;1;XEUR;11286680;689;
20.12.2024;10:55:00.586;FGBM SI 20250306 PS;SIMPLE_INSTRUMENT;EFP_FIN;EUR;26;118.13000000;569;EXCHANGE_LAST;;1;1;XEUR;11286680;689;
20.12.2024;11:05:47.078;FGBM SI 20250306 PS;SIMPLE_INSTRUMENT;EFS;EUR;27;118.15000000;886;EXCHANGE_LAST;;1;1;XEUR;11286680;689;
20.12.2024;11:08:12.817;FGBM SI 20250306 PS;SIMPLE_INSTRUMENT;BLOCK;EUR;28;118.14000000;3714;EXCHANGE_LAST;;1;1;XEUR;11286680;689;
20.12.2024;11:20:42.196;FGBM SI 20250306 PS;SIMPLE_INSTRUMENT;EFS;EUR;29;118.16000000;886;EXCHANGE_LAST;;1;1;XEUR;11286680;689;
20.12.2024;11:27:53.482;FGBM SI 20250306 PS;SIMPLE_INSTRUMENT;EFP_FIN;EUR;30;118.15000000;316;EXCHANGE_LAST;;1;1;XEUR;11286680;689;
20.12.2024;11:38:39.387;FGBM SI 20250306 PS;SIMPLE_INSTRUMENT;EFP_FIN;EUR;31;118.15000000;367;EXCHANGE_LAST;;1;1;XEUR;11286680;689;
20.12.2024;11:44:52.499;FGBM SI 20250306 PS;SIMPLE_INSTRUMENT;EFP_FIN;EUR;32;118.15000000;136;EXCHANGE_LAST;;1;1;XEUR;11286680;689;
20.12.2024;11:45:24.271;FGBM SI 20250306 PS;SIMPLE_INSTRUMENT;EFS;EUR;33;118.17000000;981;EXCHANGE_LAST;;1;1;XEUR;11286680;689;
20.12.2024;11:45:54.044;FGBM SI 20250306 PS;SIMPLE_INSTRUMENT;EFP_FIN;EUR;34;118.15000000;863;EXCHANGE_LAST;;1;1;XEUR;11286680;689;
20.12.2024;11:51:53.234;FGBM SI 20250306 PS;SIMPLE_INSTRUMENT;EFS;EUR;35;118.19000000;785;EXCHANGE_LAST;;1;1;XEUR;11286680;689;
20.12.2024;12:15:17.250;FGBM SI 20250306 PS;SIMPLE_INSTRUMENT;EFS;EUR;36;118.12000000;2798;EXCHANGE_LAST;;1;1;XEUR;11286680;689;
20.12.2024;12:15:16.943;FGBM SI 20250306 PS;SIMPLE_INSTRUMENT;EFS;EUR;37;118.15000000;599;EXCHANGE_LAST;;1;1;XEUR;11286680;689;
20.12.2024;12:18:03.185;FGBM SI 20250306 PS;SIMPLE_INSTRUMENT;EFS;EUR;38;118.19000000;888;EXCHANGE_LAST;;1;1;XEUR;11286680;689;
20.12.2024;12:19:53.284;FGBM SI 20250306 PS;SIMPLE_INSTRUMENT;EFS;EUR;39;118.17000000;888;EXCHANGE_LAST;;1;1;XEUR;11286680;689;
20.12.2024;12:20:33.314;FGBM SI 20250306 PS;SIMPLE_INSTRUMENT;EFS;EUR;40;118.17000000;888;EXCHANGE_LAST;;1;1;XEUR;11286680;689;
20.12.2024;12:23:32.466;FGBM SI 20250306 PS;SIMPLE_INSTRUMENT;EFS;EUR;41;118.17000000;266;EXCHANGE_LAST;;1;1;XEUR;11286680;689;
20.12.2024;12:42:19.056;FGBM SI 20250306 PS;SIMPLE_INSTRUMENT;EFS;EUR;42;118.18000000;1328;EXCHANGE_LAST;;1;1;XEUR;11286680;689;
20.12.2024;13:10:31.373;FGBM SI 20250306 PS;SIMPLE_INSTRUMENT;EFS;EUR;43;118.18000000;888;EXCHANGE_LAST;;1;1;XEUR;11286680;689;
20.12.2024;13:11:46.432;FGBM SI 20250306 PS;SIMPLE_INSTRUMENT;EFS;EUR;44;118.18000000;888;EXCHANGE_LAST;;1;1;XEUR;11286680;689;
20.12.2024;13:17:34.396;FGBM SI 20250306 PS;SIMPLE_INSTRUMENT;EFP_FIN;EUR;45;118.17000000;370;EXCHANGE_LAST;;1;1;XEUR;11286680;689;
20.12.2024;13:22:33.017;FGBM SI 20250306 PS;SIMPLE_INSTRUMENT;EFS;EUR;46;118.18000000;311;EXCHANGE_LAST;;1;1;XEUR;11286680;689;
20.12.2024;13:23:42.988;FGBM SI 20250306 PS;SIMPLE_INSTRUMENT;EFP_FIN;EUR;47;118.17000000;2157;EXCHANGE_LAST;;1;1;XEUR;11286680;689;
20.12.2024;13:25:33.207;FGBM SI 20250306 PS;SIMPLE_INSTRUMENT;EFS;EUR;48;118.18000000;960;EXCHANGE_LAST;;1;1;XEUR;11286680;689;
20.12.2024;13:27:13.295;FGBM SI 20250306 PS;SIMPLE_INSTRUMENT;EFS;EUR;49;118.22000000;222;EXCHANGE_LAST;;1;1;XEUR;11286680;689;
20.12.2024;13:31:32.637;FGBM SI 20250306 PS;SIMPLE_INSTRUMENT;EFP_FIN;EUR;50;118.20000000;77;EXCHANGE_LAST;;1;1;XEUR;11286680;689;
20.12.2024;13:32:30.829;FGBM SI 20250306 PS;SIMPLE_INSTRUMENT;EFS;EUR;51;118.21000000;982;EXCHANGE_LAST;;1;1;XEUR;11286680;689;
20.12.2024;13:34:13.661;FGBM SI 20250306 PS;SIMPLE_INSTRUMENT;EFS;EUR;52;118.23000000;421;EXCHANGE_LAST;;1;1;XEUR;11286680;689;
20.12.2024;13:35:32.357;FGBM SI 20250306 PS;SIMPLE_INSTRUMENT;EFP_FIN;EUR;53;118.16000000;1725;EXCHANGE_LAST;;1;1;XEUR;11286680;689;
20.12.2024;13:46:41.055;FGBM SI 20250306 PS;SIMPLE_INSTRUMENT;EFS;EUR;54;118.25000000;187;EXCHANGE_LAST;;1;1;XEUR;11286680;689;
20.12.2024;13:49:09.784;FGBM SI 20250306 PS;SIMPLE_INSTRUMENT;EFS;EUR;55;118.30000000;442;EXCHANGE_LAST;;1;1;XEUR;11286680;689;
20.12.2024;13:52:34.366;FGBM SI 20250306 PS;SIMPLE_INSTRUMENT;EFS;EUR;56;118.30000000;885;EXCHANGE_LAST;;1;1;XEUR;11286680;689;
20.12.2024;13:57:15.664;FGBM SI 20250306 PS;SIMPLE_INSTRUMENT;EFP_FIN;EUR;57;118.28000000;250;EXCHANGE_LAST;;1;1;XEUR;11286680;689;
20.12.2024;14:20:43.730;FGBM SI 20250306 PS;SIMPLE_INSTRUMENT;EFS;EUR;58;118.28000000;1319;EXCHANGE_LAST;;1;1;XEUR;11286680;689;
20.12.2024;14:51:04.559;FGBM SI 20250306 PS;SIMPLE_INSTRUMENT;EFP_FIN;EUR;59;118.24000000;71;EXCHANGE_LAST;;1;1;XEUR;11286680;689;
20.12.2024;14:53:41.905;FGBM SI 20250306 PS;SIMPLE_INSTRUMENT;EFS;EUR;60;118.22000000;666;EXCHANGE_LAST;;1;1;XEUR;11286680;689;
20.12.2024;15:03:05.761;FGBM SI 20250306 PS;SIMPLE_INSTRUMENT;EFP_FIN;EUR;61;118.20000000;505;EXCHANGE_LAST;;1;1;XEUR;11286680;689;
20.12.2024;15:04:57.397;FGBM SI 20250306 PS;SIMPLE_INSTRUMENT;EFS;EUR;62;118.21000000;421;EXCHANGE_LAST;;1;1;XEUR;11286680;689;
20.12.2024;15:06:17.423;FGBM SI 20250306 PS;SIMPLE_INSTRUMENT;EFS;EUR;63;118.21000000;981;EXCHANGE_LAST;;1;1;XEUR;11286680;689;
20.12.2024;15:19:00.014;FGBM SI 20250306 PS;SIMPLE_INSTRUMENT;EFS;EUR;64;118.21000000;843;EXCHANGE_LAST;;1;1;XEUR;11286680;689;
20.12.2024;15:20:00.082;FGBM SI 20250306 PS;SIMPLE_INSTRUMENT;EFS;EUR;65;118.21000000;1263;EXCHANGE_LAST;;1;1;XEUR;11286680;689;
20.12.2024;15:30:04.683;FGBM SI 20250306 PS;SIMPLE_INSTRUMENT;EFS;EUR;66;118.21000000;443;EXCHANGE_LAST;;1;1;XEUR;11286680;689;
20.12.2024;15:41:27.954;FGBM SI 20250306 PS;SIMPLE_INSTRUMENT;EFS;EUR;67;118.19000000;885;EXCHANGE_LAST;;1;1;XEUR;11286680;689;
20.12.2024;15:51:02.350;FGBM SI 20250306 PS;SIMPLE_INSTRUMENT;EFS;EUR;68;118.19000000;490;EXCHANGE_LAST;;1;1;XEUR;11286680;689;
20.12.2024;15:51:27.428;FGBM SI 20250306 PS;SIMPLE_INSTRUMENT;EFS;EUR;69;118.19000000;266;EXCHANGE_LAST;;1;1;XEUR;11286680;689;
20.12.2024;15:51:27.907;FGBM SI 20250306 PS;SIMPLE_INSTRUMENT;EFP_FIN;EUR;70;118.20000000;490;EXCHANGE_LAST;;1;1;XEUR;11286680;689;
20.12.2024;15:55:39.883;FGBM SI 20250306 PS;SIMPLE_INSTRUMENT;EFS;EUR;71;118.19000000;1887;EXCHANGE_LAST;;1;1;XEUR;11286680;689;
20.12.2024;15:55:57.586;FGBM SI 20250306 PS;SIMPLE_INSTRUMENT;EFS;EUR;72;118.22000000;888;EXCHANGE_LAST;;1;1;XEUR;11286680;689;
20.12.2024;15:57:05.169;FGBM SI 20250306 PS;SIMPLE_INSTRUMENT;EFS;EUR;73;118.22000000;420;EXCHANGE_LAST;;1;1;XEUR;11286680;689;
20.12.2024;16:06:46.917;FGBM SI 20250306 PS;SIMPLE_INSTRUMENT;EFP_FIN;EUR;74;118.23000000;259;EXCHANGE_LAST;;1;1;XEUR;11286680;689;
20.12.2024;16:07:52.268;FGBM SI 20250306 PS;SIMPLE_INSTRUMENT;EFS;EUR;75;118.20000000;282;EXCHANGE_LAST;;1;1;XEUR;11286680;689;
20.12.2024;16:08:09.248;FGBM SI 20250306 PS;SIMPLE_INSTRUMENT;EFP_FIN;EUR;76;118.22000000;259;EXCHANGE_LAST;;1;1;XEUR;11286680;689;
20.12.2024;16:12:57.410;FGBM SI 20250306 PS;SIMPLE_INSTRUMENT;EFS;EUR;77;118.19000000;420;EXCHANGE_LAST;;1;1;XEUR;11286680;689;
20.12.2024;16:18:05.430;FGBM SI 20250306 PS;SIMPLE_INSTRUMENT;EFS;EUR;78;118.09000000;1436;EXCHANGE_LAST;;1;1;XEUR;11286680;689;
20.12.2024;16:24:23.064;FGBM SI 20250306 PS;SIMPLE_INSTRUMENT;EFP_FIN;EUR;79;118.22000000;164;EXCHANGE_LAST;;1;1;XEUR;11286680;689;
20.12.2024;16:25:34.227;FGBM SI 20250306 PS;SIMPLE_INSTRUMENT;EFP_FIN;EUR;80;118.18000000;173;EXCHANGE_LAST;;1;1;XEUR;11286680;689;
20.12.2024;09:02:06.690;FGBM SI 20250306 PS;SIMPLE_INSTRUMENT;VOLA;EUR;268435477;118.10000000;400;EXCHANGE_LAST;;1;1;XEUR;11286680;689;
20.12.2024;09:50:09.203;FGBM SI 20250306 PS;SIMPLE_INSTRUMENT;VOLA;EUR;268435490;118.12000000;488;EXCHANGE_LAST;;1;1;XEUR;11286680;689;
20.12.2024;08:35:31.575;FGBS SI 20250306 PS;SIMPLE_INSTRUMENT;EFS;EUR;1;107.10000000;2727;EXCHANGE_LAST;;1;1;XEUR;11286681;690;
20.12.2024;08:41:34.819;FGBS SI 20250306 PS;SIMPLE_INSTRUMENT;EFS;EUR;2;107.10500000;2584;EXCHANGE_LAST;;1;1;XEUR;11286681;690;
20.12.2024;09:51:18.530;FGBS SI 20250306 PS;SIMPLE_INSTRUMENT;EFP_FIN;EUR;3;107.11500000;91;EXCHANGE_LAST;;1;1;XEUR;11286681;690;
20.12.2024;09:46:38.224;FGBS SI 20250306 PS;SIMPLE_INSTRUMENT;EFP_FIN;EUR;4;107.10000000;584;EXCHANGE_LAST;;1;1;XEUR;11286681;690;
20.12.2024;09:54:39.201;FGBS SI 20250306 PS;SIMPLE_INSTRUMENT;EFP_FIN;EUR;5;107.09000000;497;EXCHANGE_LAST;;1;1;XEUR;11286681;690;
20.12.2024;10:03:05.326;FGBS SI 20250306 PS;SIMPLE_INSTRUMENT;EFS;EUR;6;107.11500000;2628;EXCHANGE_LAST;;1;1;XEUR;11286681;690;
20.12.2024;10:03:41.729;FGBS SI 20250306 PS;SIMPLE_INSTRUMENT;EFS;EUR;7;107.11500000;2628;EXCHANGE_LAST;;1;1;XEUR;11286681;690;
20.12.2024;10:06:51.341;FGBS SI 20250306 PS;SIMPLE_INSTRUMENT;EFS;EUR;8;107.11000000;3000;EXCHANGE_LAST;;1;1;XEUR;11286681;690;
20.12.2024;10:11:10.886;FGBS SI 20250306 PS;SIMPLE_INSTRUMENT;EFS;EUR;9;107.11500000;2500;EXCHANGE_LAST;;1;1;XEUR;11286681;690;
20.12.2024;10:17:27.907;FGBS SI 20250306 PS;SIMPLE_INSTRUMENT;EFS;EUR;10;107.10500000;2618;EXCHANGE_LAST;;1;1;XEUR;11286681;690;
20.12.2024;10:17:18.906;FGBS SI 20250306 PS;SIMPLE_INSTRUMENT;EFS;EUR;11;107.10500000;2618;EXCHANGE_LAST;;1;1;XEUR;11286681;690;
20.12.2024;10:50:32.000;FGBS SI 20250306 PS;SIMPLE_INSTRUMENT;EFS;EUR;12;107.11000000;13635;EXCHANGE_LAST;;1;1;XEUR;11286681;690;
20.12.2024;10:53:54.012;FGBS SI 20250306 PS;SIMPLE_INSTRUMENT;EFS;EUR;13;107.12000000;2727;EXCHANGE_LAST;;1;1;XEUR;11286681;690;
20.12.2024;10:53:43.011;FGBS SI 20250306 PS;SIMPLE_INSTRUMENT;EFS;EUR;14;107.12000000;5454;EXCHANGE_LAST;;1;1;XEUR;11286681;690;
20.12.2024;11:41:00.149;FGBS SI 20250306 PS;SIMPLE_INSTRUMENT;EFS;EUR;15;107.12000000;2727;EXCHANGE_LAST;;1;1;XEUR;11286681;690;
20.12.2024;12:01:11.208;FGBS SI 20250306 PS;SIMPLE_INSTRUMENT;EFS;EUR;16;107.12000000;9789;EXCHANGE_LAST;;1;1;XEUR;11286681;690;
20.12.2024;12:40:27.373;FGBS SI 20250306 PS;SIMPLE_INSTRUMENT;EFP_FIN;EUR;17;107.12000000;248;EXCHANGE_LAST;;1;1;XEUR;11286681;690;
20.12.2024;12:51:17.199;FGBS SI 20250306 PS;SIMPLE_INSTRUMENT;EFS;EUR;18;107.13000000;1000;EXCHANGE_LAST;;1;1;XEUR;11286681;690;
20.12.2024;13:04:42.368;FGBS SI 20250306 PS;SIMPLE_INSTRUMENT;EFS;EUR;19;107.12000000;2181;EXCHANGE_LAST;;1;1;XEUR;11286681;690;
20.12.2024;13:51:46.618;FGBS SI 20250306 PS;SIMPLE_INSTRUMENT;EFS;EUR;20;107.15000000;2000;EXCHANGE_LAST;;1;1;XEUR;11286681;690;
20.12.2024;13:54:18.026;FGBS SI 20250306 PS;SIMPLE_INSTRUMENT;EFS;EUR;21;107.16000000;5450;EXCHANGE_LAST;;1;1;XEUR;11286681;690;
20.12.2024;14:11:28.279;FGBS SI 20250306 PS;SIMPLE_INSTRUMENT;EFS;EUR;22;107.15500000;2725;EXCHANGE_LAST;;1;1;XEUR;11286681;690;
20.12.2024;14:13:55.233;FGBS SI 20250306 PS;SIMPLE_INSTRUMENT;EFS;EUR;23;107.14000000;1000;EXCHANGE_LAST;;1;1;XEUR;11286681;690;
20.12.2024;14:30:41.766;FGBS SI 20250306 PS;SIMPLE_INSTRUMENT;EFS;EUR;24;107.14000000;2726;EXCHANGE_LAST;;1;1;XEUR;11286681;690;
20.12.2024;14:38:53.747;FGBS SI 20250306 PS;SIMPLE_INSTRUMENT;EFP_FIN;EUR;25;107.14500000;328;EXCHANGE_LAST;;1;1;XEUR;11286681;690;
20.12.2024;14:59:36.605;FGBS SI 20250306 PS;SIMPLE_INSTRUMENT;EFS;EUR;26;107.13000000;5000;EXCHANGE_LAST;;1;1;XEUR;11286681;690;
20.12.2024;15:51:02.869;FGBS SI 20250306 PS;SIMPLE_INSTRUMENT;EFS;EUR;27;107.11000000;2623;EXCHANGE_LAST;;1;1;XEUR;11286681;690;
20.12.2024;16:23:11.360;FGBS SI 20250306 PS;SIMPLE_INSTRUMENT;EFS;EUR;28;107.12000000;1143;EXCHANGE_LAST;;1;1;XEUR;11286681;690;
20.12.2024;08:57:18.151;FGBX SI 20250306 PS;SIMPLE_INSTRUMENT;EFS;EUR;1;133.44000000;273;EXCHANGE_LAST;;1;1;XEUR;11286682;691;
20.12.2024;08:59:33.508;FGBX SI 20250306 PS;SIMPLE_INSTRUMENT;EFS;EUR;2;133.42000000;87;EXCHANGE_LAST;;1;1;XEUR;11286682;691;
20.12.2024;10:11:11.798;FGBX SI 20250306 PS;SIMPLE_INSTRUMENT;EFP_FIN;EUR;3;133.54000000;361;EXCHANGE_LAST;;1;1;XEUR;11286682;691;
20.12.2024;11:49:55.244;FGBX SI 20250306 PS;SIMPLE_INSTRUMENT;EFP_FIN;EUR;11;133.68000000;557;EXCHANGE_LAST;;1;1;XEUR;11286682;691;
20.12.2024;12:10:23.235;FGBX SI 20250306 PS;SIMPLE_INSTRUMENT;EFS;EUR;13;133.52000000;86;EXCHANGE_LAST;;1;1;XEUR;11286682;691;
20.12.2024;13:17:19.924;FGBX SI 20250306 PS;SIMPLE_INSTRUMENT;EFP_FIN;EUR;15;133.82000000;120;EXCHANGE_LAST;;1;1;XEUR;11286682;691;
20.12.2024;14:06:43.015;FGBX SI 20250306 PS;SIMPLE_INSTRUMENT;EFP_FIN;EUR;18;134.04000000;334;EXCHANGE_LAST;;1;1;XEUR;11286682;691;
20.12.2024;14:18:16.817;FGBX SI 20250306 PS;SIMPLE_INSTRUMENT;EFP_FIN;EUR;19;134.12000000;64;EXCHANGE_LAST;;1;1;XEUR;11286682;691;
20.12.2024;14:33:37.755;FGBX SI 20250306 PS;SIMPLE_INSTRUMENT;EFS;EUR;20;133.76000000;104;EXCHANGE_LAST;;1;1;XEUR;11286682;691;
20.12.2024;14:38:04.679;FGBX SI 20250306 PS;SIMPLE_INSTRUMENT;EFP_FIN;EUR;21;133.66000000;253;EXCHANGE_LAST;;1;1;XEUR;11286682;691;
20.12.2024;14:38:46.552;FGBX SI 20250306 PS;SIMPLE_INSTRUMENT;EFS;EUR;22;134.06000000;181;EXCHANGE_LAST;;1;1;XEUR;11286682;691;
20.12.2024;15:09:03.065;FGBX SI 20250306 PS;SIMPLE_INSTRUMENT;EFP_FIN;EUR;23;134.06000000;57;EXCHANGE_LAST;;1;1;XEUR;11286682;691;
20.12.2024;15:09:15.791;FGBX SI 20250306 PS;SIMPLE_INSTRUMENT;EFP_FIN;EUR;24;134.04000000;57;EXCHANGE_LAST;;1;1;XEUR;11286682;691;
20.12.2024;15:41:22.335;FGBX SI 20250306 PS;SIMPLE_INSTRUMENT;EFP_FIN;EUR;25;134.14000000;216;EXCHANGE_LAST;;1;1;XEUR;11286682;691;
20.12.2024;10:50:07.423;FIA5.O.241220.COMBO.000103;STANDARD_OPTION_STRATEGY;BLOCK;EUR;11;0.11000000;1500;EXCHANGE_LAST;;1;2;XEUR;72264727425719900;48227;
20.12.2024;10:50:07.423;FIA5 SI 20250320 PS AM P 11.00 0;SIMPLE_INSTRUMENT;BLOCK;EUR;11;0.46500000;1500;PRC_DECOMP_EXCHANGE;;;;XEUR;10824854;48227;EXCHANGE
20.12.2024;10:50:07.423;FIA5 SI 20250320 PS AM C 14.00 0;SIMPLE_INSTRUMENT;BLOCK;EUR;11;0.35500000;1500;PRC_DECOMP_EXCHANGE;;;;XEUR;10824871;48227;EXCHANGE
20.12.2024;10:19:52.292;FIN.O.241220.CDIA.000102;STANDARD_OPTION_STRATEGY;BLOCK;CHF;24;-0.14000000;400;EXCHANGE_LAST;;1;1;XEUR;72060475960989199;671;
20.12.2024;10:19:52.292;FIN SI 20250117 PS AM C 68.00 0;SIMPLE_INSTRUMENT;BLOCK;CHF;24;1.28000000;400;PRC_DECOMP_EXCHANGE;;;;XEUR;12075002;671;EXCHANGE
20.12.2024;10:19:52.292;FIN SI 20241220 PS AM C 66.00 0;SIMPLE_INSTRUMENT;BLOCK;CHF;24;1.42000000;400;PRC_DECOMP_EXCHANGE;;;;XEUR;11881132;671;EXCHANGE
20.12.2024;08:21:47.263;FMAE SI 20250321 CS;SIMPLE_INSTRUMENT;EFP_IDX;EUR;40;415.55500000;144;EXCHANGE_LAST;;1;1;XEUR;7590772;48921;
20.12.2024;00:33:14.228;FMAU SI 20250321 CS;SIMPLE_INSTRUMENT;BLOCK;USD;2;5652.92600000;902;EXCHANGE_LAST;;1;1;XEUR;7590511;45287;
20.12.2024;01:36:33.195;FMAU SI 20241220 CS;SIMPLE_INSTRUMENT;BLOCK;USD;5;5497.00000000;1820;EXCHANGE_LAST;;2;1;XEUR;7192605;45287;
20.12.2024;01:36:33.845;FMAU SI 20250321 CS;SIMPLE_INSTRUMENT;BLOCK;USD;6;5566.81200000;1798;EXCHANGE_LAST;;1;2;XEUR;7590511;45287;
20.12.2024;02:16:51.372;FMAU SI 20241220 CS;SIMPLE_INSTRUMENT;BLOCK;USD;8;5495.00000000;1820;EXCHANGE_LAST;;1;1;XEUR;7192605;45287;
20.12.2024;02:16:51.976;FMAU SI 20250321 CS;SIMPLE_INSTRUMENT;BLOCK;USD;9;5564.51200000;1797;EXCHANGE_LAST;;1;1;XEUR;7590511;45287;
20.12.2024;00:59:26.606;FMCH SI 20250321 CS;SIMPLE_INSTRUMENT;BLOCK;USD;4;510.93500000;122;EXCHANGE_LAST;;1;1;XEUR;7592069;402909;
20.12.2024;03:13:49.148;FMEA SI 20241220 CS;SIMPLE_INSTRUMENT;BLOCK;USD;16;684.00000000;645;EXCHANGE_LAST;;1;1;XEUR;7191938;12395;
20.12.2024;03:13:37.158;FMEA SI 20250321 CS;SIMPLE_INSTRUMENT;BLOCK;USD;17;692.37900000;637;EXCHANGE_LAST;;1;1;XEUR;7589834;12395;
20.12.2024;07:44:51.122;FMEA SI 20250321 CS;SIMPLE_INSTRUMENT;BLOCK;USD;33;695.78000000;70;EXCHANGE_LAST;;1;1;XEUR;7589834;12395;
20.12.2024;07:55:21.089;FMEA SI 20241220 CS;SIMPLE_INSTRUMENT;BLOCK;USD;36;681.50000000;153;EXCHANGE_LAST;;1;1;XEUR;7191938;12395;
20.12.2024;07:55:35.491;FMEA SI 20250321 CS;SIMPLE_INSTRUMENT;BLOCK;USD;37;689.33700000;151;EXCHANGE_LAST;;1;1;XEUR;7589834;12395;
20.12.2024;07:26:11.322;FMED SI 20250321 CS;SIMPLE_INSTRUMENT;BLOCK;USD;29;9240.13900000;2425;EXCHANGE_LAST;;1;1;XEUR;7590729;48144;
20.12.2024;08:25:49.910;FMED SI 20241220 CS;SIMPLE_INSTRUMENT;BLOCK;USD;42;9124.77000000;2122;EXCHANGE_LAST;;1;1;XEUR;7193401;48144;
20.12.2024;10:46:53.092;FMED.S.DEC24.MAR25.SPD;FUTURES_SPREAD;BLOCK;USD;58;-124.25000000;120;EXCHANGE_LAST;;1;1;XEUR;72264370943427904;48144;
20.12.2024;10:46:53.092;FMED SI 20250321 CS;SIMPLE_INSTRUMENT;BLOCK;USD;58;9228.25000000;120;PRC_DECOMP_MEMBER;;;;XEUR;7590729;48144;MEMBER
20.12.2024;10:46:53.092;FMED SI 20241220 CS;SIMPLE_INSTRUMENT;BLOCK;USD;58;9104.00000000;120;PRC_DECOMP_MEMBER;;;;XEUR;7193401;48144;MEMBER
20.12.2024;11:27:53.605;FMED SI 20241220 CS;SIMPLE_INSTRUMENT;BLOCK;USD;60;8953.00000000;120;EXCHANGE_LAST;;1;1;XEUR;7193401;48144;
20.12.2024;11:28:08.914;FMED SI 20250321 CS;SIMPLE_INSTRUMENT;BLOCK;USD;61;9073.41800000;118;EXCHANGE_LAST;;1;1;XEUR;7590729;48144;
20.12.2024;13:51:05.497;FMED SI 20241220 CS;SIMPLE_INSTRUMENT;BLOCK;USD;69;8991.00000000;2224;EXCHANGE_LAST;;1;1;XEUR;7193401;48144;
20.12.2024;13:51:32.129;FMED SI 20250321 CS;SIMPLE_INSTRUMENT;BLOCK;USD;70;9108.78200000;2195;EXCHANGE_LAST;;1;1;XEUR;7590729;48144;
20.12.2024;14:51:10.791;FMEG SI 20250321 CS;SIMPLE_INSTRUMENT;BLOCK;EUR;71;326.60000000;25;EXCHANGE_LAST;;1;1;XEUR;7590117;18604;
20.12.2024;15:11:05.276;FMEL SI 20241220 CS;SIMPLE_INSTRUMENT;BLOCK;USD;74;480.00000000;94;EXCHANGE_LAST;;1;1;XEUR;7191942;12397;
20.12.2024;15:11:29.267;FMEL SI 20250321 CS;SIMPLE_INSTRUMENT;BLOCK;USD;75;485.76000000;93;EXCHANGE_LAST;;1;1;XEUR;7589856;12397;
20.12.2024;07:57:04.547;FMEM SI 20250321 CS;SIMPLE_INSTRUMENT;BLOCK;USD;38;584.60000000;112;EXCHANGE_LAST;;1;1;XEUR;7589821;12394;
20.12.2024;16:34:46.852;FMEN SI 20250321 CS;SIMPLE_INSTRUMENT;BLOCK;EUR;77;523.30000000;442;EXCHANGE_LAST;;1;1;XEUR;7590212;30652;
20.12.2024;07:27:28.546;FMES SI 20250321 CS;SIMPLE_INSTRUMENT;BLOCK;EUR;30;555.47600000;11;EXCHANGE_LAST;;1;1;XEUR;7591454;221291;
20.12.2024;08:30:30.962;FMEU SI 20250321 CS;SIMPLE_INSTRUMENT;EFP_IDX;EUR;49;338.54000000;68;EXCHANGE_LAST;;1;1;XEUR;7589708;7058;
20.12.2024;08:31:10.863;FMEU SI 20250321 CS;SIMPLE_INSTRUMENT;EFP_IDX;EUR;51;338.45000000;133;EXCHANGE_LAST;;1;1;XEUR;7589708;7058;
20.12.2024;13:43:54.074;FMEU SI 20241220 CS;SIMPLE_INSTRUMENT;BLOCK;EUR;66;327.00000000;2270;EXCHANGE_LAST;;1;1;XEUR;7191848;7058;
20.12.2024;13:43:12.239;FMEU SI 20250321 CS;SIMPLE_INSTRUMENT;BLOCK;EUR;67;329.80000000;454;EXCHANGE_LAST;;1;1;XEUR;7589708;7058;
20.12.2024;13:43:31.566;FMEU SI 20250321 CS;SIMPLE_INSTRUMENT;BLOCK;EUR;68;329.85000000;1816;EXCHANGE_LAST;;1;1;XEUR;7589708;7058;
20.12.2024;08:29:05.544;FMGC SI 20241220 CS;SIMPLE_INSTRUMENT;BLOCK;USD;46;12414.27000000;162;EXCHANGE_LAST;;1;1;XEUR;7193447;48916;
20.12.2024;08:30:54.179;FMGC SI 20250321 CS;SIMPLE_INSTRUMENT;BLOCK;USD;50;12602.27000000;44;EXCHANGE_LAST;;1;1;XEUR;7590767;48916;
20.12.2024;14:56:37.246;FMGO SI 20250321 CS;SIMPLE_INSTRUMENT;BLOCK;USD;72;5125.00000000;162;EXCHANGE_LAST;;1;1;XEUR;8609359;583623;
20.12.2024;12:27:02.508;FMGS SI 20241220 CS;SIMPLE_INSTRUMENT;BLOCK;USD;62;26782.62100000;1860;EXCHANGE_LAST;;1;1;XEUR;7193445;48912;
20.12.2024;02:39:05.657;FMHK SI 20241220 CS;SIMPLE_INSTRUMENT;BLOCK;USD;13;55370.00000000;400;EXCHANGE_LAST;;1;1;XEUR;7192592;45282;
20.12.2024;02:39:07.148;FMHK SI 20250321 CS;SIMPLE_INSTRUMENT;BLOCK;USD;14;56051.05100000;395;EXCHANGE_LAST;;1;1;XEUR;7590500;45282;
20.12.2024;08:02:12.345;FMHK SI 20250321 CS;SIMPLE_INSTRUMENT;BLOCK;USD;39;55700.00000000;11;EXCHANGE_LAST;;1;1;XEUR;7590500;45282;
20.12.2024;02:42:09.249;FMID SI 20250321 CS;SIMPLE_INSTRUMENT;BLOCK;USD;3;1544.00000000;215;EXCHANGE_LAST;;1;1;XEUR;7590528;45289;
20.12.2024;04:09:20.089;FMID SI 20250321 CS;SIMPLE_INSTRUMENT;BLOCK;USD;9;1546.50000000;30;EXCHANGE_LAST;;1;1;XEUR;7590528;45289;
20.12.2024;04:10:42.538;FMID SI 20250321 CS;SIMPLE_INSTRUMENT;BLOCK;USD;11;1544.00000000;30;EXCHANGE_LAST;;1;1;XEUR;7590528;45289;
20.12.2024;05:57:59.477;FMID SI 20241220 CS;SIMPLE_INSTRUMENT;BLOCK;USD;14;1545.00000000;131;EXCHANGE_LAST;;1;1;XEUR;7192610;45289;
20.12.2024;05:57:46.980;FMID SI 20250321 CS;SIMPLE_INSTRUMENT;BLOCK;USD;15;1562.30400000;130;EXCHANGE_LAST;;1;1;XEUR;7590528;45289;
20.12.2024;06:21:25.152;FMID SI 20241220 CS;SIMPLE_INSTRUMENT;BLOCK;USD;18;1547.00000000;108;EXCHANGE_LAST;;1;1;XEUR;7192610;45289;
20.12.2024;06:21:56.515;FMID SI 20250321 CS;SIMPLE_INSTRUMENT;BLOCK;USD;19;1564.94500000;107;EXCHANGE_LAST;;1;1;XEUR;7590528;45289;
20.12.2024;00:43:52.748;FMIN SI 20250321 CS;SIMPLE_INSTRUMENT;BLOCK;USD;3;1299.16000000;30;EXCHANGE_LAST;;1;1;XEUR;7589865;12404;
20.12.2024;01:46:58.769;FMIN SI 20241220 CS;SIMPLE_INSTRUMENT;BLOCK;USD;7;1280.09200000;623;EXCHANGE_LAST;;1;1;XEUR;7191968;12404;
20.12.2024;02:19:45.957;FMIN SI 20241220 CS;SIMPLE_INSTRUMENT;BLOCK;USD;11;1280.09200000;31;EXCHANGE_LAST;;1;1;XEUR;7191968;12404;
20.12.2024;02:21:51.880;FMIN SI 20241220 CS;SIMPLE_INSTRUMENT;BLOCK;USD;12;1280.15600000;590;EXCHANGE_LAST;;2;1;XEUR;7191968;12404;
20.12.2024;03:19:46.542;FMIN SI 20241220 CS;SIMPLE_INSTRUMENT;BLOCK;USD;18;1262.00000000;104;EXCHANGE_LAST;;1;1;XEUR;7191968;12404;
20.12.2024;03:20:08.095;FMIN SI 20250321 CS;SIMPLE_INSTRUMENT;BLOCK;USD;19;1280.29900000;103;EXCHANGE_LAST;;1;1;XEUR;7589865;12404;
20.12.2024;03:35:37.319;FMIN SI 20241220 CS;SIMPLE_INSTRUMENT;BLOCK;USD;20;1262.00000000;199;EXCHANGE_LAST;;1;1;XEUR;7191968;12404;
20.12.2024;03:35:13.804;FMIN SI 20250321 CS;SIMPLE_INSTRUMENT;BLOCK;USD;21;1280.29900000;196;EXCHANGE_LAST;;1;1;XEUR;7589865;12404;
20.12.2024;04:06:10.144;FMIN SI 20241220 CS;SIMPLE_INSTRUMENT;BLOCK;USD;24;1281.00000000;462;EXCHANGE_LAST;;2;1;XEUR;7191968;12404;
20.12.2024;04:06:52.184;FMIN SI 20250321 CS;SIMPLE_INSTRUMENT;BLOCK;USD;25;1299.57500000;455;EXCHANGE_LAST;;1;2;XEUR;7589865;12404;
20.12.2024;04:00:19.152;FMJP SI 20241220 CS;SIMPLE_INSTRUMENT;BLOCK;USD;22;8436.00000000;420;EXCHANGE_LAST;;2;1;XEUR;7190889;661;
20.12.2024;04:01:04.626;FMJP SI 20250321 CS;SIMPLE_INSTRUMENT;BLOCK;USD;23;8545.66800000;415;EXCHANGE_LAST;;1;2;XEUR;7588794;661;
20.12.2024;04:04:25.520;FMJP SI 20241220 CS;SIMPLE_INSTRUMENT;BLOCK;USD;26;8384.00000000;1161;EXCHANGE_LAST;;1;1;XEUR;7190889;661;
20.12.2024;04:05:20.175;FMJP SI 20250321 CS;SIMPLE_INSTRUMENT;BLOCK;USD;27;8493.41100000;1146;EXCHANGE_LAST;;1;1;XEUR;7588794;661;
20.12.2024;08:26:16.372;FMMU SI 20241220 CS;SIMPLE_INSTRUMENT;BLOCK;EUR;43;294.63500000;7691;EXCHANGE_LAST;;1;1;XEUR;7193396;48138;
20.12.2024;11:12:45.966;FMMU SI 20250321 CS;SIMPLE_INSTRUMENT;BLOCK;EUR;59;294.02000000;201;EXCHANGE_LAST;;1;1;XEUR;7590724;48138;
20.12.2024;00:33:04.167;FMMY SI 20241220 CS;SIMPLE_INSTRUMENT;BLOCK;USD;1;381.66900000;54;EXCHANGE_LAST;;1;1;XEUR;7191971;12405;
20.12.2024;03:19:40.965;FMNZ SI 20241220 CS;SIMPLE_INSTRUMENT;BLOCK;USD;6;580.00000000;55;EXCHANGE_LAST;;1;1;XEUR;7192586;45279;
20.12.2024;03:19:56.215;FMNZ SI 20250321 CS;SIMPLE_INSTRUMENT;BLOCK;USD;7;587.88800000;54;EXCHANGE_LAST;;1;1;XEUR;7590495;45279;
20.12.2024;02:36:35.316;FMPH SI 20241220 CS;SIMPLE_INSTRUMENT;BLOCK;USD;1;406.50000000;50;EXCHANGE_LAST;;1;1;XEUR;7191985;12548;
20.12.2024;02:36:51.714;FMPH SI 20250321 CS;SIMPLE_INSTRUMENT;BLOCK;USD;2;411.17500000;49;EXCHANGE_LAST;;1;1;XEUR;7589869;12548;
20.12.2024;03:58:17.461;FMPH SI 20250321 CS;SIMPLE_INSTRUMENT;BLOCK;USD;8;414.73000000;10;EXCHANGE_LAST;;1;1;XEUR;7589869;12548;
20.12.2024;04:10:26.172;FMPH SI 20250321 CS;SIMPLE_INSTRUMENT;BLOCK;USD;10;413.73000000;10;EXCHANGE_LAST;;1;1;XEUR;7589869;12548;
20.12.2024;07:38:42.162;FMSA SI 20250321 CS;SIMPLE_INSTRUMENT;BLOCK;USD;32;1776.88000000;110;EXCHANGE_LAST;;1;1;XEUR;7591259;134861;
20.12.2024;03:06:40.901;FMTW SI 20241220 CS;SIMPLE_INSTRUMENT;BLOCK;USD;4;820.00000000;305;EXCHANGE_LAST;;1;1;XEUR;7193559;51884;
20.12.2024;03:06:35.253;FMTW SI 20250321 CS;SIMPLE_INSTRUMENT;BLOCK;USD;5;829.51200000;302;EXCHANGE_LAST;;1;1;XEUR;7590882;51884;
20.12.2024;16:34:07.354;FMWN SI 20250321 CS;SIMPLE_INSTRUMENT;BLOCK;EUR;76;585.70000000;243;EXCHANGE_LAST;;1;1;XEUR;7590222;30654;
20.12.2024;07:09:38.053;FMWO SI 20250321 CS;SIMPLE_INSTRUMENT;BLOCK;USD;28;11865.95000000;1223;EXCHANGE_LAST;;1;1;XEUR;7589707;7059;
20.12.2024;07:45:13.509;FMWO SI 20250321 CS;SIMPLE_INSTRUMENT;EFP_IDX;USD;34;11866.45000000;82;EXCHANGE_LAST;;1;1;XEUR;7589707;7059;
20.12.2024;07:51:48.023;FMWO SI 20250321 CS;SIMPLE_INSTRUMENT;EFP_IDX;USD;35;11866.45000000;209;EXCHANGE_LAST;;1;1;XEUR;7589707;7059;
20.12.2024;08:29:58.327;FMWO SI 20250321 CS;SIMPLE_INSTRUMENT;EFP_IDX;USD;47;11855.45000000;13;EXCHANGE_LAST;;1;1;XEUR;7589707;7059;
20.12.2024;08:30:39.732;FMWO SI 20241220 CS;SIMPLE_INSTRUMENT;BLOCK;USD;48;11695.95000000;105;EXCHANGE_LAST;;1;1;XEUR;7191849;7059;
20.12.2024;08:53:20.459;FMWO SI 20250321 CS;SIMPLE_INSTRUMENT;BLOCK;USD;53;11780.00000000;9010;EXCHANGE_LAST;;1;1;XEUR;7589707;7059;
20.12.2024;09:23:35.113;FMWO SI 20250321 CS;SIMPLE_INSTRUMENT;BLOCK;USD;54;11780.00000000;8990;EXCHANGE_LAST;;1;1;XEUR;7589707;7059;
20.12.2024;21:31:42.163;FMWO SI 20250321 CS;SIMPLE_INSTRUMENT;BLOCK;USD;86;11962.33000000;815;EXCHANGE_LAST;;1;1;XEUR;7589707;7059;
20.12.2024;09:50:07.303;FMXG SI 20250321 CS;SIMPLE_INSTRUMENT;BLOCK;EUR;55;352.00000000;1854;EXCHANGE_LAST;;1;1;XEUR;7591194;124306;
20.12.2024;02:53:09.518;FMXJ SI 20250321 CS;SIMPLE_INSTRUMENT;BLOCK;USD;15;585.00000000;7;EXCHANGE_LAST;;1;1;XEUR;7590866;51660;
20.12.2024;09:18:48.619;FOAT SI 20250306 PS;SIMPLE_INSTRUMENT;EFP_FIN;EUR;1;123.82000000;89;EXCHANGE_LAST;;1;1;XEUR;11286683;749;
20.12.2024;09:22:06.160;FOAT SI 20250306 PS;SIMPLE_INSTRUMENT;EFP_FIN;EUR;2;124.00000000;834;EXCHANGE_LAST;;1;1;XEUR;11286683;749;
20.12.2024;09:39:40.170;FOAT SI 20250306 PS;SIMPLE_INSTRUMENT;EFP_FIN;EUR;3;124.00000000;834;EXCHANGE_LAST;;1;1;XEUR;11286683;749;
20.12.2024;09:40:04.674;FOAT SI 20250306 PS;SIMPLE_INSTRUMENT;EFS;EUR;4;123.95000000;144;EXCHANGE_LAST;;1;1;XEUR;11286683;749;
20.12.2024;09:43:21.307;FOAT SI 20250306 PS;SIMPLE_INSTRUMENT;EFP_FIN;EUR;5;123.94000000;587;EXCHANGE_LAST;;1;1;XEUR;11286683;749;
20.12.2024;10:40:32.349;FOAT SI 20250306 PS;SIMPLE_INSTRUMENT;EFP_FIN;EUR;6;124.00000000;132;EXCHANGE_LAST;;1;1;XEUR;11286683;749;
20.12.2024;10:48:48.995;FOAT SI 20250306 PS;SIMPLE_INSTRUMENT;EFP_FIN;EUR;7;124.08000000;1251;EXCHANGE_LAST;;1;1;XEUR;11286683;749;
20.12.2024;11:10:42.257;FOAT SI 20250306 PS;SIMPLE_INSTRUMENT;EFP_FIN;EUR;8;124.05000000;389;EXCHANGE_LAST;;1;1;XEUR;11286683;749;
20.12.2024;11:14:42.352;FOAT SI 20250306 PS;SIMPLE_INSTRUMENT;EFP_FIN;EUR;9;123.93000000;417;EXCHANGE_LAST;;1;1;XEUR;11286683;749;
20.12.2024;11:17:31.526;FOAT SI 20250306 PS;SIMPLE_INSTRUMENT;EFP_FIN;EUR;10;124.04000000;834;EXCHANGE_LAST;;1;1;XEUR;11286683;749;
20.12.2024;11:45:04.750;FOAT SI 20250306 PS;SIMPLE_INSTRUMENT;BLOCK;EUR;11;124.03000000;834;EXCHANGE_LAST;;1;1;XEUR;11286683;749;
20.12.2024;11:48:22.190;FOAT SI 20250306 PS;SIMPLE_INSTRUMENT;BLOCK;EUR;12;124.04000000;780;EXCHANGE_LAST;;1;1;XEUR;11286683;749;
20.12.2024;11:55:59.368;FOAT SI 20250306 PS;SIMPLE_INSTRUMENT;EFP_FIN;EUR;13;124.02000000;417;EXCHANGE_LAST;;1;1;XEUR;11286683;749;
20.12.2024;12:35:27.974;FOAT SI 20250306 PS;SIMPLE_INSTRUMENT;EFS;EUR;14;123.99000000;208;EXCHANGE_LAST;;1;1;XEUR;11286683;749;
20.12.2024;13:29:47.111;FOAT SI 20250306 PS;SIMPLE_INSTRUMENT;EFP_FIN;EUR;15;124.04000000;1034;EXCHANGE_LAST;;1;1;XEUR;11286683;749;
20.12.2024;13:30:38.897;FOAT SI 20250306 PS;SIMPLE_INSTRUMENT;EFP_FIN;EUR;16;124.09000000;907;EXCHANGE_LAST;;1;1;XEUR;11286683;749;
20.12.2024;14:26:26.041;FOAT SI 20250306 PS;SIMPLE_INSTRUMENT;EFP_FIN;EUR;17;124.24000000;491;EXCHANGE_LAST;;1;1;XEUR;11286683;749;
20.12.2024;16:09:18.272;FOAT SI 20250306 PS;SIMPLE_INSTRUMENT;EFP_FIN;EUR;18;124.32000000;121;EXCHANGE_LAST;;1;1;XEUR;11286683;749;
20.12.2024;16:09:56.275;FOAT SI 20250306 PS;SIMPLE_INSTRUMENT;EFP_FIN;EUR;19;124.32000000;99;EXCHANGE_LAST;;1;1;XEUR;11286683;749;
20.12.2024;16:11:20.282;FOAT SI 20250306 PS;SIMPLE_INSTRUMENT;EFP_FIN;EUR;20;124.32000000;87;EXCHANGE_LAST;;1;1;XEUR;11286683;749;
20.12.2024;16:11:39.283;FOAT SI 20250306 PS;SIMPLE_INSTRUMENT;EFP_FIN;EUR;21;124.32000000;243;EXCHANGE_LAST;;1;1;XEUR;11286683;749;
20.12.2024;16:12:46.287;FOAT SI 20250306 PS;SIMPLE_INSTRUMENT;EFP_FIN;EUR;22;124.32000000;125;EXCHANGE_LAST;;1;1;XEUR;11286683;749;
20.12.2024;09:54:04.467;FOT.O.241220.BER.000101;STANDARD_OPTION_STRATEGY;BLOCK;EUR;9;0.07000000;2700;EXCHANGE_LAST;;1;1;XEUR;72060819558372861;751;
20.12.2024;09:54:04.467;FOT SI 20241220 PS AM P 13.00 0;SIMPLE_INSTRUMENT;BLOCK;EUR;9;0.11000000;2700;PRC_DECOMP_EXCHANGE;;;;XEUR;10405943;751;EXCHANGE
20.12.2024;09:54:04.467;FOT SI 20241220 PS AM P 12.00 0;SIMPLE_INSTRUMENT;BLOCK;EUR;9;0.04000000;2700;PRC_DECOMP_EXCHANGE;;;;XEUR;10405953;751;EXCHANGE
20.12.2024;09:54:20.721;FOT.O.241220.BER.000101;STANDARD_OPTION_STRATEGY;BLOCK;EUR;10;0.08000000;2700;EXCHANGE_LAST;;1;1;XEUR;72060819558372861;751;
20.12.2024;09:54:20.721;FOT SI 20241220 PS AM P 13.00 0;SIMPLE_INSTRUMENT;BLOCK;EUR;10;0.11000000;2700;PRC_DECOMP_EXCHANGE;;;;XEUR;10405943;751;EXCHANGE
20.12.2024;09:54:20.721;FOT SI 20241220 PS AM P 12.00 0;SIMPLE_INSTRUMENT;BLOCK;EUR;10;0.03000000;2700;PRC_DECOMP_EXCHANGE;;;;XEUR;10405953;751;EXCHANGE
20.12.2024;16:42:21.787;FSCP SI 20250321 CS;SIMPLE_INSTRUMENT;EFP_IDX;EUR;48;331.80000000;275;EXCHANGE_LAST;;1;1;XEUR;11360241;764;
20.12.2024;16:51:21.132;FSEG SI 20250321 CS;SIMPLE_INSTRUMENT;EFP_IDX;EUR;54;187.10000000;42;EXCHANGE_LAST;;1;1;XEUR;11393888;109977;
20.12.2024;16:51:38.238;FSEG SI 20250321 CS;SIMPLE_INSTRUMENT;EFP_IDX;EUR;55;187.20000000;18;EXCHANGE_LAST;;1;1;XEUR;11393888;109977;
20.12.2024;16:56:37.385;FSEG SI 20250321 CS;SIMPLE_INSTRUMENT;EFP_IDX;EUR;56;187.10000000;58;EXCHANGE_LAST;;1;1;XEUR;11393888;109977;
20.12.2024;16:57:15.527;FSEG SI 20250321 CS;SIMPLE_INSTRUMENT;EFP_IDX;EUR;57;187.20000000;39;EXCHANGE_LAST;;1;1;XEUR;11393888;109977;
20.12.2024;10:57:13.369;FSMI SI 20250321 CS;SIMPLE_INSTRUMENT;BLOCK;CHF;1;11246.00000000;2500;EXCHANGE_LAST;;1;1;XEUR;7793721;757;
20.12.2024;16:41:21.654;FSMI SI 20250321 CS;SIMPLE_INSTRUMENT;EFP_IDX;CHF;2;11377.00000000;66;EXCHANGE_LAST;;1;1;XEUR;7793721;757;
20.12.2024;16:42:51.258;FSMI SI 20250321 CS;SIMPLE_INSTRUMENT;EFP_IDX;CHF;3;11376.00000000;234;EXCHANGE_LAST;;1;1;XEUR;7793721;757;
20.12.2024;10:54:59.015;FSMI SI 20250321 CS;SIMPLE_INSTRUMENT;VOLA;CHF;603979811;11270.00000000;150;EXCHANGE_LAST;;1;1;XEUR;7793721;757;
20.12.2024;12:11:59.198;FSMI SI 20250321 CS;SIMPLE_INSTRUMENT;VOLA;CHF;603979826;11270.00000000;155;EXCHANGE_LAST;;1;1;XEUR;7793721;757;
20.12.2024;16:23:49.927;FSMI SI 20250321 CS;SIMPLE_INSTRUMENT;VOLA;CHF;603979897;11360.00000000;149;EXCHANGE_LAST;;1;1;XEUR;7793721;757;
20.12.2024;11:51:36.247;FSTA SI 20250321 CS;SIMPLE_INSTRUMENT;BLOCK;EUR;1;544.20000000;485;EXCHANGE_LAST;;1;1;XEUR;11359808;715;
20.12.2024;16:46:05.214;FSTB SI 20250321 CS;SIMPLE_INSTRUMENT;EFP_IDX;EUR;49;207.35000000;192;EXCHANGE_LAST;;1;1;XEUR;11359807;714;
20.12.2024;16:46:20.278;FSTB SI 20250321 CS;SIMPLE_INSTRUMENT;EFP_IDX;EUR;50;207.30000000;127;EXCHANGE_LAST;;1;1;XEUR;11359807;714;
20.12.2024;16:51:49.346;FSTE SI 20250321 CS;SIMPLE_INSTRUMENT;EFP_IDX;EUR;3;324.90000000;28;EXCHANGE_LAST;;1;1;XEUR;11359812;719;
20.12.2024;17:12:49.221;FSTE SI 20250321 CS;SIMPLE_INSTRUMENT;EFP_IDX;EUR;9;324.80000000;66;EXCHANGE_LAST;;1;1;XEUR;11359812;719;
20.12.2024;17:13:01.767;FSTE SI 20250321 CS;SIMPLE_INSTRUMENT;EFP_IDX;EUR;10;324.50000000;28;EXCHANGE_LAST;;1;1;XEUR;11359812;719;
20.12.2024;13:55:17.358;FSTE SI 20250321 CS;SIMPLE_INSTRUMENT;VOLA;EUR;603979843;322.30000000;22;EXCHANGE_LAST;;1;1;XEUR;11359812;719;
20.12.2024;13:56:20.687;FSTE SI 20250321 CS;SIMPLE_INSTRUMENT;VOLA;EUR;603979845;322.30000000;22;EXCHANGE_LAST;;1;1;XEUR;11359812;719;
20.12.2024;16:41:29.143;FSTH SI 20250321 CS;SIMPLE_INSTRUMENT;BLOCK;EUR;2;1073.50000000;800;EXCHANGE_LAST;;1;1;XEUR;11359811;716;
20.12.2024;16:47:25.031;FSTH SI 20250321 CS;SIMPLE_INSTRUMENT;BLOCK;EUR;4;1065.80000000;438;EXCHANGE_LAST;;1;1;XEUR;11359811;716;
20.12.2024;12:44:30.046;FSTL SI 20250321 CS;SIMPLE_INSTRUMENT;BLOCK;EUR;31;124.10000000;500;EXCHANGE_LAST;;1;1;XEUR;11359767;706;
20.12.2024;14:16:56.439;FSTM SI 20250321 CS;SIMPLE_INSTRUMENT;VOLA;EUR;603979850;468.70000000;20;EXCHANGE_LAST;;1;1;XEUR;11359760;705;
20.12.2024;14:17:06.502;FSTM SI 20250321 CS;SIMPLE_INSTRUMENT;VOLA;EUR;603979851;468.70000000;16;EXCHANGE_LAST;;1;1;XEUR;11359760;705;
20.12.2024;17:06:01.335;FSTO SI 20250321 CS;SIMPLE_INSTRUMENT;EFP_IDX;EUR;7;633.30000000;57;EXCHANGE_LAST;;1;1;XEUR;11359792;711;
20.12.2024;17:06:25.215;FSTO SI 20250321 CS;SIMPLE_INSTRUMENT;EFP_IDX;EUR;8;633.20000000;38;EXCHANGE_LAST;;1;1;XEUR;11359792;711;
20.12.2024;16:57:04.864;FSTT SI 20250321 CS;SIMPLE_INSTRUMENT;EFP_IDX;EUR;5;228.50000000;228;EXCHANGE_LAST;;1;1;XEUR;11359772;708;
20.12.2024;16:57:16.050;FSTT SI 20250321 CS;SIMPLE_INSTRUMENT;EFP_IDX;EUR;6;228.60000000;25;EXCHANGE_LAST;;1;1;XEUR;11359772;708;
20.12.2024;17:13:38.073;FSTU SI 20250321 CS;SIMPLE_INSTRUMENT;EFP_IDX;EUR;58;376.50000000;25;EXCHANGE_LAST;;1;1;XEUR;11359815;730;
20.12.2024;14:24:09.515;FSTV SI 20250321 CS;SIMPLE_INSTRUMENT;VOLA;EUR;603979856;271.40000000;42;EXCHANGE_LAST;;1;1;XEUR;11359817;731;
20.12.2024;14:26:18.008;FSTV SI 20250321 CS;SIMPLE_INSTRUMENT;VOLA;EUR;603979857;271.40000000;41;EXCHANGE_LAST;;1;1;XEUR;11359817;731;
20.12.2024;13:00:03.506;FVS SI 20250219 CS;SIMPLE_INSTRUMENT;VOLA;EUR;301989897;21.20000000;120;EXCHANGE_LAST;;1;1;XEUR;11334509;821;
20.12.2024;16:51:59.992;FXXP SI 20250321 CS;SIMPLE_INSTRUMENT;EFP_IDX;EUR;78;504.50000000;3254;EXCHANGE_LAST;;1;1;XEUR;7793972;816;
20.12.2024;16:52:13.143;FXXP SI 20250321 CS;SIMPLE_INSTRUMENT;EFP_IDX;EUR;79;504.60000000;2168;EXCHANGE_LAST;;1;1;XEUR;7793972;816;
20.12.2024;17:09:30.038;FXXP SI 20250321 CS;SIMPLE_INSTRUMENT;EFP_IDX;EUR;80;504.30000000;240;EXCHANGE_LAST;;1;1;XEUR;7793972;816;
20.12.2024;17:09:48.846;FXXP SI 20250321 CS;SIMPLE_INSTRUMENT;EFP_IDX;EUR;81;504.40000000;560;EXCHANGE_LAST;;1;1;XEUR;7793972;816;
20.12.2024;17:13:41.836;FXXP SI 20250321 CS;SIMPLE_INSTRUMENT;BLOCK;EUR;82;504.20000000;559;EXCHANGE_LAST;;1;1;XEUR;7793972;816;
20.12.2024;17:13:54.845;FXXP SI 20250321 CS;SIMPLE_INSTRUMENT;BLOCK;EUR;83;504.50000000;730;EXCHANGE_LAST;;1;1;XEUR;7793972;816;
20.12.2024;17:12:38.447;FXXP SI 20250321 CS;SIMPLE_INSTRUMENT;BLOCK;EUR;84;504.20000000;308;EXCHANGE_LAST;;1;1;XEUR;7793972;816;
20.12.2024;17:12:12.666;FXXP SI 20250321 CS;SIMPLE_INSTRUMENT;BLOCK;EUR;85;504.50000000;403;EXCHANGE_LAST;;1;1;XEUR;7793972;816;
20.12.2024;14:38:53.073;FXXP SI 20250321 CS;SIMPLE_INSTRUMENT;VOLA;EUR;603979858;500.00000000;55;EXCHANGE_LAST;;1;1;XEUR;7793972;816;
20.12.2024;15:03:21.483;FXXP SI 20250321 CS;SIMPLE_INSTRUMENT;VOLA;EUR;603979860;500.00000000;139;EXCHANGE_LAST;;1;1;XEUR;7793972;816;
20.12.2024;12:07:22.693;G3ZF SI 20271217 CS;SIMPLE_INSTRUMENT;BLOCK;EUR;69;0.89000000;600;EXCHANGE_LAST;;1;1;XEUR;8413561;144760;
20.12.2024;15:36:35.225;G3ZF SI 20261218 CS;SIMPLE_INSTRUMENT;BLOCK;EUR;125;0.97000000;2062;EXCHANGE_LAST;;1;1;XEUR;6825108;144760;
20.12.2024;11:38:24.303;GAD.O.241220.PDIA.000101;STANDARD_OPTION_STRATEGY;BLOCK;CHF;40;1.11000000;1000;EXCHANGE_LAST;;1;1;XEUR;75640391331743729;834185;
20.12.2024;11:38:24.303;GAD SI 20250117 PS AM P 94.00 0;SIMPLE_INSTRUMENT;BLOCK;CHF;40;1.40000000;1000;PRC_DECOMP_EXCHANGE;;;;XEUR;12118797;834185;EXCHANGE
20.12.2024;11:38:24.303;GAD SI 20241220 PS AM P 95.00 0;SIMPLE_INSTRUMENT;BLOCK;CHF;40;0.29000000;1000;PRC_DECOMP_EXCHANGE;;;;XEUR;12289035;834185;EXCHANGE
20.12.2024;11:49:10.004;GIVG SI 20241220 CS;SIMPLE_INSTRUMENT;BLOCK;CHF;63;3882.00000000;175;EXCHANGE_LAST;;1;1;XEUR;7037242;895;
20.12.2024;13:19:56.720;GZF SI 20241220 PS AM C 14.00 0;SIMPLE_INSTRUMENT;BLOCK;EUR;22;0.82000000;17000;EXCHANGE_LAST;;1;1;XEUR;4647409;855;
20.12.2024;14:28:15.733;GZF SI 20251219 PS AM P 12.00 0;SIMPLE_INSTRUMENT;BLOCK;EUR;29;0.48000000;5000;EXCHANGE_LAST;;1;1;XEUR;5932149;855;
20.12.2024;11:47:13.824;GZFH SI 20241220 CS;SIMPLE_INSTRUMENT;BLOCK;EUR;61;14.80000000;3000;EXCHANGE_LAST;;1;1;XEUR;7053086;144768;
20.12.2024;09:00:38.999;HMI SI 20241220 PS AM P 2240.00 0;SIMPLE_INSTRUMENT;BLOCK;EUR;1;2.75000000;50;EXCHANGE_LAST;;1;1;XEUR;11114200;950;
20.12.2024;12:03:20.111;HMI.N.241220.000101;NON_STANDARD_OPTION_STRATEGY;BLOCK;EUR;17;-124.00000000;50;EXCHANGE_LAST;;1;1;XEUR;72061674256867204;950;
20.12.2024;12:03:20.111;HMI SI 20250221 PS AM C 2400.00 0;SIMPLE_INSTRUMENT;BLOCK;EUR;17;57.58000000;50;PRC_DECOMP_EXCHANGE;;;;XEUR;12340675;950;EXCHANGE
20.12.2024;12:03:20.111;HMI SI 20250221 PS AM C 2300.00 0;SIMPLE_INSTRUMENT;BLOCK;EUR;17;97.21000000;50;PRC_DECOMP_EXCHANGE;;;;XEUR;12340685;950;EXCHANGE
20.12.2024;12:03:20.111;HMI SI 20241220 PS AM C 2200.00 0;SIMPLE_INSTRUMENT;BLOCK;EUR;17;75.09000000;50;PRC_DECOMP_EXCHANGE;;;;XEUR;11114199;950;EXCHANGE
20.12.2024;12:03:20.111;HMI SI 20241220 PS AM C 2300.00 0;SIMPLE_INSTRUMENT;BLOCK;EUR;17;4.98000000;50;PRC_DECOMP_EXCHANGE;;;;XEUR;11986714;950;EXCHANGE
20.12.2024;12:03:20.111;HMI SI 20250117 PS AM C 2300.00 0;SIMPLE_INSTRUMENT;BLOCK;EUR;17;49.28000000;50;PRC_DECOMP_EXCHANGE;;;;XEUR;12156714;950;EXCHANGE
20.12.2024;13:41:43.361;HMI SI 20241220 PS AM C 2240.00 0;SIMPLE_INSTRUMENT;BLOCK;EUR;25;37.00000000;50;EXCHANGE_LAST;;1;1;XEUR;11114201;950;
20.12.2024;14:35:19.499;HMI SI 20250321 PS AM P 1880.00 0;SIMPLE_INSTRUMENT;BLOCK;EUR;32;20.50000000;50;EXCHANGE_LAST;;1;1;XEUR;11114228;950;
20.12.2024;10:27:11.147;HMII SI 20241220 CS;SIMPLE_INSTRUMENT;BLOCK;EUR;37;2272.00000000;46;EXCHANGE_LAST;;1;1;XEUR;7049701;47541;
20.12.2024;08:49:07.996;HOLN.O.241220.BRT.000102;STANDARD_OPTION_STRATEGY;BLOCK;CHF;4;1.20000000;500;EXCHANGE_LAST;;1;1;XEUR;72061644192123693;943;
20.12.2024;08:49:07.996;HOLN SI 20250117 PS AM P 86.00 0;SIMPLE_INSTRUMENT;BLOCK;CHF;4;2.03000000;500;PRC_DECOMP_EXCHANGE;;;;XEUR;12077186;943;EXCHANGE
20.12.2024;08:49:07.996;HOLN SI 20241220 PS AM P 86.00 0;SIMPLE_INSTRUMENT;BLOCK;CHF;4;0.83000000;500;PRC_DECOMP_EXCHANGE;;;;XEUR;11864031;943;EXCHANGE
20.12.2024;11:57:58.342;I4NN SI 20271217 CS;SIMPLE_INSTRUMENT;BLOCK;EUR;56;0.81000000;1100;EXCHANGE_LAST;;2;2;XEUR;9488392;669776;
20.12.2024;12:04:02.411;I4NN SI 20261218 CS;SIMPLE_INSTRUMENT;BLOCK;EUR;66;0.92500000;500;EXCHANGE_LAST;;1;1;XEUR;9488387;669776;
20.12.2024;12:22:17.278;I4NN SI 20281215 CS;SIMPLE_INSTRUMENT;BLOCK;EUR;68;0.71500000;750;EXCHANGE_LAST;;1;2;XEUR;9970679;669776;
20.12.2024;12:20:26.804;I4NN SI 20251219 CS;SIMPLE_INSTRUMENT;BLOCK;EUR;73;1.05000000;500;EXCHANGE_LAST;;1;1;XEUR;9488383;669776;
20.12.2024;12:31:13.478;I4NN SI 20251219 CS;SIMPLE_INSTRUMENT;BLOCK;EUR;77;1.05000000;250;EXCHANGE_LAST;;1;1;XEUR;9488383;669776;
20.12.2024;13:25:25.419;I4NN SI 20261218 CS;SIMPLE_INSTRUMENT;BLOCK;EUR;95;0.92500000;500;EXCHANGE_LAST;;1;2;XEUR;9488387;669776;
20.12.2024;13:24:17.533;I4NN SI 20251219 CS;SIMPLE_INSTRUMENT;BLOCK;EUR;98;1.05000000;500;EXCHANGE_LAST;;1;1;XEUR;9488383;669776;
20.12.2024;13:38:30.041;I4NN SI 20261218 CS;SIMPLE_INSTRUMENT;BLOCK;EUR;99;0.92500000;250;EXCHANGE_LAST;;1;1;XEUR;9488387;669776;
20.12.2024;09:22:44.389;IFX SI 20241220 PS AM C 31.00 0;SIMPLE_INSTRUMENT;BLOCK;EUR;2;0.47000000;3000;EXCHANGE_LAST;;2;1;XEUR;10665612;902;
20.12.2024;09:44:50.577;IFX SI 20250321 PS AM C 37.00 0;SIMPLE_INSTRUMENT;BLOCK;EUR;4;0.59000000;1000;EXCHANGE_LAST;;1;1;XEUR;11315657;902;
20.12.2024;09:45:10.292;IFX SI 20250321 PS AM C 37.00 0;SIMPLE_INSTRUMENT;BLOCK;EUR;5;0.58000000;1000;EXCHANGE_LAST;;1;1;XEUR;11315657;902;
