#Date;TrdTime;Contract;ContractType;TrdTyp;Currency;TesId;Prc;Qty;TrdInd;Aggressor;Buy;Sell;Exch;InstrumentId;RelatedProdId;PrcDecomp
24.09.2024;14:21:21.216;A2XA SI 20251219 CS;SIMPLE_INSTRUMENT;BLOCK;EUR;56;2.09500000;625;EXCHANGE_LAST;;1;2;XEUR;3681055;17;
24.09.2024;12:04:53.431;ADS SI 20241220 PS AM C 250.00 0;SIMPLE_INSTRUMENT;BLOCK;EUR;7;3.30000000;300;EXCHANGE_LAST;;1;1;XEUR;11870673;50;
24.09.2024;10:55:01.749;AHOI SI 20241220 CS;SIMPLE_INSTRUMENT;BLOCK;EUR;24;31.22500000;3000;EXCHANGE_LAST;;1;1;XEUR;7050398;48791;
24.09.2024;15:00:49.747;ALC SI 20241018 PS AM C 82.00 0;SIMPLE_INSTRUMENT;BLOCK;CHF;62;2.32000000;400;EXCHANGE_LAST;;2;1;XEUR;11560329;130134;
24.09.2024;15:22:34.026;ALC SI 20250620 PS AM P 60.00 0;SIMPLE_INSTRUMENT;BLOCK;CHF;65;0.80000000;1250;EXCHANGE_LAST;;1;1;XEUR;7926482;130134;
24.09.2024;09:37:18.369;ALV SI 20261218 PS AM P 240.00 0;SIMPLE_INSTRUMENT;BLOCK;EUR;1;14.10000000;150;EXCHANGE_LAST;;1;1;XEUR;7152577;74;
24.09.2024;13:37:30.124;ALV SI 20241220 PS AM C 305.00 0;SIMPLE_INSTRUMENT;BLOCK;EUR;3;6.10000000;300;EXCHANGE_LAST;;1;1;XEUR;11871561;74;
24.09.2024;13:37:30.925;ALV SI 20241220 PS AM P 290.00 0;SIMPLE_INSTRUMENT;BLOCK;EUR;4;6.40000000;300;EXCHANGE_LAST;;1;1;XEUR;10819250;74;
24.09.2024;10:27:41.457;AMS SI 20250321 PS AM C 1.20 0;SIMPLE_INSTRUMENT;BLOCK;CHF;25;0.13000000;5000;EXCHANGE_LAST;;1;1;XEUR;10862778;10807;
24.09.2024;08:18:54.240;ASM SI 20250620 PS AM P 600.00 0;SIMPLE_INSTRUMENT;BLOCK;EUR;7;35.17000000;150;EXCHANGE_LAST;;1;1;XEUR;11349935;107;
24.09.2024;14:48:06.237;ASM.O.240924.BUL.000007;STANDARD_OPTION_STRATEGY;BLOCK;EUR;16;47.20000000;200;EXCHANGE_LAST;;1;1;XEUR;72058053599443656;107;
24.09.2024;14:48:06.237;ASM SI 20250620 PS AM C 720.00 0;SIMPLE_INSTRUMENT;BLOCK;EUR;16;96.86000000;200;PRC_DECOMP_EXCHANGE;;;;XEUR;7898590;107;EXCHANGE
24.09.2024;14:48:06.237;ASM SI 20250620 PS AM C 840.00 0;SIMPLE_INSTRUMENT;BLOCK;EUR;16;49.66000000;200;PRC_DECOMP_EXCHANGE;;;;XEUR;11349930;107;EXCHANGE
24.09.2024;15:42:40.174;ASM.O.240924.BUL.000008;STANDARD_OPTION_STRATEGY;BLOCK;EUR;19;21.00000000;400;EXCHANGE_LAST;;2;2;XEUR;72058053599443657;107;
24.09.2024;15:42:40.174;ASM SI 20250321 PS AM C 880.00 0;SIMPLE_INSTRUMENT;BLOCK;EUR;19;29.91000000;400;PRC_DECOMP_EXCHANGE;;;;XEUR;10830155;107;EXCHANGE
24.09.2024;15:42:40.174;ASM SI 20250321 PS AM C 800.00 0;SIMPLE_INSTRUMENT;BLOCK;EUR;19;50.91000000;400;PRC_DECOMP_EXCHANGE;;;;XEUR;10830167;107;EXCHANGE
24.09.2024;10:44:45.636;AXA SI 20241115 PS AM C 38.50 0;SIMPLE_INSTRUMENT;BLOCK;EUR;7;0.34000000;2750;EXCHANGE_LAST;;2;1;XEUR;11699576;127;
24.09.2024;15:00:09.347;AXA SI 20241018 PS AM P 34.50 0;SIMPLE_INSTRUMENT;BLOCK;EUR;17;0.26000000;3000;EXCHANGE_LAST;;1;1;XEUR;11529958;127;
24.09.2024;07:26:46.362;B2AS SI 20251219 CS;SIMPLE_INSTRUMENT;BLOCK;EUR;1;2.57000000;750;EXCHANGE_LAST;;2;1;XEUR;3681119;140;
24.09.2024;08:06:40.603;B2AS SI 20251219 CS;SIMPLE_INSTRUMENT;BLOCK;EUR;3;2.57000000;550;EXCHANGE_LAST;;3;1;XEUR;3681119;140;
24.09.2024;15:34:58.780;B2AS SI 20251219 CS;SIMPLE_INSTRUMENT;BLOCK;EUR;65;2.64000000;150;EXCHANGE_LAST;;1;1;XEUR;3681119;140;
24.09.2024;15:50:35.963;B2AS SI 20261218 CS;SIMPLE_INSTRUMENT;BLOCK;EUR;69;2.15000000;80;EXCHANGE_LAST;;1;1;XEUR;4632165;140;
24.09.2024;09:36:22.964;B2NP SI 20261218 CS;SIMPLE_INSTRUMENT;BLOCK;EUR;10;4.35000000;100;EXCHANGE_LAST;;1;1;XEUR;6798320;131;
24.09.2024;12:01:04.040;B2NP SI 20261218 CS;SIMPLE_INSTRUMENT;BLOCK;EUR;33;4.46500000;450;EXCHANGE_LAST;;1;1;XEUR;6798320;131;
24.09.2024;13:10:42.730;BARN SI 20250919 PS AM P 1400.00 0;SIMPLE_INSTRUMENT;BLOCK;CHF;43;81.00000000;250;EXCHANGE_LAST;;1;1;XEUR;11872605;149;
24.09.2024;08:33:31.959;BAS.O.240924.BER.000005;STANDARD_OPTION_STRATEGY;BLOCK;EUR;1;0.70000000;720;EXCHANGE_LAST;;1;1;XEUR;72058238283087959;150;
24.09.2024;08:33:31.959;BAS SI 20241018 PS AM P 42.00 0;SIMPLE_INSTRUMENT;BLOCK;EUR;1;0.29000000;720;PRC_DECOMP_EXCHANGE;;;;XEUR;11530207;150;EXCHANGE
24.09.2024;08:33:31.959;BAS SI 20241018 PS AM P 45.00 0;SIMPLE_INSTRUMENT;BLOCK;EUR;1;0.99000000;720;PRC_DECOMP_EXCHANGE;;;;XEUR;11530327;150;EXCHANGE
24.09.2024;08:33:34.024;BAS.O.240924.BER.000005;STANDARD_OPTION_STRATEGY;BLOCK;EUR;2;0.69000000;720;EXCHANGE_LAST;;1;1;XEUR;72058238283087959;150;
24.09.2024;08:33:34.024;BAS SI 20241018 PS AM P 45.00 0;SIMPLE_INSTRUMENT;BLOCK;EUR;2;0.98000000;720;PRC_DECOMP_EXCHANGE;;;;XEUR;11530327;150;EXCHANGE
24.09.2024;08:33:34.024;BAS SI 20241018 PS AM P 42.00 0;SIMPLE_INSTRUMENT;BLOCK;EUR;2;0.29000000;720;PRC_DECOMP_EXCHANGE;;;;XEUR;11530207;150;EXCHANGE
24.09.2024;08:42:22.852;BAS SI 20241018 PS AM C 51.00 0;SIMPLE_INSTRUMENT;BLOCK;EUR;3;0.12000000;2500;EXCHANGE_LAST;;1;1;XEUR;11792679;150;
24.09.2024;09:14:15.426;BAS SI 20241018 PS AM C 47.00 0;SIMPLE_INSTRUMENT;BLOCK;EUR;5;0.87000000;3000;EXCHANGE_LAST;;1;3;XEUR;11530349;150;
24.09.2024;09:16:55.123;BAS SI 20241018 PS AM P 40.00 0;SIMPLE_INSTRUMENT;BLOCK;EUR;6;0.20000000;1000;EXCHANGE_LAST;;1;1;XEUR;11530182;150;
24.09.2024;09:28:35.066;BAS SI 20241220 PS AM P 44.00 0;SIMPLE_INSTRUMENT;BLOCK;EUR;7;1.44000000;3000;EXCHANGE_LAST;;1;1;XEUR;4705204;150;
24.09.2024;12:16:18.883;BAS SI 20241018 PS AM C 49.00 0;SIMPLE_INSTRUMENT;BLOCK;EUR;8;0.34000000;1000;EXCHANGE_LAST;;1;1;XEUR;11530303;150;
24.09.2024;12:22:57.525;BAY SI 20241018 PS AM C 31.00 0;SIMPLE_INSTRUMENT;BLOCK;EUR;9;0.24000000;1000;EXCHANGE_LAST;;1;1;XEUR;11530712;168;
24.09.2024;08:15:45.099;BMW SI 20241004 PS AM C 80.00 0;SIMPLE_INSTRUMENT;BLOCK;EUR;8;0.77000000;1137;EXCHANGE_LAST;;1;1;XEUR;11768349;210;
24.09.2024;09:12:34.843;BMW SI 20241018 PS AM C 83.00 0;SIMPLE_INSTRUMENT;BLOCK;EUR;13;0.38000000;790;EXCHANGE_LAST;;1;1;XEUR;11531475;210;
24.09.2024;09:35:57.546;BMW SI 20241220 PS AM C 80.00 0;SIMPLE_INSTRUMENT;BLOCK;EUR;15;3.40000000;1000;EXCHANGE_LAST;;1;1;XEUR;9106634;210;
24.09.2024;11:46:08.204;BMW SI 20241004 PS AM C 80.00 0;SIMPLE_INSTRUMENT;BLOCK;EUR;21;0.75000000;762;EXCHANGE_LAST;;1;1;XEUR;11768349;210;
24.09.2024;12:21:53.203;BMW.O.240924.BER.000019;STANDARD_OPTION_STRATEGY;BLOCK;EUR;24;0.45000000;1500;EXCHANGE_LAST;;1;1;XEUR;72058495981105936;210;
24.09.2024;12:21:53.203;BMW SI 20241018 PS AM P 74.00 0;SIMPLE_INSTRUMENT;BLOCK;EUR;24;0.76000000;1500;PRC_DECOMP_EXCHANGE;;;;XEUR;11531455;210;EXCHANGE
24.09.2024;12:21:53.203;BMW SI 20241018 PS AM P 70.00 0;SIMPLE_INSTRUMENT;BLOCK;EUR;24;0.31000000;1500;PRC_DECOMP_EXCHANGE;;;;XEUR;11627680;210;EXCHANGE
24.09.2024;13:08:46.055;BNP.O.240924.STD.000005;STANDARD_OPTION_STRATEGY;BLOCK;EUR;12;17.75000000;500;EXCHANGE_LAST;;1;1;XEUR;72058611945197294;237;
24.09.2024;13:08:46.055;BNP SI 20260619 PS AM C 56.00 0;SIMPLE_INSTRUMENT;BLOCK;EUR;12;11.14000000;500;PRC_DECOMP_EXCHANGE;;;;XEUR;9541699;237;EXCHANGE
24.09.2024;13:08:46.055;BNP SI 20260619 PS AM P 56.00 0;SIMPLE_INSTRUMENT;BLOCK;EUR;12;6.61000000;500;PRC_DECOMP_EXCHANGE;;;;XEUR;9541696;237;EXCHANGE
24.09.2024;14:32:29.401;BNP.O.240924.RBER.000006;STANDARD_OPTION_STRATEGY;BLOCK;EUR;16;-1.92000000;2000;EXCHANGE_LAST;;2;1;XEUR;72058611945197295;237;
24.09.2024;14:32:29.401;BNP SI 20241220 PS AM P 54.00 0;SIMPLE_INSTRUMENT;BLOCK;EUR;16;0.69000000;4000;PRC_DECOMP_EXCHANGE;;;;XEUR;10221543;237;EXCHANGE
24.09.2024;14:32:29.401;BNP SI 20241220 PS AM P 64.00 0;SIMPLE_INSTRUMENT;BLOCK;EUR;16;3.30000000;2000;PRC_DECOMP_EXCHANGE;;;;XEUR;4640398;237;EXCHANGE
24.09.2024;15:45:07.904;C4RI SI 20251219 CS;SIMPLE_INSTRUMENT;BLOCK;EUR;75;2.54000000;500;EXCHANGE_LAST;;1;1;XEUR;5914459;50862;
24.09.2024;14:21:42.233;CBK SI 20241220 PS AM P 15.00 0;SIMPLE_INSTRUMENT;BLOCK;EUR;11;0.99000000;7500;EXCHANGE_LAST;;1;1;XEUR;10399782;268;
24.09.2024;14:21:53.266;CBK SI 20241220 PS AM P 15.00 0;SIMPLE_INSTRUMENT;BLOCK;EUR;12;1.00000000;7500;EXCHANGE_LAST;;1;1;XEUR;10399782;268;
24.09.2024;07:53:47.064;CFR SI 20250620 PS AM P 100.00 0;SIMPLE_INSTRUMENT;BLOCK;CHF;4;3.81000000;600;EXCHANGE_LAST;;1;1;XEUR;9996525;313;
24.09.2024;10:18:58.001;CFR SI 20250321 PS AM C 130.00 0;SIMPLE_INSTRUMENT;BLOCK;CHF;23;4.90000000;750;EXCHANGE_LAST;;1;1;XEUR;10834894;313;
24.09.2024;10:18:58.534;CFR SI 20250321 PS AM P 110.00 0;SIMPLE_INSTRUMENT;BLOCK;CHF;24;5.10000000;750;EXCHANGE_LAST;;1;1;XEUR;10834880;313;
24.09.2024;14:41:21.553;CFR SI 20260619 PS AM P 92.00 0;SIMPLE_INSTRUMENT;BLOCK;CHF;54;6.10000000;3550;EXCHANGE_LAST;;2;5;XEUR;9996437;313;
24.09.2024;14:41:43.760;CFR SI 20260619 PS AM P 92.00 0;SIMPLE_INSTRUMENT;BLOCK;CHF;55;6.10000000;500;EXCHANGE_LAST;;1;1;XEUR;9996437;313;
24.09.2024;14:41:59.254;CFR SI 20241220 PS AM P 120.00 0;SIMPLE_INSTRUMENT;BLOCK;CHF;56;6.90000000;2000;EXCHANGE_LAST;;2;1;XEUR;9996582;313;
24.09.2024;09:45:25.113;CRI5 SI 20251218 PS AM P 36.00 0;SIMPLE_INSTRUMENT;BLOCK;EUR;11;4.90000000;5000;EXCHANGE_LAST;;3;1;XEUR;9040329;320;
24.09.2024;09:20:26.379;D2PW SI 20261218 CS;SIMPLE_INSTRUMENT;BLOCK;EUR;7;1.65000000;200;EXCHANGE_LAST;;1;1;XEUR;4632317;9702;
24.09.2024;09:33:48.453;D2PW SI 20251219 CS;SIMPLE_INSTRUMENT;BLOCK;EUR;9;1.77500000;1000;EXCHANGE_LAST;;2;1;XEUR;3681256;9702;
24.09.2024;10:57:46.137;D2PW SI 20251219 CS;SIMPLE_INSTRUMENT;BLOCK;EUR;26;1.75000000;450;EXCHANGE_LAST;;1;1;XEUR;3681256;9702;
24.09.2024;11:27:19.757;D2PW SI 20251219 CS;SIMPLE_INSTRUMENT;BLOCK;EUR;31;1.75000000;300;EXCHANGE_LAST;;2;1;XEUR;3681256;9702;
24.09.2024;14:02:10.765;D2PW SI 20251219 CS;SIMPLE_INSTRUMENT;BLOCK;EUR;54;1.75000000;100;EXCHANGE_LAST;;1;1;XEUR;3681256;9702;
24.09.2024;10:36:36.834;D3AI SI 20261218 CS;SIMPLE_INSTRUMENT;BLOCK;EUR;22;2.90000000;100;EXCHANGE_LAST;;1;1;XEUR;7144051;443197;
24.09.2024;10:37:59.214;D3AI SI 20251219 CS;SIMPLE_INSTRUMENT;BLOCK;EUR;23;3.88000000;200;EXCHANGE_LAST;;1;1;XEUR;7144062;443197;
24.09.2024;11:10:57.493;D3AI SI 20261218 CS;SIMPLE_INSTRUMENT;BLOCK;EUR;27;2.90000000;100;EXCHANGE_LAST;;1;1;XEUR;7144051;443197;
24.09.2024;11:04:13.956;D3AI SI 20261218 CS;SIMPLE_INSTRUMENT;BLOCK;EUR;28;2.90000000;100;EXCHANGE_LAST;;1;1;XEUR;7144051;443197;
24.09.2024;07:30:25.637;DAI SI 20241004 PS AM C 58.00 0;SIMPLE_INSTRUMENT;BLOCK;EUR;1;0.70000000;1167;EXCHANGE_LAST;;1;1;XEUR;11774643;443196;
24.09.2024;08:54:15.094;DAI SI 20241018 PS AM C 60.00 0;SIMPLE_INSTRUMENT;BLOCK;EUR;10;0.54000000;2000;EXCHANGE_LAST;;1;2;XEUR;11569356;443196;
24.09.2024;09:03:45.475;DAI SI 20241115 PS AM C 61.00 0;SIMPLE_INSTRUMENT;BLOCK;EUR;11;1.00000000;2000;EXCHANGE_LAST;;1;2;XEUR;11738767;443196;
24.09.2024;11:41:23.228;DAI SI 20241004 PS AM C 58.00 0;SIMPLE_INSTRUMENT;BLOCK;EUR;20;0.77000000;762;EXCHANGE_LAST;;1;1;XEUR;11774643;443196;
24.09.2024;12:25:14.270;DAI SI 20241018 PS AM C 60.00 0;SIMPLE_INSTRUMENT;BLOCK;EUR;27;0.40000000;2000;EXCHANGE_LAST;;1;1;XEUR;11569356;443196;
24.09.2024;09:17:47.694;DBK SI 20251219 PS AM P 14.00 0;SIMPLE_INSTRUMENT;BLOCK;EUR;4;1.51000000;4000;EXCHANGE_LAST;;1;1;XEUR;5926090;362;
24.09.2024;14:47:12.902;DBK SI 20241220 PS AM C 15.40 0;SIMPLE_INSTRUMENT;BLOCK;EUR;13;0.94000000;2500;EXCHANGE_LAST;;1;1;XEUR;11877170;362;
24.09.2024;07:36:44.544;DPW SI 20241004 PS AM C 39.50 0;SIMPLE_INSTRUMENT;BLOCK;EUR;2;0.37000000;2247;EXCHANGE_LAST;;1;1;XEUR;11768906;445;
24.09.2024;09:52:27.825;DPW SI 20241220 PS AM P 38.00 0;SIMPLE_INSTRUMENT;BLOCK;EUR;3;1.32000000;1000;EXCHANGE_LAST;;1;1;XEUR;10311168;445;
24.09.2024;10:43:18.481;DPW SI 20250919 PS AM C 44.00 0;SIMPLE_INSTRUMENT;BLOCK;EUR;5;1.17000000;6500;EXCHANGE_LAST;;3;1;XEUR;11878822;445;
24.09.2024;11:51:05.293;DPW SI 20241004 PS AM C 39.50 0;SIMPLE_INSTRUMENT;BLOCK;EUR;6;0.24000000;2569;EXCHANGE_LAST;;1;1;XEUR;11768906;445;
24.09.2024;13:57:13.372;DPW SI 20241220 PS AM C 38.00 0;SIMPLE_INSTRUMENT;BLOCK;EUR;10;1.95000000;3500;EXCHANGE_LAST;;1;2;XEUR;10311167;445;
24.09.2024;10:40:43.902;DSM SI 20241220 PS AM C 120.00 0;SIMPLE_INSTRUMENT;BLOCK;EUR;13;5.10000000;1500;EXCHANGE_LAST;;2;1;XEUR;4643375;436;
24.09.2024;07:34:14.807;DTE SI 20241018 PS AM P 26.00 0;SIMPLE_INSTRUMENT;BLOCK;EUR;1;0.34000000;1500;EXCHANGE_LAST;;1;1;XEUR;11534244;424;
24.09.2024;13:48:44.823;DTE.O.240924.STG.000003;STANDARD_OPTION_STRATEGY;BLOCK;EUR;9;1.78000000;1500;EXCHANGE_LAST;;1;1;XEUR;72059415104104376;424;
24.09.2024;13:48:44.823;DTE SI 20250321 PS AM C 27.00 0;SIMPLE_INSTRUMENT;BLOCK;EUR;9;0.99000000;1500;PRC_DECOMP_EXCHANGE;;;;XEUR;11523272;424;EXCHANGE
24.09.2024;13:48:44.823;DTE SI 20250321 PS AM P 26.00 0;SIMPLE_INSTRUMENT;BLOCK;EUR;9;0.79000000;1500;PRC_DECOMP_EXCHANGE;;;;XEUR;10836576;424;EXCHANGE
24.09.2024;09:12:17.850;DTG SI 20251219 PS AM P 28.00 0;SIMPLE_INSTRUMENT;BLOCK;EUR;12;2.00000000;850;EXCHANGE_LAST;;1;1;XEUR;7280857;455942;
24.09.2024;12:14:40.785;DUFN SI 20250620 PS AM C 36.00 0;SIMPLE_INSTRUMENT;BLOCK;CHF;36;2.50000000;270;EXCHANGE_LAST;;1;1;XEUR;9544828;418;
24.09.2024;12:14:40.969;DUFN SI 20250620 PS AM C 36.00 0;SIMPLE_INSTRUMENT;BLOCK;CHF;37;2.53000000;230;EXCHANGE_LAST;;1;1;XEUR;9544828;418;
24.09.2024;15:35:16.030;EAD SI 20241220 PS AM C 140.00 0;SIMPLE_INSTRUMENT;BLOCK;EUR;24;4.75000000;1050;EXCHANGE_LAST;;2;2;XEUR;11013841;465;
24.09.2024;14:45:18.614;ENR.O.240924.COMBO.000006;STANDARD_OPTION_STRATEGY;BLOCK;EUR;11;-0.02000000;1000;EXCHANGE_LAST;;1;1;XEUR;73339770624814885;298530;
24.09.2024;14:45:18.614;ENR SI 20250321 PS AM C 38.00 0;SIMPLE_INSTRUMENT;BLOCK;EUR;11;2.49000000;1000;PRC_DECOMP_EXCHANGE;;;;XEUR;11142553;298530;EXCHANGE
24.09.2024;14:45:18.614;ENR SI 20250321 PS AM P 30.00 0;SIMPLE_INSTRUMENT;BLOCK;EUR;11;2.47000000;1000;PRC_DECOMP_EXCHANGE;;;;XEUR;10949660;298530;EXCHANGE
24.09.2024;08:21:39.149;ENT5 SI 20241003 PS AM C 14.40 0;SIMPLE_INSTRUMENT;BLOCK;EUR;8;0.10750000;1497;EXCHANGE_LAST;;1;1;XEUR;11769101;497;
24.09.2024;07:33:34.666;EOA SI 20241004 PS AM P 13.00 0;SIMPLE_INSTRUMENT;BLOCK;EUR;3;0.07000000;2700;EXCHANGE_LAST;;1;1;XEUR;11772942;49065;
24.09.2024;07:33:24.228;EOA SI 20241004 PS AM P 13.00 0;SIMPLE_INSTRUMENT;BLOCK;EUR;4;0.05000000;3300;EXCHANGE_LAST;;1;1;XEUR;11772942;49065;
24.09.2024;07:43:36.071;EOA SI 20241004 PS AM P 13.00 0;SIMPLE_INSTRUMENT;BLOCK;EUR;5;0.08000000;2750;EXCHANGE_LAST;;1;1;XEUR;11772942;49065;
24.09.2024;07:43:35.096;EOA SI 20241004 PS AM P 13.00 0;SIMPLE_INSTRUMENT;BLOCK;EUR;6;0.09000000;2750;EXCHANGE_LAST;;1;1;XEUR;11772942;49065;
24.09.2024;10:26:11.156;F2OT SI 20241220 CS;SIMPLE_INSTRUMENT;BLOCK;EUR;19;1.15000000;910;EXCHANGE_LAST;;1;1;XEUR;4632397;57104;
24.09.2024;13:44:00.522;F3IA SI 20271217 CS;SIMPLE_INSTRUMENT;BLOCK;EUR;41;0.67500000;650;EXCHANGE_LAST;;3;2;XEUR;8422837;390387;
24.09.2024;14:57:02.578;F3IA SI 20251219 CS;SIMPLE_INSTRUMENT;BLOCK;EUR;59;1.00000000;100;EXCHANGE_LAST;;1;1;XEUR;6633988;390387;
24.09.2024;14:22:01.948;F3TE SI 20271217 CS;SIMPLE_INSTRUMENT;BLOCK;EUR;57;0.64000000;1500;EXCHANGE_LAST;;1;1;XEUR;6633916;390379;
24.09.2024;08:29:50.639;FBTP SI 20241206 PS;SIMPLE_INSTRUMENT;EFP_FIN;EUR;1;120.94000000;223;EXCHANGE_LAST;;1;1;XEUR;10804520;636;
24.09.2024;08:17:28.104;FBTP SI 20241206 PS;SIMPLE_INSTRUMENT;EFP_FIN;EUR;2;120.92000000;1667;EXCHANGE_LAST;;1;1;XEUR;10804520;636;
24.09.2024;08:30:22.641;FBTP SI 20241206 PS;SIMPLE_INSTRUMENT;EFP_FIN;EUR;3;120.94000000;264;EXCHANGE_LAST;;1;1;XEUR;10804520;636;
24.09.2024;08:23:18.063;FBTP SI 20241206 PS;SIMPLE_INSTRUMENT;EFP_FIN;EUR;4;120.87000000;550;EXCHANGE_LAST;;1;1;XEUR;10804520;636;
24.09.2024;08:28:29.739;FBTP SI 20241206 PS;SIMPLE_INSTRUMENT;EFP_FIN;EUR;5;120.90000000;447;EXCHANGE_LAST;;1;1;XEUR;10804520;636;
24.09.2024;08:48:58.768;FBTP SI 20241206 PS;SIMPLE_INSTRUMENT;EFP_FIN;EUR;6;120.90000000;856;EXCHANGE_LAST;;1;1;XEUR;10804520;636;
24.09.2024;09:45:52.604;FBTP SI 20241206 PS;SIMPLE_INSTRUMENT;EFP_FIN;EUR;7;120.70000000;411;EXCHANGE_LAST;;1;1;XEUR;10804520;636;
24.09.2024;10:04:21.642;FBTP SI 20241206 PS;SIMPLE_INSTRUMENT;EFP_FIN;EUR;8;120.71000000;169;EXCHANGE_LAST;;1;1;XEUR;10804520;636;
24.09.2024;10:09:52.755;FBTP SI 20241206 PS;SIMPLE_INSTRUMENT;EFP_FIN;EUR;9;120.70000000;75;EXCHANGE_LAST;;1;1;XEUR;10804520;636;
24.09.2024;10:11:19.060;FBTP SI 20241206 PS;SIMPLE_INSTRUMENT;EFP_FIN;EUR;10;120.72000000;474;EXCHANGE_LAST;;1;1;XEUR;10804520;636;
24.09.2024;11:06:14.285;FBTP SI 20241206 PS;SIMPLE_INSTRUMENT;EFP_FIN;EUR;11;120.90000000;447;EXCHANGE_LAST;;1;1;XEUR;10804520;636;
24.09.2024;11:11:23.047;FBTP SI 20241206 PS;SIMPLE_INSTRUMENT;BLOCK;EUR;12;120.95000000;558;EXCHANGE_LAST;;1;1;XEUR;10804520;636;
24.09.2024;11:17:16.358;FBTP SI 20241206 PS;SIMPLE_INSTRUMENT;EFP_FIN;EUR;13;120.87000000;483;EXCHANGE_LAST;;1;1;XEUR;10804520;636;
24.09.2024;11:21:39.146;FBTP SI 20241206 PS;SIMPLE_INSTRUMENT;EFP_FIN;EUR;14;120.92000000;117;EXCHANGE_LAST;;1;1;XEUR;10804520;636;
24.09.2024;12:02:04.619;FBTP SI 20241206 PS;SIMPLE_INSTRUMENT;EFP_FIN;EUR;15;120.96000000;480;EXCHANGE_LAST;;1;1;XEUR;10804520;636;
24.09.2024;12:03:09.788;FBTP SI 20241206 PS;SIMPLE_INSTRUMENT;EFP_FIN;EUR;16;120.91000000;69;EXCHANGE_LAST;;1;1;XEUR;10804520;636;
24.09.2024;12:14:02.782;FBTP SI 20241206 PS;SIMPLE_INSTRUMENT;EFP_FIN;EUR;17;120.91000000;72;EXCHANGE_LAST;;1;1;XEUR;10804520;636;
24.09.2024;12:18:13.510;FBTP SI 20241206 PS;SIMPLE_INSTRUMENT;EFP_FIN;EUR;18;120.91000000;102;EXCHANGE_LAST;;1;1;XEUR;10804520;636;
24.09.2024;12:46:03.319;FBTP SI 20241206 PS;SIMPLE_INSTRUMENT;EFP_FIN;EUR;19;120.90000000;1284;EXCHANGE_LAST;;1;1;XEUR;10804520;636;
24.09.2024;12:51:34.719;FBTP SI 20241206 PS;SIMPLE_INSTRUMENT;EFP_FIN;EUR;20;120.86000000;318;EXCHANGE_LAST;;1;1;XEUR;10804520;636;
24.09.2024;13:00:56.307;FBTP SI 20241206 PS;SIMPLE_INSTRUMENT;EFP_FIN;EUR;21;120.80000000;580;EXCHANGE_LAST;;1;1;XEUR;10804520;636;
24.09.2024;13:01:34.463;FBTP SI 20241206 PS;SIMPLE_INSTRUMENT;EFP_FIN;EUR;22;120.80000000;334;EXCHANGE_LAST;;1;1;XEUR;10804520;636;
24.09.2024;13:01:39.785;FBTP SI 20241206 PS;SIMPLE_INSTRUMENT;EFP_FIN;EUR;23;120.83000000;245;EXCHANGE_LAST;;1;1;XEUR;10804520;636;
24.09.2024;13:23:28.079;FBTP SI 20241206 PS;SIMPLE_INSTRUMENT;EFP_FIN;EUR;24;120.88000000;886;EXCHANGE_LAST;;1;1;XEUR;10804520;636;
24.09.2024;13:25:41.995;FBTP SI 20241206 PS;SIMPLE_INSTRUMENT;EFP_FIN;EUR;25;120.94000000;1340;EXCHANGE_LAST;;1;1;XEUR;10804520;636;
24.09.2024;13:39:46.666;FBTP SI 20241206 PS;SIMPLE_INSTRUMENT;EFP_FIN;EUR;26;121.00000000;1123;EXCHANGE_LAST;;1;1;XEUR;10804520;636;
24.09.2024;13:42:43.509;FBTP SI 20241206 PS;SIMPLE_INSTRUMENT;EFP_FIN;EUR;27;121.02000000;149;EXCHANGE_LAST;;1;1;XEUR;10804520;636;
24.09.2024;13:54:59.392;FBTP SI 20241206 PS;SIMPLE_INSTRUMENT;EFP_FIN;EUR;28;120.94000000;447;EXCHANGE_LAST;;1;1;XEUR;10804520;636;
24.09.2024;14:03:29.109;FBTP SI 20241206 PS;SIMPLE_INSTRUMENT;EFP_FIN;EUR;29;120.94000000;1340;EXCHANGE_LAST;;1;1;XEUR;10804520;636;
24.09.2024;14:04:14.417;FBTP SI 20241206 PS;SIMPLE_INSTRUMENT;EFP_FIN;EUR;30;120.94000000;803;EXCHANGE_LAST;;1;1;XEUR;10804520;636;
24.09.2024;14:10:34.126;FBTP SI 20241206 PS;SIMPLE_INSTRUMENT;EFP_FIN;EUR;31;120.94000000;357;EXCHANGE_LAST;;1;1;XEUR;10804520;636;
24.09.2024;14:12:40.303;FBTP SI 20241206 PS;SIMPLE_INSTRUMENT;EFP_FIN;EUR;32;121.00000000;446;EXCHANGE_LAST;;1;1;XEUR;10804520;636;
24.09.2024;14:12:48.063;FBTP SI 20241206 PS;SIMPLE_INSTRUMENT;EFP_FIN;EUR;33;120.96000000;447;EXCHANGE_LAST;;1;1;XEUR;10804520;636;
24.09.2024;15:27:25.917;FBTP SI 20241206 PS;SIMPLE_INSTRUMENT;EFP_FIN;EUR;34;121.29000000;67;EXCHANGE_LAST;;1;1;XEUR;10804520;636;
24.09.2024;07:37:07.018;FBTS SI 20241206 PS;SIMPLE_INSTRUMENT;EFP_FIN;EUR;1;107.58000000;380;EXCHANGE_LAST;;1;1;XEUR;10804522;639;
24.09.2024;08:03:14.236;FBTS SI 20241206 PS;SIMPLE_INSTRUMENT;EFP_FIN;EUR;2;107.57000000;510;EXCHANGE_LAST;;1;1;XEUR;10804522;639;
24.09.2024;08:17:46.103;FBTS SI 20241206 PS;SIMPLE_INSTRUMENT;EFP_FIN;EUR;3;107.57000000;822;EXCHANGE_LAST;;1;1;XEUR;10804522;639;
24.09.2024;09:02:20.519;FBTS SI 20241206 PS;SIMPLE_INSTRUMENT;EFP_FIN;EUR;5;107.55000000;133;EXCHANGE_LAST;;1;1;XEUR;10804522;639;
24.09.2024;09:21:09.334;FBTS SI 20241206 PS;SIMPLE_INSTRUMENT;BLOCK;EUR;7;107.54000000;963;EXCHANGE_LAST;;1;1;XEUR;10804522;639;
24.09.2024;09:44:31.818;FBTS SI 20241206 PS;SIMPLE_INSTRUMENT;EFP_FIN;EUR;8;107.56000000;272;EXCHANGE_LAST;;1;1;XEUR;10804522;639;
24.09.2024;10:07:41.204;FBTS SI 20241206 PS;SIMPLE_INSTRUMENT;BLOCK;EUR;11;107.57000000;443;EXCHANGE_LAST;;1;1;XEUR;10804522;639;
24.09.2024;10:09:53.417;FBTS SI 20241206 PS;SIMPLE_INSTRUMENT;EFP_FIN;EUR;12;107.58000000;554;EXCHANGE_LAST;;1;1;XEUR;10804522;639;
24.09.2024;10:43:29.165;FBTS SI 20241206 PS;SIMPLE_INSTRUMENT;EFP_FIN;EUR;15;107.63000000;137;EXCHANGE_LAST;;1;1;XEUR;10804522;639;
24.09.2024;10:56:42.819;FBTS SI 20241206 PS;SIMPLE_INSTRUMENT;EFP_FIN;EUR;17;107.57000000;462;EXCHANGE_LAST;;1;1;XEUR;10804522;639;
24.09.2024;11:10:52.310;FBTS SI 20241206 PS;SIMPLE_INSTRUMENT;EFP_FIN;EUR;19;107.63000000;482;EXCHANGE_LAST;;1;1;XEUR;10804522;639;
24.09.2024;11:18:44.568;FBTS SI 20241206 PS;SIMPLE_INSTRUMENT;EFP_FIN;EUR;20;107.63000000;1036;EXCHANGE_LAST;;1;1;XEUR;10804522;639;
24.09.2024;11:52:58.571;FBTS SI 20241206 PS;SIMPLE_INSTRUMENT;EFP_FIN;EUR;22;107.58000000;145;EXCHANGE_LAST;;1;1;XEUR;10804522;639;
24.09.2024;13:12:43.018;FBTS SI 20241206 PS;SIMPLE_INSTRUMENT;EFP_FIN;EUR;25;107.61000000;177;EXCHANGE_LAST;;1;1;XEUR;10804522;639;
24.09.2024;14:04:10.789;FBTS SI 20241206 PS;SIMPLE_INSTRUMENT;EFP_FIN;EUR;26;107.65000000;190;EXCHANGE_LAST;;1;1;XEUR;10804522;639;
24.09.2024;15:26:35.360;FBTS SI 20241206 PS;SIMPLE_INSTRUMENT;BLOCK;EUR;30;107.74000000;349;EXCHANGE_LAST;;1;1;XEUR;10804522;639;
24.09.2024;13:09:32.396;FCBU SI 20241002 CS;SIMPLE_INSTRUMENT;BLOCK;USD;1;0.18270000;250;EXCHANGE_LAST;;1;1;XEUR;10063446;570870;
24.09.2024;15:32:07.587;FCZU SI 20241216 CS;SIMPLE_INSTRUMENT;BLOCK;USD;2;0.05727000;100;EXCHANGE_LAST;;1;1;XEUR;10921064;570872;
24.09.2024;14:39:44.685;FDAX SI 20241220 CS;SIMPLE_INSTRUMENT;EFP_IDX;EUR;1;19105.00000000;150;EXCHANGE_LAST;;1;1;XEUR;7296065;589;
24.09.2024;07:48:10.383;FEBD SI 20271217 CS;SIMPLE_INSTRUMENT;BLOCK;EUR;1;8.05000000;750;EXCHANGE_LAST;;2;1;XEUR;7776307;597;
24.09.2024;08:00:43.178;FEBD SI 20251219 CS;SIMPLE_INSTRUMENT;BLOCK;EUR;2;9.50000000;750;EXCHANGE_LAST;;1;1;XEUR;5914075;597;
24.09.2024;08:14:25.837;FEBD SI 20251219 CS;SIMPLE_INSTRUMENT;BLOCK;EUR;3;9.50000000;250;EXCHANGE_LAST;;1;1;XEUR;5914075;597;
24.09.2024;08:30:00.620;FEBD SI 20261218 CS;SIMPLE_INSTRUMENT;BLOCK;EUR;6;8.84000000;500;EXCHANGE_LAST;;1;1;XEUR;7158212;597;
24.09.2024;10:22:33.815;FEBD SI 20261218 CS;SIMPLE_INSTRUMENT;BLOCK;EUR;19;8.83000000;3000;EXCHANGE_LAST;;1;1;XEUR;7158212;597;
24.09.2024;10:26:14.877;FEBD SI 20261218 CS;SIMPLE_INSTRUMENT;BLOCK;EUR;22;8.85000000;500;EXCHANGE_LAST;;1;1;XEUR;7158212;597;
24.09.2024;11:13:11.048;FEBD SI 20271217 CS;SIMPLE_INSTRUMENT;BLOCK;EUR;32;8.02000000;500;EXCHANGE_LAST;;1;1;XEUR;7776307;597;
24.09.2024;11:13:21.720;FEBD SI 20271217 CS;SIMPLE_INSTRUMENT;BLOCK;EUR;33;8.03000000;500;EXCHANGE_LAST;;1;1;XEUR;7776307;597;
24.09.2024;15:29:13.712;FES1 SI 20241220 PS;SIMPLE_INSTRUMENT;BLOCK;EUR;7;27.20000000;250;EXCHANGE_LAST;;1;1;XEUR;10869579;58959;
24.09.2024;16:36:49.093;FESB SI 20241220 CS;SIMPLE_INSTRUMENT;BLOCK;EUR;44;143.55000000;1771;EXCHANGE_LAST;;1;1;XEUR;10838895;605;
24.09.2024;16:37:26.180;FESB SI 20241220 CS;SIMPLE_INSTRUMENT;BLOCK;EUR;45;143.60000000;7083;EXCHANGE_LAST;;1;1;XEUR;10838895;605;
24.09.2024;13:31:01.326;FESB SI 20241220 CS;SIMPLE_INSTRUMENT;VOLA;EUR;603979822;144.70000000;200;EXCHANGE_LAST;;1;1;XEUR;10838895;605;
24.09.2024;14:20:14.158;FESB SI 20241220 CS;SIMPLE_INSTRUMENT;VOLA;EUR;603979829;144.05000000;420;EXCHANGE_LAST;;1;1;XEUR;10838895;605;
24.09.2024;14:40:20.404;FESB SI 20241220 CS;SIMPLE_INSTRUMENT;VOLA;EUR;603979836;143.20000000;480;EXCHANGE_LAST;;1;1;XEUR;10838895;605;
24.09.2024;14:43:19.552;FESB SI 20241220 CS;SIMPLE_INSTRUMENT;VOLA;EUR;603979837;144.05000000;420;EXCHANGE_LAST;;1;1;XEUR;10838895;605;
24.09.2024;09:36:29.914;FESS SI 20241220 CS;SIMPLE_INSTRUMENT;VOLA;EUR;603979792;187.70000000;131;EXCHANGE_LAST;;1;1;XEUR;10839385;679;
24.09.2024;13:15:15.197;FESX SI 20241220 CS;SIMPLE_INSTRUMENT;EFP_IDX;EUR;1;4957.00000000;2000;EXCHANGE_LAST;;1;1;XEUR;7793479;675;
24.09.2024;13:28:55.725;FESX SI 20241220 CS;SIMPLE_INSTRUMENT;BLOCK;EUR;4;4950.00000000;3000;EXCHANGE_LAST;;1;1;XEUR;7793479;675;
24.09.2024;13:30:35.835;FESX SI 20241220 CS;SIMPLE_INSTRUMENT;BLOCK;EUR;5;4957.00000000;2000;EXCHANGE_LAST;;1;1;XEUR;7793479;675;
24.09.2024;13:46:08.425;FESX SI 20241220 CS;SIMPLE_INSTRUMENT;EFP_IDX;EUR;6;4959.00000000;1000;EXCHANGE_LAST;;1;1;XEUR;7793479;675;
24.09.2024;13:50:43.940;FESX SI 20241220 CS;SIMPLE_INSTRUMENT;EFP_IDX;EUR;7;4959.00000000;1000;EXCHANGE_LAST;;1;1;XEUR;7793479;675;
24.09.2024;13:53:39.203;FESX SI 20241220 CS;SIMPLE_INSTRUMENT;EFP_IDX;EUR;8;4950.00000000;1000;EXCHANGE_LAST;;1;1;XEUR;7793479;675;
24.09.2024;14:47:49.854;FESX SI 20241220 CS;SIMPLE_INSTRUMENT;EFP_IDX;EUR;9;4945.00000000;750;EXCHANGE_LAST;;1;1;XEUR;7793479;675;
24.09.2024;15:03:12.767;FESX SI 20241220 CS;SIMPLE_INSTRUMENT;EFP_IDX;EUR;10;4945.00000000;1250;EXCHANGE_LAST;;1;1;XEUR;7793479;675;
24.09.2024;15:43:52.070;FESX SI 20241220 CS;SIMPLE_INSTRUMENT;EFP_IDX;EUR;11;4967.00000000;16;EXCHANGE_LAST;;1;1;XEUR;7793479;675;
24.09.2024;15:39:43.031;FESX SI 20241220 CS;SIMPLE_INSTRUMENT;EFP_IDX;EUR;12;4967.00000000;1545;EXCHANGE_LAST;;1;1;XEUR;7793479;675;
24.09.2024;15:44:11.944;FESX SI 20241220 CS;SIMPLE_INSTRUMENT;EFP_IDX;EUR;13;4968.00000000;84;EXCHANGE_LAST;;1;1;XEUR;7793479;675;
24.09.2024;15:40:02.446;FESX SI 20241220 CS;SIMPLE_INSTRUMENT;EFP_IDX;EUR;14;4968.00000000;1371;EXCHANGE_LAST;;1;1;XEUR;7793479;675;
24.09.2024;15:44:20.730;FESX SI 20241220 CS;SIMPLE_INSTRUMENT;EFP_IDX;EUR;15;4967.00000000;62;EXCHANGE_LAST;;1;1;XEUR;7793479;675;
24.09.2024;15:44:29.642;FESX SI 20241220 CS;SIMPLE_INSTRUMENT;EFP_IDX;EUR;16;4968.00000000;338;EXCHANGE_LAST;;1;1;XEUR;7793479;675;
24.09.2024;15:47:52.123;FESX SI 20241220 CS;SIMPLE_INSTRUMENT;BLOCK;EUR;17;4969.00000000;2798;EXCHANGE_LAST;;1;1;XEUR;7793479;675;
24.09.2024;15:48:05.922;FESX SI 20241220 CS;SIMPLE_INSTRUMENT;BLOCK;EUR;18;4967.00000000;2971;EXCHANGE_LAST;;1;1;XEUR;7793479;675;
24.09.2024;15:55:42.253;FESX SI 20241220 CS;SIMPLE_INSTRUMENT;EFP_IDX;EUR;19;4967.00000000;140;EXCHANGE_LAST;;1;1;XEUR;7793479;675;
24.09.2024;15:55:50.361;FESX SI 20241220 CS;SIMPLE_INSTRUMENT;EFP_IDX;EUR;20;4968.00000000;360;EXCHANGE_LAST;;1;1;XEUR;7793479;675;
24.09.2024;08:37:24.440;FESX SI 20241220 CS;SIMPLE_INSTRUMENT;VOLA;EUR;637534239;4979.00000000;363;EXCHANGE_LAST;;1;1;XEUR;7793479;675;
24.09.2024;08:43:51.494;FESX SI 20241220 CS;SIMPLE_INSTRUMENT;VOLA;EUR;637534244;4980.00000000;730;EXCHANGE_LAST;;1;1;XEUR;7793479;675;
24.09.2024;10:59:04.354;FESX SI 20241220 CS;SIMPLE_INSTRUMENT;VOLA;EUR;637534281;4978.00000000;99;EXCHANGE_LAST;;1;1;XEUR;7793479;675;
24.09.2024;11:28:32.065;FESX SI 20241220 CS;SIMPLE_INSTRUMENT;VOLA;EUR;637534286;4970.00000000;400;EXCHANGE_LAST;;1;1;XEUR;7793479;675;
24.09.2024;11:41:59.391;FESX SI 20241220 CS;SIMPLE_INSTRUMENT;VOLA;EUR;637534289;4970.00000000;230;EXCHANGE_LAST;;1;1;XEUR;7793479;675;
24.09.2024;12:26:00.881;FESX SI 20241220 CS;SIMPLE_INSTRUMENT;VOLA;EUR;637534303;4960.00000000;50;EXCHANGE_LAST;;1;1;XEUR;7793479;675;
24.09.2024;12:35:11.564;FESX SI 20241220 CS;SIMPLE_INSTRUMENT;VOLA;EUR;637534307;4956.00000000;720;EXCHANGE_LAST;;1;1;XEUR;7793479;675;
24.09.2024;12:35:56.219;FESX SI 20241220 CS;SIMPLE_INSTRUMENT;VOLA;EUR;637534309;4956.00000000;720;EXCHANGE_LAST;;1;1;XEUR;7793479;675;
24.09.2024;13:57:49.051;FESX SI 20241220 CS;SIMPLE_INSTRUMENT;VOLA;EUR;637534329;4959.00000000;605;EXCHANGE_LAST;;1;1;XEUR;7793479;675;
24.09.2024;13:57:42.272;FESX SI 20241220 CS;SIMPLE_INSTRUMENT;VOLA;EUR;637534330;4959.00000000;605;EXCHANGE_LAST;;1;1;XEUR;7793479;675;
24.09.2024;14:24:34.578;FESX SI 20241220 CS;SIMPLE_INSTRUMENT;VOLA;EUR;637534348;4949.00000000;1800;EXCHANGE_LAST;;1;1;XEUR;7793479;675;
24.09.2024;15:53:39.506;FESX SI 20241220 CS;SIMPLE_INSTRUMENT;VOLA;EUR;637534376;4950.00000000;60;EXCHANGE_LAST;;1;1;XEUR;7793479;675;
24.09.2024;08:21:22.402;FEU3 SI 20241216 CS;SIMPLE_INSTRUMENT;EFS;EUR;21;97.10000000;5000;EXCHANGE_LAST;;1;1;XEUR;3672245;702;
24.09.2024;08:21:49.209;FEU3 SI 20241216 CS;SIMPLE_INSTRUMENT;BLOCK;EUR;22;97.09000000;5000;EXCHANGE_LAST;;1;1;XEUR;3672245;702;
24.09.2024;08:23:35.724;FEXD SI 20281215 CS;SIMPLE_INSTRUMENT;BLOCK;EUR;4;142.50000000;1000;EXCHANGE_LAST;;1;1;XEUR;3680985;693;
24.09.2024;08:24:02.232;FEXD SI 20291221 CS;SIMPLE_INSTRUMENT;BLOCK;EUR;5;138.40000000;1000;EXCHANGE_LAST;;1;1;XEUR;4631968;693;
24.09.2024;09:07:12.799;FEXD.S.DEC26.DEC27.SPD;FUTURES_SPREAD;BLOCK;EUR;7;5.20000000;500;EXCHANGE_LAST;;1;1;XEUR;72060570450264153;693;
24.09.2024;09:07:12.799;FEXD SI 20261218 CS;SIMPLE_INSTRUMENT;BLOCK;EUR;7;152.10000000;500;PRC_DECOMP_EXCHANGE;;;;XEUR;2163053;693;EXCHANGE
24.09.2024;09:07:12.799;FEXD SI 20271217 CS;SIMPLE_INSTRUMENT;BLOCK;EUR;7;146.90000000;500;PRC_DECOMP_EXCHANGE;;;;XEUR;2848338;693;EXCHANGE
24.09.2024;09:37:16.459;FEXD SI 20261218 CS;SIMPLE_INSTRUMENT;BLOCK;EUR;8;151.80000000;350;EXCHANGE_LAST;;1;1;XEUR;2163053;693;
24.09.2024;09:51:55.101;FEXD SI 20251219 CS;SIMPLE_INSTRUMENT;BLOCK;EUR;10;158.50000000;250;EXCHANGE_LAST;;1;1;XEUR;1548120;693;
24.09.2024;09:52:29.803;FEXD SI 20251219 CS;SIMPLE_INSTRUMENT;BLOCK;EUR;11;158.40000000;250;EXCHANGE_LAST;;1;1;XEUR;1548120;693;
24.09.2024;10:01:01.136;FEXD SI 20251219 CS;SIMPLE_INSTRUMENT;BLOCK;EUR;12;158.50000000;125;EXCHANGE_LAST;;1;1;XEUR;1548120;693;
24.09.2024;10:01:30.342;FEXD SI 20251219 CS;SIMPLE_INSTRUMENT;BLOCK;EUR;13;158.40000000;125;EXCHANGE_LAST;;1;1;XEUR;1548120;693;
24.09.2024;10:03:05.459;FEXD SI 20251219 CS;SIMPLE_INSTRUMENT;BLOCK;EUR;14;158.60000000;765;EXCHANGE_LAST;;1;1;XEUR;1548120;693;
24.09.2024;10:05:26.171;FEXD SI 20251219 CS;SIMPLE_INSTRUMENT;BLOCK;EUR;15;158.50000000;940;EXCHANGE_LAST;;1;1;XEUR;1548120;693;
24.09.2024;10:33:37.649;FEXD SI 20251219 CS;SIMPLE_INSTRUMENT;BLOCK;EUR;23;158.50000000;550;EXCHANGE_LAST;;2;1;XEUR;1548120;693;
24.09.2024;10:45:01.741;FEXD SI 20251219 CS;SIMPLE_INSTRUMENT;BLOCK;EUR;24;158.50000000;150;EXCHANGE_LAST;;1;1;XEUR;1548120;693;
24.09.2024;11:01:59.345;FEXD.S.DEC25.DEC27.SPD;FUTURES_SPREAD;BLOCK;EUR;25;11.70000000;250;EXCHANGE_LAST;;1;1;XEUR;72060570450264152;693;
24.09.2024;11:01:59.345;FEXD SI 20271217 CS;SIMPLE_INSTRUMENT;BLOCK;EUR;25;146.60000000;250;PRC_DECOMP_EXCHANGE;;;;XEUR;2848338;693;EXCHANGE
24.09.2024;11:01:59.345;FEXD SI 20251219 CS;SIMPLE_INSTRUMENT;BLOCK;EUR;25;158.30000000;250;PRC_DECOMP_EXCHANGE;;;;XEUR;1548120;693;EXCHANGE
24.09.2024;11:00:16.785;FEXD SI 20251219 CS;SIMPLE_INSTRUMENT;BLOCK;EUR;26;158.40000000;190;EXCHANGE_LAST;;1;1;XEUR;1548120;693;
24.09.2024;11:01:52.969;FEXD.S.DEC25.DEC27.SPD;FUTURES_SPREAD;BLOCK;EUR;27;11.80000000;250;EXCHANGE_LAST;;1;1;XEUR;72060570450264152;693;
24.09.2024;11:01:52.969;FEXD SI 20271217 CS;SIMPLE_INSTRUMENT;BLOCK;EUR;27;146.50000000;250;PRC_DECOMP_EXCHANGE;;;;XEUR;2848338;693;EXCHANGE
24.09.2024;11:01:52.969;FEXD SI 20251219 CS;SIMPLE_INSTRUMENT;BLOCK;EUR;27;158.30000000;250;PRC_DECOMP_EXCHANGE;;;;XEUR;1548120;693;EXCHANGE
24.09.2024;12:15:05.990;FEXD SI 20251219 CS;SIMPLE_INSTRUMENT;BLOCK;EUR;36;158.50000000;215;EXCHANGE_LAST;;1;1;XEUR;1548120;693;
24.09.2024;12:29:20.789;FEXD SI 20251219 CS;SIMPLE_INSTRUMENT;BLOCK;EUR;37;158.40000000;300;EXCHANGE_LAST;;1;1;XEUR;1548120;693;
24.09.2024;14:01:35.661;FEXD SI 20281215 CS;SIMPLE_INSTRUMENT;BLOCK;EUR;52;141.20000000;175;EXCHANGE_LAST;;1;1;XEUR;3680985;693;
24.09.2024;14:01:28.662;FEXD SI 20281215 CS;SIMPLE_INSTRUMENT;BLOCK;EUR;53;141.30000000;175;EXCHANGE_LAST;;1;1;XEUR;3680985;693;
24.09.2024;15:25:23.674;FEXD SI 20251219 CS;SIMPLE_INSTRUMENT;BLOCK;EUR;58;158.00000000;350;EXCHANGE_LAST;;1;1;XEUR;1548120;693;
24.09.2024;15:26:04.468;FEXD SI 20261218 CS;SIMPLE_INSTRUMENT;BLOCK;EUR;59;151.00000000;100;EXCHANGE_LAST;;1;1;XEUR;2163053;693;
24.09.2024;07:07:16.317;FGBL SI 20241206 PS;SIMPLE_INSTRUMENT;EFS;EUR;1;134.68000000;209;EXCHANGE_LAST;;1;1;XEUR;10804524;688;
24.09.2024;07:13:44.028;FGBL SI 20241206 PS;SIMPLE_INSTRUMENT;EFS;EUR;2;134.61000000;419;EXCHANGE_LAST;;1;1;XEUR;10804524;688;
24.09.2024;07:17:17.567;FGBL SI 20241206 PS;SIMPLE_INSTRUMENT;EFS;EUR;3;134.57000000;391;EXCHANGE_LAST;;1;1;XEUR;10804524;688;
24.09.2024;07:25:45.696;FGBL SI 20241206 PS;SIMPLE_INSTRUMENT;EFS;EUR;4;134.57000000;419;EXCHANGE_LAST;;1;1;XEUR;10804524;688;
24.09.2024;07:26:24.605;FGBL SI 20241206 PS;SIMPLE_INSTRUMENT;EFS;EUR;5;134.57000000;863;EXCHANGE_LAST;;1;1;XEUR;10804524;688;
24.09.2024;07:29:40.912;FGBL SI 20241206 PS;SIMPLE_INSTRUMENT;EFS;EUR;6;134.64000000;209;EXCHANGE_LAST;;1;1;XEUR;10804524;688;
24.09.2024;07:30:45.566;FGBL SI 20241206 PS;SIMPLE_INSTRUMENT;EFP_FIN;EUR;7;134.45000000;148;EXCHANGE_LAST;;1;1;XEUR;10804524;688;
24.09.2024;07:42:50.339;FGBL SI 20241206 PS;SIMPLE_INSTRUMENT;EFP_FIN;EUR;8;134.62000000;1833;EXCHANGE_LAST;;1;1;XEUR;10804524;688;
24.09.2024;07:43:07.654;FGBL SI 20241206 PS;SIMPLE_INSTRUMENT;EFS;EUR;9;134.51000000;502;EXCHANGE_LAST;;1;1;XEUR;10804524;688;
24.09.2024;07:52:21.309;FGBL SI 20241206 PS;SIMPLE_INSTRUMENT;EFS;EUR;10;134.53000000;370;EXCHANGE_LAST;;1;1;XEUR;10804524;688;
24.09.2024;07:53:26.901;FGBL SI 20241206 PS;SIMPLE_INSTRUMENT;EFS;EUR;11;134.54000000;370;EXCHANGE_LAST;;1;1;XEUR;10804524;688;
24.09.2024;08:05:47.184;FGBL SI 20241206 PS;SIMPLE_INSTRUMENT;EFP_FIN;EUR;12;134.51000000;1958;EXCHANGE_LAST;;1;1;XEUR;10804524;688;
24.09.2024;08:08:47.401;FGBL SI 20241206 PS;SIMPLE_INSTRUMENT;EFS;EUR;13;134.50000000;417;EXCHANGE_LAST;;1;1;XEUR;10804524;688;
24.09.2024;08:23:35.085;FGBL SI 20241206 PS;SIMPLE_INSTRUMENT;EFS;EUR;14;134.37000000;417;EXCHANGE_LAST;;1;1;XEUR;10804524;688;
24.09.2024;08:24:52.205;FGBL SI 20241206 PS;SIMPLE_INSTRUMENT;EFP_FIN;EUR;15;134.52000000;3665;EXCHANGE_LAST;;1;1;XEUR;10804524;688;
24.09.2024;08:24:55.442;FGBL SI 20241206 PS;SIMPLE_INSTRUMENT;EFS;EUR;16;134.36000000;442;EXCHANGE_LAST;;1;1;XEUR;10804524;688;
24.09.2024;08:29:15.193;FGBL SI 20241206 PS;SIMPLE_INSTRUMENT;EFS;EUR;17;134.40000000;721;EXCHANGE_LAST;;1;1;XEUR;10804524;688;
24.09.2024;08:31:47.147;FGBL SI 20241206 PS;SIMPLE_INSTRUMENT;EFS;EUR;18;134.30000000;417;EXCHANGE_LAST;;1;1;XEUR;10804524;688;
24.09.2024;08:40:14.030;FGBL SI 20241206 PS;SIMPLE_INSTRUMENT;EFP_FIN;EUR;19;134.32000000;850;EXCHANGE_LAST;;1;1;XEUR;10804524;688;
24.09.2024;08:40:17.820;FGBL SI 20241206 PS;SIMPLE_INSTRUMENT;EFS;EUR;20;134.33000000;721;EXCHANGE_LAST;;1;1;XEUR;10804524;688;
24.09.2024;08:41:14.024;FGBL SI 20241206 PS;SIMPLE_INSTRUMENT;EFS;EUR;21;134.31000000;293;EXCHANGE_LAST;;1;1;XEUR;10804524;688;
24.09.2024;08:46:32.859;FGBL SI 20241206 PS;SIMPLE_INSTRUMENT;EFS;EUR;22;134.28000000;417;EXCHANGE_LAST;;1;1;XEUR;10804524;688;
24.09.2024;08:47:18.179;FGBL SI 20241206 PS;SIMPLE_INSTRUMENT;EFS;EUR;23;134.28000000;209;EXCHANGE_LAST;;1;1;XEUR;10804524;688;
24.09.2024;08:53:29.711;FGBL SI 20241206 PS;SIMPLE_INSTRUMENT;EFS;EUR;24;134.25000000;584;EXCHANGE_LAST;;1;1;XEUR;10804524;688;
24.09.2024;08:53:53.283;FGBL SI 20241206 PS;SIMPLE_INSTRUMENT;EFP_FIN;EUR;25;134.62000000;1003;EXCHANGE_LAST;;1;1;XEUR;10804524;688;
24.09.2024;08:58:06.388;FGBL SI 20241206 PS;SIMPLE_INSTRUMENT;EFS;EUR;26;134.28000000;418;EXCHANGE_LAST;;1;1;XEUR;10804524;688;
24.09.2024;08:59:14.947;FGBL SI 20241206 PS;SIMPLE_INSTRUMENT;EFP_FIN;EUR;27;134.26000000;710;EXCHANGE_LAST;;1;1;XEUR;10804524;688;
24.09.2024;09:00:55.440;FGBL SI 20241206 PS;SIMPLE_INSTRUMENT;EFS;EUR;28;134.29000000;418;EXCHANGE_LAST;;1;1;XEUR;10804524;688;
24.09.2024;09:15:58.021;FGBL SI 20241206 PS;SIMPLE_INSTRUMENT;EFS;EUR;29;134.33000000;999;EXCHANGE_LAST;;1;1;XEUR;10804524;688;
24.09.2024;09:16:45.957;FGBL SI 20241206 PS;SIMPLE_INSTRUMENT;EFS;EUR;30;134.35000000;721;EXCHANGE_LAST;;1;1;XEUR;10804524;688;
24.09.2024;09:19:01.882;FGBL SI 20241206 PS;SIMPLE_INSTRUMENT;EFS;EUR;31;134.32000000;209;EXCHANGE_LAST;;1;1;XEUR;10804524;688;
24.09.2024;09:18:55.762;FGBL SI 20241206 PS;SIMPLE_INSTRUMENT;EFS;EUR;32;134.35000000;417;EXCHANGE_LAST;;1;1;XEUR;10804524;688;
24.09.2024;09:24:18.466;FGBL SI 20241206 PS;SIMPLE_INSTRUMENT;EFS;EUR;33;134.31000000;419;EXCHANGE_LAST;;1;1;XEUR;10804524;688;
24.09.2024;09:26:18.578;FGBL SI 20241206 PS;SIMPLE_INSTRUMENT;EFS;EUR;34;134.31000000;419;EXCHANGE_LAST;;1;1;XEUR;10804524;688;
24.09.2024;09:26:53.612;FGBL SI 20241206 PS;SIMPLE_INSTRUMENT;EFS;EUR;35;134.30000000;419;EXCHANGE_LAST;;1;1;XEUR;10804524;688;
24.09.2024;09:37:26.073;FGBL SI 20241206 PS;SIMPLE_INSTRUMENT;EFS;EUR;36;134.31000000;417;EXCHANGE_LAST;;1;1;XEUR;10804524;688;
24.09.2024;09:42:20.533;FGBL SI 20241206 PS;SIMPLE_INSTRUMENT;EFS;EUR;37;134.34000000;419;EXCHANGE_LAST;;1;1;XEUR;10804524;688;
24.09.2024;09:53:17.508;FGBL SI 20241206 PS;SIMPLE_INSTRUMENT;EFS;EUR;38;134.33000000;88;EXCHANGE_LAST;;1;1;XEUR;10804524;688;
24.09.2024;09:55:43.583;FGBL SI 20241206 PS;SIMPLE_INSTRUMENT;EFS;EUR;39;134.34000000;417;EXCHANGE_LAST;;1;1;XEUR;10804524;688;
24.09.2024;09:56:14.396;FGBL SI 20241206 PS;SIMPLE_INSTRUMENT;EFP_FIN;EUR;40;134.31000000;962;EXCHANGE_LAST;;1;1;XEUR;10804524;688;
24.09.2024;10:00:29.908;FGBL SI 20241206 PS;SIMPLE_INSTRUMENT;EFS;EUR;41;134.32000000;433;EXCHANGE_LAST;;1;1;XEUR;10804524;688;
24.09.2024;10:03:16.907;FGBL SI 20241206 PS;SIMPLE_INSTRUMENT;EFS;EUR;42;134.34000000;200;EXCHANGE_LAST;;1;1;XEUR;10804524;688;
24.09.2024;10:03:50.487;FGBL SI 20241206 PS;SIMPLE_INSTRUMENT;BLOCK;EUR;43;134.36000000;2230;EXCHANGE_LAST;;1;1;XEUR;10804524;688;
24.09.2024;10:15:51.945;FGBL SI 20241206 PS;SIMPLE_INSTRUMENT;EFP_FIN;EUR;44;134.34000000;848;EXCHANGE_LAST;;1;1;XEUR;10804524;688;
24.09.2024;10:15:39.944;FGBL SI 20241206 PS;SIMPLE_INSTRUMENT;EFP_FIN;EUR;45;134.36000000;399;EXCHANGE_LAST;;1;1;XEUR;10804524;688;
24.09.2024;10:16:44.081;FGBL SI 20241206 PS;SIMPLE_INSTRUMENT;EFS;EUR;46;134.35000000;417;EXCHANGE_LAST;;1;1;XEUR;10804524;688;
24.09.2024;10:23:36.393;FGBL SI 20241206 PS;SIMPLE_INSTRUMENT;EFP_FIN;EUR;47;134.27000000;310;EXCHANGE_LAST;;1;1;XEUR;10804524;688;
24.09.2024;10:27:42.335;FGBL SI 20241206 PS;SIMPLE_INSTRUMENT;EFP_FIN;EUR;48;134.44000000;642;EXCHANGE_LAST;;1;1;XEUR;10804524;688;
24.09.2024;10:29:02.497;FGBL SI 20241206 PS;SIMPLE_INSTRUMENT;EFP_FIN;EUR;49;134.34000000;1696;EXCHANGE_LAST;;1;1;XEUR;10804524;688;
24.09.2024;10:35:15.427;FGBL SI 20241206 PS;SIMPLE_INSTRUMENT;EFS;EUR;50;134.46000000;293;EXCHANGE_LAST;;1;1;XEUR;10804524;688;
24.09.2024;10:38:05.603;FGBL SI 20241206 PS;SIMPLE_INSTRUMENT;EFS;EUR;51;134.49000000;419;EXCHANGE_LAST;;1;1;XEUR;10804524;688;
24.09.2024;10:38:05.648;FGBL SI 20241206 PS;SIMPLE_INSTRUMENT;EFS;EUR;52;134.49000000;419;EXCHANGE_LAST;;1;1;XEUR;10804524;688;
24.09.2024;10:49:57.362;FGBL SI 20241206 PS;SIMPLE_INSTRUMENT;EFP_FIN;EUR;53;134.51000000;397;EXCHANGE_LAST;;1;1;XEUR;10804524;688;
24.09.2024;10:56:43.595;FGBL SI 20241206 PS;SIMPLE_INSTRUMENT;EFS;EUR;54;134.56000000;499;EXCHANGE_LAST;;1;1;XEUR;10804524;688;
24.09.2024;11:03:38.656;FGBL SI 20241206 PS;SIMPLE_INSTRUMENT;EFS;EUR;55;134.56000000;240;EXCHANGE_LAST;;1;1;XEUR;10804524;688;
24.09.2024;11:07:08.481;FGBL SI 20241206 PS;SIMPLE_INSTRUMENT;EFS;EUR;56;134.57000000;977;EXCHANGE_LAST;;1;1;XEUR;10804524;688;
24.09.2024;11:27:32.004;FGBL SI 20241206 PS;SIMPLE_INSTRUMENT;EFP_FIN;EUR;57;134.55000000;471;EXCHANGE_LAST;;1;1;XEUR;10804524;688;
24.09.2024;11:28:23.100;FGBL SI 20241206 PS;SIMPLE_INSTRUMENT;EFP_FIN;EUR;58;134.56000000;236;EXCHANGE_LAST;;1;1;XEUR;10804524;688;
24.09.2024;11:30:15.880;FGBL SI 20241206 PS;SIMPLE_INSTRUMENT;EFP_FIN;EUR;59;134.57000000;149;EXCHANGE_LAST;;1;1;XEUR;10804524;688;
24.09.2024;11:31:01.175;FGBL SI 20241206 PS;SIMPLE_INSTRUMENT;EFP_FIN;EUR;60;134.56000000;236;EXCHANGE_LAST;;1;1;XEUR;10804524;688;
24.09.2024;11:31:18.867;FGBL SI 20241206 PS;SIMPLE_INSTRUMENT;EFP_FIN;EUR;61;134.57000000;200;EXCHANGE_LAST;;1;1;XEUR;10804524;688;
24.09.2024;11:32:04.311;FGBL SI 20241206 PS;SIMPLE_INSTRUMENT;EFP_FIN;EUR;62;134.57000000;149;EXCHANGE_LAST;;1;1;XEUR;10804524;688;
24.09.2024;11:38:52.045;FGBL SI 20241206 PS;SIMPLE_INSTRUMENT;EFS;EUR;63;134.48000000;419;EXCHANGE_LAST;;1;1;XEUR;10804524;688;
24.09.2024;11:38:58.568;FGBL SI 20241206 PS;SIMPLE_INSTRUMENT;EFP_FIN;EUR;64;134.56000000;2390;EXCHANGE_LAST;;1;1;XEUR;10804524;688;
24.09.2024;11:44:17.016;FGBL SI 20241206 PS;SIMPLE_INSTRUMENT;EFS;EUR;65;134.42000000;240;EXCHANGE_LAST;;1;1;XEUR;10804524;688;
24.09.2024;11:44:42.414;FGBL SI 20241206 PS;SIMPLE_INSTRUMENT;EFP_FIN;EUR;66;134.60000000;470;EXCHANGE_LAST;;1;1;XEUR;10804524;688;
24.09.2024;11:49:33.674;FGBL SI 20241206 PS;SIMPLE_INSTRUMENT;EFS;EUR;67;134.43000000;419;EXCHANGE_LAST;;1;1;XEUR;10804524;688;
24.09.2024;11:49:38.680;FGBL SI 20241206 PS;SIMPLE_INSTRUMENT;EFS;EUR;68;134.43000000;419;EXCHANGE_LAST;;1;1;XEUR;10804524;688;
24.09.2024;12:30:53.050;FGBL SI 20241206 PS;SIMPLE_INSTRUMENT;EFS;EUR;70;134.36000000;419;EXCHANGE_LAST;;1;1;XEUR;10804524;688;
24.09.2024;12:33:20.534;FGBL SI 20241206 PS;SIMPLE_INSTRUMENT;EFP_FIN;EUR;71;134.42000000;387;EXCHANGE_LAST;;1;1;XEUR;10804524;688;
24.09.2024;12:35:01.337;FGBL SI 20241206 PS;SIMPLE_INSTRUMENT;EFS;EUR;72;134.38000000;209;EXCHANGE_LAST;;1;1;XEUR;10804524;688;
24.09.2024;12:36:11.475;FGBL SI 20241206 PS;SIMPLE_INSTRUMENT;EFP_FIN;EUR;73;134.56000000;795;EXCHANGE_LAST;;1;1;XEUR;10804524;688;
24.09.2024;12:41:52.829;FGBL SI 20241206 PS;SIMPLE_INSTRUMENT;EFS;EUR;74;134.37000000;417;EXCHANGE_LAST;;1;1;XEUR;10804524;688;
24.09.2024;12:38:47.213;FGBL SI 20241206 PS;SIMPLE_INSTRUMENT;EFS;EUR;75;134.37000000;417;EXCHANGE_LAST;;1;1;XEUR;10804524;688;
24.09.2024;12:40:01.859;FGBL SI 20241206 PS;SIMPLE_INSTRUMENT;EFS;EUR;76;134.33000000;209;EXCHANGE_LAST;;1;1;XEUR;10804524;688;
24.09.2024;12:46:16.138;FGBL SI 20241206 PS;SIMPLE_INSTRUMENT;BLOCK;EUR;77;134.34000000;3500;EXCHANGE_LAST;;1;1;XEUR;10804524;688;
24.09.2024;12:57:16.051;FGBL SI 20241206 PS;SIMPLE_INSTRUMENT;EFP_FIN;EUR;78;134.35000000;336;EXCHANGE_LAST;;1;1;XEUR;10804524;688;
24.09.2024;13:14:35.659;FGBL SI 20241206 PS;SIMPLE_INSTRUMENT;EFP_FIN;EUR;79;134.35000000;590;EXCHANGE_LAST;;1;1;XEUR;10804524;688;
24.09.2024;13:16:28.558;FGBL SI 20241206 PS;SIMPLE_INSTRUMENT;EFS;EUR;80;134.42000000;210;EXCHANGE_LAST;;1;1;XEUR;10804524;688;
24.09.2024;13:16:38.569;FGBL SI 20241206 PS;SIMPLE_INSTRUMENT;EFS;EUR;81;134.42000000;419;EXCHANGE_LAST;;1;1;XEUR;10804524;688;
24.09.2024;13:19:22.250;FGBL SI 20241206 PS;SIMPLE_INSTRUMENT;EFS;EUR;82;134.41000000;721;EXCHANGE_LAST;;1;1;XEUR;10804524;688;
24.09.2024;13:22:56.135;FGBL SI 20241206 PS;SIMPLE_INSTRUMENT;EFS;EUR;83;134.40000000;480;EXCHANGE_LAST;;1;1;XEUR;10804524;688;
24.09.2024;13:25:15.912;FGBL SI 20241206 PS;SIMPLE_INSTRUMENT;EFS;EUR;84;134.42000000;210;EXCHANGE_LAST;;1;1;XEUR;10804524;688;
24.09.2024;13:48:38.028;FGBL SI 20241206 PS;SIMPLE_INSTRUMENT;EFP_FIN;EUR;86;134.42000000;425;EXCHANGE_LAST;;1;1;XEUR;10804524;688;
24.09.2024;13:41:01.969;FGBL SI 20241206 PS;SIMPLE_INSTRUMENT;EFP_FIN;EUR;87;134.42000000;170;EXCHANGE_LAST;;1;1;XEUR;10804524;688;
24.09.2024;13:44:42.366;FGBL SI 20241206 PS;SIMPLE_INSTRUMENT;EFS;EUR;88;134.51000000;417;EXCHANGE_LAST;;1;1;XEUR;10804524;688;
24.09.2024;13:45:34.048;FGBL SI 20241206 PS;SIMPLE_INSTRUMENT;EFS;EUR;89;134.52000000;250;EXCHANGE_LAST;;1;1;XEUR;10804524;688;
24.09.2024;13:50:01.069;FGBL SI 20241206 PS;SIMPLE_INSTRUMENT;EFS;EUR;90;134.53000000;384;EXCHANGE_LAST;;1;1;XEUR;10804524;688;
24.09.2024;13:50:30.468;FGBL SI 20241206 PS;SIMPLE_INSTRUMENT;EFP_FIN;EUR;91;134.53000000;147;EXCHANGE_LAST;;1;1;XEUR;10804524;688;
24.09.2024;13:52:06.619;FGBL SI 20241206 PS;SIMPLE_INSTRUMENT;EFS;EUR;92;134.45000000;419;EXCHANGE_LAST;;1;1;XEUR;10804524;688;
24.09.2024;13:52:27.644;FGBL SI 20241206 PS;SIMPLE_INSTRUMENT;EFS;EUR;93;134.45000000;419;EXCHANGE_LAST;;1;1;XEUR;10804524;688;
24.09.2024;13:52:56.284;FGBL SI 20241206 PS;SIMPLE_INSTRUMENT;EFS;EUR;94;134.48000000;417;EXCHANGE_LAST;;1;1;XEUR;10804524;688;
24.09.2024;13:53:16.337;FGBL SI 20241206 PS;SIMPLE_INSTRUMENT;EFS;EUR;95;134.48000000;417;EXCHANGE_LAST;;1;1;XEUR;10804524;688;
24.09.2024;13:54:33.090;FGBL SI 20241206 PS;SIMPLE_INSTRUMENT;EFS;EUR;96;134.44000000;418;EXCHANGE_LAST;;1;1;XEUR;10804524;688;
24.09.2024;13:57:21.004;FGBL SI 20241206 PS;SIMPLE_INSTRUMENT;EFS;EUR;97;134.45000000;209;EXCHANGE_LAST;;1;1;XEUR;10804524;688;
24.09.2024;13:58:31.997;FGBL SI 20241206 PS;SIMPLE_INSTRUMENT;EFS;EUR;98;134.47000000;419;EXCHANGE_LAST;;1;1;XEUR;10804524;688;
24.09.2024;14:03:07.264;FGBL SI 20241206 PS;SIMPLE_INSTRUMENT;EFS;EUR;99;134.58000000;372;EXCHANGE_LAST;;1;1;XEUR;10804524;688;
24.09.2024;14:11:17.901;FGBL SI 20241206 PS;SIMPLE_INSTRUMENT;EFP_FIN;EUR;100;134.63000000;233;EXCHANGE_LAST;;1;1;XEUR;10804524;688;
24.09.2024;14:11:03.756;FGBL SI 20241206 PS;SIMPLE_INSTRUMENT;EFS;EUR;101;134.67000000;129;EXCHANGE_LAST;;1;1;XEUR;10804524;688;
24.09.2024;14:16:56.562;FGBL SI 20241206 PS;SIMPLE_INSTRUMENT;EFS;EUR;102;134.68000000;192;EXCHANGE_LAST;;1;1;XEUR;10804524;688;
24.09.2024;14:28:15.426;FGBL SI 20241206 PS;SIMPLE_INSTRUMENT;EFS;EUR;103;134.80000000;431;EXCHANGE_LAST;;1;1;XEUR;10804524;688;
24.09.2024;14:31:16.765;FGBL SI 20241206 PS;SIMPLE_INSTRUMENT;EFS;EUR;104;134.85000000;836;EXCHANGE_LAST;;1;1;XEUR;10804524;688;
24.09.2024;14:34:37.049;FGBL SI 20241206 PS;SIMPLE_INSTRUMENT;EFS;EUR;105;134.85000000;209;EXCHANGE_LAST;;1;1;XEUR;10804524;688;
24.09.2024;14:35:31.103;FGBL SI 20241206 PS;SIMPLE_INSTRUMENT;EFS;EUR;106;134.82000000;209;EXCHANGE_LAST;;1;1;XEUR;10804524;688;
24.09.2024;14:36:06.100;FGBL SI 20241206 PS;SIMPLE_INSTRUMENT;EFP_FIN;EUR;107;134.50000000;472;EXCHANGE_LAST;;1;1;XEUR;10804524;688;
24.09.2024;14:36:51.187;FGBL SI 20241206 PS;SIMPLE_INSTRUMENT;EFS;EUR;108;134.82000000;84;EXCHANGE_LAST;;1;1;XEUR;10804524;688;
24.09.2024;14:37:42.511;FGBL SI 20241206 PS;SIMPLE_INSTRUMENT;EFS;EUR;109;134.83000000;718;EXCHANGE_LAST;;1;1;XEUR;10804524;688;
24.09.2024;14:39:07.059;FGBL SI 20241206 PS;SIMPLE_INSTRUMENT;EFS;EUR;110;134.80000000;429;EXCHANGE_LAST;;1;1;XEUR;10804524;688;
24.09.2024;14:42:53.740;FGBL SI 20241206 PS;SIMPLE_INSTRUMENT;EFP_FIN;EUR;111;134.82000000;285;EXCHANGE_LAST;;1;1;XEUR;10804524;688;
24.09.2024;14:45:19.709;FGBL SI 20241206 PS;SIMPLE_INSTRUMENT;EFS;EUR;112;134.80000000;718;EXCHANGE_LAST;;1;1;XEUR;10804524;688;
24.09.2024;14:46:50.459;FGBL SI 20241206 PS;SIMPLE_INSTRUMENT;EFS;EUR;113;134.78000000;417;EXCHANGE_LAST;;1;1;XEUR;10804524;688;
24.09.2024;14:56:15.179;FGBL SI 20241206 PS;SIMPLE_INSTRUMENT;EFS;EUR;114;134.85000000;500;EXCHANGE_LAST;;1;1;XEUR;10804524;688;
24.09.2024;14:58:49.441;FGBL SI 20241206 PS;SIMPLE_INSTRUMENT;EFS;EUR;116;134.87000000;418;EXCHANGE_LAST;;1;1;XEUR;10804524;688;
24.09.2024;14:59:27.699;FGBL SI 20241206 PS;SIMPLE_INSTRUMENT;EFS;EUR;117;134.80000000;240;EXCHANGE_LAST;;1;1;XEUR;10804524;688;
24.09.2024;14:59:50.110;FGBL SI 20241206 PS;SIMPLE_INSTRUMENT;EFS;EUR;118;134.87000000;500;EXCHANGE_LAST;;1;1;XEUR;10804524;688;
24.09.2024;15:11:18.058;FGBL SI 20241206 PS;SIMPLE_INSTRUMENT;EFS;EUR;119;134.71000000;500;EXCHANGE_LAST;;1;1;XEUR;10804524;688;
24.09.2024;15:23:17.988;FGBL SI 20241206 PS;SIMPLE_INSTRUMENT;EFS;EUR;120;134.48000000;481;EXCHANGE_LAST;;1;1;XEUR;10804524;688;
24.09.2024;15:24:17.466;FGBL SI 20241206 PS;SIMPLE_INSTRUMENT;EFS;EUR;121;134.97000000;418;EXCHANGE_LAST;;1;1;XEUR;10804524;688;
24.09.2024;15:29:30.691;FGBL SI 20241206 PS;SIMPLE_INSTRUMENT;EFS;EUR;122;134.97000000;478;EXCHANGE_LAST;;1;1;XEUR;10804524;688;
24.09.2024;15:34:59.052;FGBL SI 20241206 PS;SIMPLE_INSTRUMENT;EFS;EUR;123;134.94000000;239;EXCHANGE_LAST;;1;1;XEUR;10804524;688;
24.09.2024;15:39:39.144;FGBL SI 20241206 PS;SIMPLE_INSTRUMENT;EFS;EUR;124;134.96000000;479;EXCHANGE_LAST;;1;1;XEUR;10804524;688;
24.09.2024;15:42:38.638;FGBL SI 20241206 PS;SIMPLE_INSTRUMENT;EFS;EUR;125;134.87000000;502;EXCHANGE_LAST;;1;1;XEUR;10804524;688;
24.09.2024;15:47:28.106;FGBL SI 20241206 PS;SIMPLE_INSTRUMENT;EFS;EUR;126;134.79000000;433;EXCHANGE_LAST;;1;1;XEUR;10804524;688;
24.09.2024;15:50:52.767;FGBL SI 20241206 PS;SIMPLE_INSTRUMENT;EFS;EUR;127;134.84000000;416;EXCHANGE_LAST;;1;1;XEUR;10804524;688;
24.09.2024;15:57:20.532;FGBL SI 20241206 PS;SIMPLE_INSTRUMENT;EFS;EUR;128;134.81000000;418;EXCHANGE_LAST;;1;1;XEUR;10804524;688;
24.09.2024;16:00:15.692;FGBL SI 20241206 PS;SIMPLE_INSTRUMENT;EFS;EUR;129;134.81000000;251;EXCHANGE_LAST;;1;1;XEUR;10804524;688;
24.09.2024;16:05:10.507;FGBL SI 20241206 PS;SIMPLE_INSTRUMENT;EFS;EUR;130;134.81000000;645;EXCHANGE_LAST;;1;1;XEUR;10804524;688;
24.09.2024;16:08:11.915;FGBL SI 20241206 PS;SIMPLE_INSTRUMENT;EFS;EUR;131;134.80000000;429;EXCHANGE_LAST;;1;1;XEUR;10804524;688;
24.09.2024;16:08:11.973;FGBL SI 20241206 PS;SIMPLE_INSTRUMENT;EFS;EUR;132;134.84000000;2465;EXCHANGE_LAST;;1;1;XEUR;10804524;688;
24.09.2024;16:13:56.486;FGBL SI 20241206 PS;SIMPLE_INSTRUMENT;EFS;EUR;133;134.90000000;418;EXCHANGE_LAST;;1;1;XEUR;10804524;688;
24.09.2024;16:14:11.503;FGBL SI 20241206 PS;SIMPLE_INSTRUMENT;EFS;EUR;134;134.90000000;836;EXCHANGE_LAST;;1;1;XEUR;10804524;688;
24.09.2024;16:15:36.601;FGBL SI 20241206 PS;SIMPLE_INSTRUMENT;EFS;EUR;135;134.92000000;209;EXCHANGE_LAST;;1;1;XEUR;10804524;688;
24.09.2024;16:38:30.605;FGBL SI 20241206 PS;SIMPLE_INSTRUMENT;EFS;EUR;136;134.90000000;429;EXCHANGE_LAST;;1;1;XEUR;10804524;688;
24.09.2024;16:40:48.949;FGBL SI 20241206 PS;SIMPLE_INSTRUMENT;EFS;EUR;137;134.87000000;233;EXCHANGE_LAST;;1;1;XEUR;10804524;688;
24.09.2024;17:31:16.155;FGBL SI 20241206 PS;SIMPLE_INSTRUMENT;EFS;EUR;138;134.55000000;860;EXCHANGE_LAST;;1;1;XEUR;10804524;688;
24.09.2024;10:19:00.823;FGBL SI 20241206 PS;SIMPLE_INSTRUMENT;VOLA;EUR;268435475;134.36000000;16;EXCHANGE_LAST;;1;1;XEUR;10804524;688;
24.09.2024;11:07:21.250;FGBL SI 20241206 PS;SIMPLE_INSTRUMENT;VOLA;EUR;268435490;134.49000000;300;EXCHANGE_LAST;;1;1;XEUR;10804524;688;
24.09.2024;11:44:23.074;FGBL SI 20241206 PS;SIMPLE_INSTRUMENT;VOLA;EUR;268435497;134.49000000;45;EXCHANGE_LAST;;1;1;XEUR;10804524;688;
24.09.2024;12:30:37.488;FGBL SI 20241206 PS;SIMPLE_INSTRUMENT;VOLA;EUR;268435499;134.50000000;180;EXCHANGE_LAST;;1;1;XEUR;10804524;688;
24.09.2024;14:10:33.969;FGBL SI 20241206 PS;SIMPLE_INSTRUMENT;VOLA;EUR;268435507;134.50000000;54;EXCHANGE_LAST;;1;1;XEUR;10804524;688;
24.09.2024;15:39:49.879;FGBL SI 20241206 PS;SIMPLE_INSTRUMENT;VOLA;EUR;268435523;134.87000000;45;EXCHANGE_LAST;;1;1;XEUR;10804524;688;
24.09.2024;06:47:25.661;FGBM SI 20241206 PS;SIMPLE_INSTRUMENT;EFP_FIN;EUR;1;119.89000000;620;EXCHANGE_LAST;;1;1;XEUR;10804525;689;
24.09.2024;07:19:41.831;FGBM SI 20241206 PS;SIMPLE_INSTRUMENT;EFP_FIN;EUR;2;119.82000000;1712;EXCHANGE_LAST;;1;1;XEUR;10804525;689;
24.09.2024;07:26:24.605;FGBM SI 20241206 PS;SIMPLE_INSTRUMENT;EFS;EUR;3;119.81000000;920;EXCHANGE_LAST;;1;1;XEUR;10804525;689;
24.09.2024;07:29:27.338;FGBM SI 20241206 PS;SIMPLE_INSTRUMENT;EFS;EUR;4;119.80000000;816;EXCHANGE_LAST;;1;1;XEUR;10804525;689;
24.09.2024;07:30:58.688;FGBM SI 20241206 PS;SIMPLE_INSTRUMENT;EFS;EUR;5;119.80000000;817;EXCHANGE_LAST;;1;1;XEUR;10804525;689;
24.09.2024;07:50:40.817;FGBM SI 20241206 PS;SIMPLE_INSTRUMENT;BLOCK;EUR;6;119.83000000;4600;EXCHANGE_LAST;;1;1;XEUR;10804525;689;
24.09.2024;07:54:44.345;FGBM SI 20241206 PS;SIMPLE_INSTRUMENT;EFS;EUR;7;119.83000000;417;EXCHANGE_LAST;;1;1;XEUR;10804525;689;
24.09.2024;07:56:28.111;FGBM SI 20241206 PS;SIMPLE_INSTRUMENT;EFP_FIN;EUR;8;119.81000000;2570;EXCHANGE_LAST;;1;1;XEUR;10804525;689;
24.09.2024;07:58:06.267;FGBM SI 20241206 PS;SIMPLE_INSTRUMENT;EFP_FIN;EUR;9;119.81000000;214;EXCHANGE_LAST;;1;1;XEUR;10804525;689;
24.09.2024;08:02:05.993;FGBM SI 20241206 PS;SIMPLE_INSTRUMENT;EFS;EUR;10;119.82000000;249;EXCHANGE_LAST;;1;1;XEUR;10804525;689;
24.09.2024;08:03:14.803;FGBM SI 20241206 PS;SIMPLE_INSTRUMENT;EFS;EUR;11;119.81000000;833;EXCHANGE_LAST;;1;1;XEUR;10804525;689;
24.09.2024;08:05:54.947;FGBM SI 20241206 PS;SIMPLE_INSTRUMENT;EFS;EUR;12;119.82000000;1347;EXCHANGE_LAST;;1;1;XEUR;10804525;689;
24.09.2024;08:06:56.250;FGBM SI 20241206 PS;SIMPLE_INSTRUMENT;EFP_FIN;EUR;13;119.79000000;428;EXCHANGE_LAST;;1;1;XEUR;10804525;689;
24.09.2024;08:08:20.087;FGBM SI 20241206 PS;SIMPLE_INSTRUMENT;EFS;EUR;14;119.81000000;673;EXCHANGE_LAST;;1;1;XEUR;10804525;689;
24.09.2024;08:11:41.282;FGBM SI 20241206 PS;SIMPLE_INSTRUMENT;EFS;EUR;15;119.83000000;673;EXCHANGE_LAST;;1;1;XEUR;10804525;689;
24.09.2024;08:22:54.112;FGBM SI 20241206 PS;SIMPLE_INSTRUMENT;EFS;EUR;16;119.75000000;829;EXCHANGE_LAST;;1;1;XEUR;10804525;689;
24.09.2024;08:23:09.587;FGBM SI 20241206 PS;SIMPLE_INSTRUMENT;EFP_FIN;EUR;17;119.76000000;1028;EXCHANGE_LAST;;1;1;XEUR;10804525;689;
24.09.2024;08:28:28.530;FGBM SI 20241206 PS;SIMPLE_INSTRUMENT;EFP_FIN;EUR;18;119.77000000;514;EXCHANGE_LAST;;1;1;XEUR;10804525;689;
24.09.2024;08:30:30.902;FGBM SI 20241206 PS;SIMPLE_INSTRUMENT;EFS;EUR;19;119.75000000;920;EXCHANGE_LAST;;1;1;XEUR;10804525;689;
24.09.2024;08:33:06.654;FGBM SI 20241206 PS;SIMPLE_INSTRUMENT;EFS;EUR;20;119.75000000;999;EXCHANGE_LAST;;1;1;XEUR;10804525;689;
24.09.2024;08:40:52.211;FGBM SI 20241206 PS;SIMPLE_INSTRUMENT;EFP_FIN;EUR;21;119.76000000;514;EXCHANGE_LAST;;1;1;XEUR;10804525;689;
24.09.2024;08:40:30.670;FGBM SI 20241206 PS;SIMPLE_INSTRUMENT;EFS;EUR;22;119.75000000;425;EXCHANGE_LAST;;1;1;XEUR;10804525;689;
24.09.2024;08:43:19.469;FGBM SI 20241206 PS;SIMPLE_INSTRUMENT;EFP_FIN;EUR;23;119.76000000;257;EXCHANGE_LAST;;1;1;XEUR;10804525;689;
24.09.2024;08:55:42.920;FGBM SI 20241206 PS;SIMPLE_INSTRUMENT;EFP_FIN;EUR;24;119.70000000;152;EXCHANGE_LAST;;1;1;XEUR;10804525;689;
24.09.2024;09:09:21.605;FGBM SI 20241206 PS;SIMPLE_INSTRUMENT;EFS;EUR;25;119.72000000;834;EXCHANGE_LAST;;1;1;XEUR;10804525;689;
24.09.2024;09:10:31.449;FGBM SI 20241206 PS;SIMPLE_INSTRUMENT;EFP_FIN;EUR;26;119.77000000;80;EXCHANGE_LAST;;1;1;XEUR;10804525;689;
24.09.2024;09:14:53.030;FGBM SI 20241206 PS;SIMPLE_INSTRUMENT;EFP_FIN;EUR;27;119.71000000;154;EXCHANGE_LAST;;1;1;XEUR;10804525;689;
24.09.2024;09:15:37.947;FGBM SI 20241206 PS;SIMPLE_INSTRUMENT;EFS;EUR;28;119.73000000;833;EXCHANGE_LAST;;1;1;XEUR;10804525;689;
24.09.2024;09:16:01.896;FGBM SI 20241206 PS;SIMPLE_INSTRUMENT;EFP_FIN;EUR;29;119.71000000;103;EXCHANGE_LAST;;1;1;XEUR;10804525;689;
24.09.2024;09:19:03.147;FGBM SI 20241206 PS;SIMPLE_INSTRUMENT;EFS;EUR;30;119.76000000;833;EXCHANGE_LAST;;1;1;XEUR;10804525;689;
24.09.2024;09:21:41.001;FGBM SI 20241206 PS;SIMPLE_INSTRUMENT;EFS;EUR;31;119.71000000;921;EXCHANGE_LAST;;1;1;XEUR;10804525;689;
24.09.2024;09:26:08.789;FGBM SI 20241206 PS;SIMPLE_INSTRUMENT;EFP_FIN;EUR;32;119.74000000;165;EXCHANGE_LAST;;1;1;XEUR;10804525;689;
24.09.2024;09:30:44.840;FGBM SI 20241206 PS;SIMPLE_INSTRUMENT;EFS;EUR;33;119.73000000;834;EXCHANGE_LAST;;1;1;XEUR;10804525;689;
24.09.2024;09:48:24.752;FGBM SI 20241206 PS;SIMPLE_INSTRUMENT;EFP_FIN;EUR;34;119.73000000;214;EXCHANGE_LAST;;1;1;XEUR;10804525;689;
24.09.2024;09:52:02.684;FGBM SI 20241206 PS;SIMPLE_INSTRUMENT;EFS;EUR;35;119.74000000;166;EXCHANGE_LAST;;1;1;XEUR;10804525;689;
24.09.2024;10:07:26.590;FGBM SI 20241206 PS;SIMPLE_INSTRUMENT;EFP_FIN;EUR;36;119.76000000;384;EXCHANGE_LAST;;1;1;XEUR;10804525;689;
24.09.2024;09:55:08.359;FGBM SI 20241206 PS;SIMPLE_INSTRUMENT;EFP_FIN;EUR;37;119.75000000;798;EXCHANGE_LAST;;1;1;XEUR;10804525;689;
24.09.2024;09:58:58.617;FGBM SI 20241206 PS;SIMPLE_INSTRUMENT;EFS;EUR;38;119.77000000;415;EXCHANGE_LAST;;1;1;XEUR;10804525;689;
24.09.2024;10:00:25.845;FGBM SI 20241206 PS;SIMPLE_INSTRUMENT;EFS;EUR;39;119.77000000;415;EXCHANGE_LAST;;1;1;XEUR;10804525;689;
24.09.2024;10:09:15.843;FGBM SI 20241206 PS;SIMPLE_INSTRUMENT;EFS;EUR;40;119.76000000;920;EXCHANGE_LAST;;1;1;XEUR;10804525;689;
24.09.2024;10:12:48.237;FGBM SI 20241206 PS;SIMPLE_INSTRUMENT;EFP_FIN;EUR;41;119.76000000;503;EXCHANGE_LAST;;1;1;XEUR;10804525;689;
24.09.2024;10:16:25.726;FGBM SI 20241206 PS;SIMPLE_INSTRUMENT;EFS;EUR;42;119.76000000;1434;EXCHANGE_LAST;;1;1;XEUR;10804525;689;
24.09.2024;10:22:15.134;FGBM SI 20241206 PS;SIMPLE_INSTRUMENT;EFP_FIN;EUR;43;119.76000000;256;EXCHANGE_LAST;;1;1;XEUR;10804525;689;
24.09.2024;10:22:53.744;FGBM SI 20241206 PS;SIMPLE_INSTRUMENT;EFP_FIN;EUR;44;119.77000000;257;EXCHANGE_LAST;;1;1;XEUR;10804525;689;
24.09.2024;10:36:40.324;FGBM SI 20241206 PS;SIMPLE_INSTRUMENT;EFP_FIN;EUR;45;119.77000000;118;EXCHANGE_LAST;;1;1;XEUR;10804525;689;
24.09.2024;10:54:28.774;FGBM SI 20241206 PS;SIMPLE_INSTRUMENT;EFP_FIN;EUR;46;119.85000000;231;EXCHANGE_LAST;;1;1;XEUR;10804525;689;
24.09.2024;10:54:19.941;FGBM SI 20241206 PS;SIMPLE_INSTRUMENT;EFP_FIN;EUR;47;119.85000000;625;EXCHANGE_LAST;;1;1;XEUR;10804525;689;
24.09.2024;10:57:27.703;FGBM SI 20241206 PS;SIMPLE_INSTRUMENT;EFS;EUR;48;119.90000000;833;EXCHANGE_LAST;;1;1;XEUR;10804525;689;
24.09.2024;11:11:14.470;FGBM SI 20241206 PS;SIMPLE_INSTRUMENT;EFS;EUR;49;119.87000000;833;EXCHANGE_LAST;;1;1;XEUR;10804525;689;
24.09.2024;11:13:01.973;FGBM SI 20241206 PS;SIMPLE_INSTRUMENT;BLOCK;EUR;50;119.88000000;4596;EXCHANGE_LAST;;1;1;XEUR;10804525;689;
24.09.2024;11:26:06.147;FGBM SI 20241206 PS;SIMPLE_INSTRUMENT;EFS;EUR;51;119.86000000;3677;EXCHANGE_LAST;;1;1;XEUR;10804525;689;
24.09.2024;11:27:36.416;FGBM SI 20241206 PS;SIMPLE_INSTRUMENT;EFS;EUR;52;119.89000000;833;EXCHANGE_LAST;;1;1;XEUR;10804525;689;
24.09.2024;11:27:52.135;FGBM SI 20241206 PS;SIMPLE_INSTRUMENT;EFS;EUR;53;119.88000000;829;EXCHANGE_LAST;;1;1;XEUR;10804525;689;
24.09.2024;11:37:20.738;FGBM SI 20241206 PS;SIMPLE_INSTRUMENT;EFP_FIN;EUR;54;119.87000000;446;EXCHANGE_LAST;;1;1;XEUR;10804525;689;
24.09.2024;11:41:23.258;FGBM SI 20241206 PS;SIMPLE_INSTRUMENT;EFP_FIN;EUR;56;119.82000000;767;EXCHANGE_LAST;;1;1;XEUR;10804525;689;
24.09.2024;11:42:11.207;FGBM SI 20241206 PS;SIMPLE_INSTRUMENT;EFS;EUR;57;119.81000000;794;EXCHANGE_LAST;;1;1;XEUR;10804525;689;
24.09.2024;11:49:15.642;FGBM SI 20241206 PS;SIMPLE_INSTRUMENT;EFS;EUR;58;119.78000000;1840;EXCHANGE_LAST;;1;1;XEUR;10804525;689;
24.09.2024;12:01:42.027;FGBM SI 20241206 PS;SIMPLE_INSTRUMENT;EFP_FIN;EUR;59;119.82000000;211;EXCHANGE_LAST;;1;1;XEUR;10804525;689;
24.09.2024;12:02:04.681;FGBM SI 20241206 PS;SIMPLE_INSTRUMENT;EFP_FIN;EUR;60;119.82000000;211;EXCHANGE_LAST;;1;1;XEUR;10804525;689;
24.09.2024;12:09:00.867;FGBM SI 20241206 PS;SIMPLE_INSTRUMENT;EFS;EUR;61;119.78000000;833;EXCHANGE_LAST;;1;1;XEUR;10804525;689;
24.09.2024;12:13:00.981;FGBM SI 20241206 PS;SIMPLE_INSTRUMENT;EFP_FIN;EUR;62;119.81000000;628;EXCHANGE_LAST;;1;1;XEUR;10804525;689;
24.09.2024;12:16:34.820;FGBM SI 20241206 PS;SIMPLE_INSTRUMENT;EFP_FIN;EUR;63;119.81000000;166;EXCHANGE_LAST;;1;1;XEUR;10804525;689;
24.09.2024;12:17:04.294;FGBM SI 20241206 PS;SIMPLE_INSTRUMENT;EFS;EUR;64;119.78000000;3680;EXCHANGE_LAST;;1;1;XEUR;10804525;689;
24.09.2024;12:17:33.585;FGBM SI 20241206 PS;SIMPLE_INSTRUMENT;EFS;EUR;65;119.81000000;623;EXCHANGE_LAST;;1;1;XEUR;10804525;689;
24.09.2024;12:24:33.925;FGBM SI 20241206 PS;SIMPLE_INSTRUMENT;EFP_FIN;EUR;66;119.79000000;192;EXCHANGE_LAST;;1;1;XEUR;10804525;689;
24.09.2024;12:25:05.186;FGBM SI 20241206 PS;SIMPLE_INSTRUMENT;EFS;EUR;67;119.83000000;920;EXCHANGE_LAST;;1;1;XEUR;10804525;689;
24.09.2024;12:26:45.126;FGBM SI 20241206 PS;SIMPLE_INSTRUMENT;EFP_FIN;EUR;68;119.79000000;192;EXCHANGE_LAST;;1;1;XEUR;10804525;689;
24.09.2024;12:36:08.242;FGBM SI 20241206 PS;SIMPLE_INSTRUMENT;EFP_FIN;EUR;69;119.77000000;69;EXCHANGE_LAST;;1;1;XEUR;10804525;689;
24.09.2024;12:38:44.357;FGBM SI 20241206 PS;SIMPLE_INSTRUMENT;EFS;EUR;70;119.77000000;3681;EXCHANGE_LAST;;1;1;XEUR;10804525;689;
24.09.2024;12:41:49.653;FGBM SI 20241206 PS;SIMPLE_INSTRUMENT;EFS;EUR;71;119.74000000;833;EXCHANGE_LAST;;1;1;XEUR;10804525;689;
24.09.2024;12:45:12.765;FGBM SI 20241206 PS;SIMPLE_INSTRUMENT;EFS;EUR;72;119.75000000;829;EXCHANGE_LAST;;1;1;XEUR;10804525;689;
24.09.2024;12:46:17.902;FGBM SI 20241206 PS;SIMPLE_INSTRUMENT;EFP_FIN;EUR;73;119.74000000;347;EXCHANGE_LAST;;1;1;XEUR;10804525;689;
24.09.2024;12:50:08.648;FGBM SI 20241206 PS;SIMPLE_INSTRUMENT;EFP_FIN;EUR;74;119.73000000;121;EXCHANGE_LAST;;1;1;XEUR;10804525;689;
24.09.2024;12:51:55.654;FGBM SI 20241206 PS;SIMPLE_INSTRUMENT;EFP_FIN;EUR;75;119.74000000;316;EXCHANGE_LAST;;1;1;XEUR;10804525;689;
24.09.2024;12:53:30.315;FGBM SI 20241206 PS;SIMPLE_INSTRUMENT;EFS;EUR;76;119.73000000;833;EXCHANGE_LAST;;1;1;XEUR;10804525;689;
24.09.2024;12:59:38.075;FGBM SI 20241206 PS;SIMPLE_INSTRUMENT;EFS;EUR;77;119.78000000;415;EXCHANGE_LAST;;1;1;XEUR;10804525;689;
24.09.2024;13:00:06.664;FGBM SI 20241206 PS;SIMPLE_INSTRUMENT;EFS;EUR;78;119.77000000;674;EXCHANGE_LAST;;1;1;XEUR;10804525;689;
24.09.2024;13:06:22.419;FGBM SI 20241206 PS;SIMPLE_INSTRUMENT;EFP_FIN;EUR;79;119.75000000;606;EXCHANGE_LAST;;1;1;XEUR;10804525;689;
24.09.2024;13:12:33.347;FGBM SI 20241206 PS;SIMPLE_INSTRUMENT;EFS;EUR;80;119.80000000;417;EXCHANGE_LAST;;1;1;XEUR;10804525;689;
24.09.2024;13:13:03.376;FGBM SI 20241206 PS;SIMPLE_INSTRUMENT;EFS;EUR;81;119.80000000;417;EXCHANGE_LAST;;1;1;XEUR;10804525;689;
24.09.2024;13:17:33.623;FGBM SI 20241206 PS;SIMPLE_INSTRUMENT;EFS;EUR;82;119.79000000;833;EXCHANGE_LAST;;1;1;XEUR;10804525;689;
24.09.2024;13:21:36.920;FGBM SI 20241206 PS;SIMPLE_INSTRUMENT;EFS;EUR;83;119.78000000;920;EXCHANGE_LAST;;1;1;XEUR;10804525;689;
24.09.2024;13:31:20.712;FGBM SI 20241206 PS;SIMPLE_INSTRUMENT;EFP_FIN;EUR;84;119.79000000;709;EXCHANGE_LAST;;1;1;XEUR;10804525;689;
24.09.2024;13:33:42.576;FGBM SI 20241206 PS;SIMPLE_INSTRUMENT;EFS;EUR;85;119.83000000;829;EXCHANGE_LAST;;1;1;XEUR;10804525;689;
24.09.2024;13:37:59.775;FGBM SI 20241206 PS;SIMPLE_INSTRUMENT;EFS;EUR;86;119.84000000;833;EXCHANGE_LAST;;1;1;XEUR;10804525;689;
24.09.2024;13:38:49.822;FGBM SI 20241206 PS;SIMPLE_INSTRUMENT;EFS;EUR;87;119.83000000;833;EXCHANGE_LAST;;1;1;XEUR;10804525;689;
24.09.2024;13:39:34.870;FGBM SI 20241206 PS;SIMPLE_INSTRUMENT;EFS;EUR;88;119.83000000;833;EXCHANGE_LAST;;1;1;XEUR;10804525;689;
24.09.2024;13:43:02.391;FGBM SI 20241206 PS;SIMPLE_INSTRUMENT;EFS;EUR;89;119.84000000;414;EXCHANGE_LAST;;1;1;XEUR;10804525;689;
24.09.2024;13:47:18.579;FGBM SI 20241206 PS;SIMPLE_INSTRUMENT;EFS;EUR;90;119.82000000;829;EXCHANGE_LAST;;1;1;XEUR;10804525;689;
24.09.2024;13:48:13.176;FGBM SI 20241206 PS;SIMPLE_INSTRUMENT;EFS;EUR;91;119.80000000;829;EXCHANGE_LAST;;1;1;XEUR;10804525;689;
24.09.2024;13:48:24.444;FGBM SI 20241206 PS;SIMPLE_INSTRUMENT;EFP_FIN;EUR;92;119.83000000;732;EXCHANGE_LAST;;1;1;XEUR;10804525;689;
24.09.2024;13:50:19.732;FGBM SI 20241206 PS;SIMPLE_INSTRUMENT;EFS;EUR;93;119.81000000;580;EXCHANGE_LAST;;1;1;XEUR;10804525;689;
24.09.2024;13:51:07.280;FGBM SI 20241206 PS;SIMPLE_INSTRUMENT;EFS;EUR;94;119.82000000;784;EXCHANGE_LAST;;1;1;XEUR;10804525;689;
24.09.2024;13:51:23.374;FGBM SI 20241206 PS;SIMPLE_INSTRUMENT;EFP_FIN;EUR;95;119.85000000;69;EXCHANGE_LAST;;1;1;XEUR;10804525;689;
24.09.2024;13:52:07.637;FGBM SI 20241206 PS;SIMPLE_INSTRUMENT;EFS;EUR;96;119.82000000;784;EXCHANGE_LAST;;1;1;XEUR;10804525;689;
24.09.2024;13:52:11.824;FGBM SI 20241206 PS;SIMPLE_INSTRUMENT;EFS;EUR;97;119.81000000;1135;EXCHANGE_LAST;;1;1;XEUR;10804525;689;
24.09.2024;13:57:22.714;FGBM SI 20241206 PS;SIMPLE_INSTRUMENT;EFS;EUR;98;119.82000000;786;EXCHANGE_LAST;;1;1;XEUR;10804525;689;
24.09.2024;14:18:59.632;FGBM SI 20241206 PS;SIMPLE_INSTRUMENT;EFP_FIN;EUR;99;119.85000000;863;EXCHANGE_LAST;;1;1;XEUR;10804525;689;
24.09.2024;14:25:09.059;FGBM SI 20241206 PS;SIMPLE_INSTRUMENT;EFP_FIN;EUR;100;119.92000000;121;EXCHANGE_LAST;;1;1;XEUR;10804525;689;
24.09.2024;14:27:36.829;FGBM SI 20241206 PS;SIMPLE_INSTRUMENT;EFP_FIN;EUR;101;119.84000000;430;EXCHANGE_LAST;;1;1;XEUR;10804525;689;
24.09.2024;14:29:52.021;FGBM SI 20241206 PS;SIMPLE_INSTRUMENT;EFP_FIN;EUR;102;119.84000000;430;EXCHANGE_LAST;;1;1;XEUR;10804525;689;
24.09.2024;14:32:43.131;FGBM SI 20241206 PS;SIMPLE_INSTRUMENT;EFP_FIN;EUR;103;119.95000000;774;EXCHANGE_LAST;;1;1;XEUR;10804525;689;
24.09.2024;14:40:38.870;FGBM SI 20241206 PS;SIMPLE_INSTRUMENT;EFS;EUR;104;120.00000000;459;EXCHANGE_LAST;;1;1;XEUR;10804525;689;
24.09.2024;14:43:09.721;FGBM SI 20241206 PS;SIMPLE_INSTRUMENT;EFS;EUR;105;120.01000000;918;EXCHANGE_LAST;;1;1;XEUR;10804525;689;
24.09.2024;14:44:47.620;FGBM SI 20241206 PS;SIMPLE_INSTRUMENT;EFS;EUR;106;120.00000000;832;EXCHANGE_LAST;;1;1;XEUR;10804525;689;
24.09.2024;14:46:16.875;FGBM SI 20241206 PS;SIMPLE_INSTRUMENT;EFS;EUR;107;120.00000000;832;EXCHANGE_LAST;;1;1;XEUR;10804525;689;
24.09.2024;14:52:59.723;FGBM SI 20241206 PS;SIMPLE_INSTRUMENT;EFS;EUR;108;120.00000000;459;EXCHANGE_LAST;;1;1;XEUR;10804525;689;
24.09.2024;14:54:46.258;FGBM SI 20241206 PS;SIMPLE_INSTRUMENT;EFS;EUR;109;120.00000000;918;EXCHANGE_LAST;;1;1;XEUR;10804525;689;
24.09.2024;14:57:24.357;FGBM SI 20241206 PS;SIMPLE_INSTRUMENT;EFS;EUR;110;120.05000000;832;EXCHANGE_LAST;;1;1;XEUR;10804525;689;
24.09.2024;15:01:01.543;FGBM SI 20241206 PS;SIMPLE_INSTRUMENT;EFP_FIN;EUR;111;120.00000000;155;EXCHANGE_LAST;;1;1;XEUR;10804525;689;
24.09.2024;15:01:19.970;FGBM SI 20241206 PS;SIMPLE_INSTRUMENT;EFP_FIN;EUR;112;120.00000000;178;EXCHANGE_LAST;;1;1;XEUR;10804525;689;
24.09.2024;15:05:20.098;FGBM SI 20241206 PS;SIMPLE_INSTRUMENT;EFS;EUR;113;119.96000000;4300;EXCHANGE_LAST;;1;1;XEUR;10804525;689;
24.09.2024;15:20:27.211;FGBM SI 20241206 PS;SIMPLE_INSTRUMENT;EFS;EUR;114;120.11000000;832;EXCHANGE_LAST;;1;1;XEUR;10804525;689;
24.09.2024;15:23:57.848;FGBM SI 20241206 PS;SIMPLE_INSTRUMENT;EFP_FIN;EUR;115;120.00000000;354;EXCHANGE_LAST;;1;1;XEUR;10804525;689;
24.09.2024;15:27:01.108;FGBM SI 20241206 PS;SIMPLE_INSTRUMENT;EFP_FIN;EUR;116;120.05000000;71;EXCHANGE_LAST;;1;1;XEUR;10804525;689;
24.09.2024;15:35:06.591;FGBM SI 20241206 PS;SIMPLE_INSTRUMENT;EFP_FIN;EUR;117;120.09000000;397;EXCHANGE_LAST;;1;1;XEUR;10804525;689;
24.09.2024;15:38:51.921;FGBM SI 20241206 PS;SIMPLE_INSTRUMENT;EFS;EUR;118;120.08000000;920;EXCHANGE_LAST;;1;1;XEUR;10804525;689;
24.09.2024;15:46:48.428;FGBM SI 20241206 PS;SIMPLE_INSTRUMENT;EFS;EUR;119;120.06000000;460;EXCHANGE_LAST;;1;1;XEUR;10804525;689;
24.09.2024;15:50:45.933;FGBM SI 20241206 PS;SIMPLE_INSTRUMENT;EFS;EUR;120;120.03000000;918;EXCHANGE_LAST;;1;1;XEUR;10804525;689;
24.09.2024;15:59:41.221;FGBM SI 20241206 PS;SIMPLE_INSTRUMENT;EFP_FIN;EUR;121;120.05000000;209;EXCHANGE_LAST;;1;1;XEUR;10804525;689;
24.09.2024;15:56:08.461;FGBM SI 20241206 PS;SIMPLE_INSTRUMENT;EFP_FIN;EUR;122;120.05000000;126;EXCHANGE_LAST;;1;1;XEUR;10804525;689;
24.09.2024;15:56:22.824;FGBM SI 20241206 PS;SIMPLE_INSTRUMENT;EFS;EUR;123;120.03000000;825;EXCHANGE_LAST;;1;1;XEUR;10804525;689;
24.09.2024;15:57:23.633;FGBM SI 20241206 PS;SIMPLE_INSTRUMENT;EFP_FIN;EUR;124;120.04000000;354;EXCHANGE_LAST;;1;1;XEUR;10804525;689;
24.09.2024;16:05:20.607;FGBM SI 20241206 PS;SIMPLE_INSTRUMENT;EFS;EUR;125;120.03000000;412;EXCHANGE_LAST;;1;1;XEUR;10804525;689;
24.09.2024;16:10:11.977;FGBM SI 20241206 PS;SIMPLE_INSTRUMENT;BLOCK;EUR;126;120.01000000;6000;EXCHANGE_LAST;;1;1;XEUR;10804525;689;
24.09.2024;16:13:11.443;FGBM SI 20241206 PS;SIMPLE_INSTRUMENT;EFS;EUR;127;120.05000000;832;EXCHANGE_LAST;;1;1;XEUR;10804525;689;
24.09.2024;16:24:05.173;FGBM SI 20241206 PS;SIMPLE_INSTRUMENT;EFS;EUR;128;120.06000000;414;EXCHANGE_LAST;;1;1;XEUR;10804525;689;
24.09.2024;16:26:10.540;FGBM SI 20241206 PS;SIMPLE_INSTRUMENT;EFP_FIN;EUR;129;120.03000000;1770;EXCHANGE_LAST;;1;1;XEUR;10804525;689;
24.09.2024;16:29:06.550;FGBM SI 20241206 PS;SIMPLE_INSTRUMENT;EFP_FIN;EUR;130;120.00000000;2657;EXCHANGE_LAST;;1;1;XEUR;10804525;689;
24.09.2024;07:13:56.549;FGBS SI 20241206 PS;SIMPLE_INSTRUMENT;EFP_FIN;EUR;1;107.07000000;236;EXCHANGE_LAST;;1;1;XEUR;10804527;690;
24.09.2024;07:22:04.702;FGBS SI 20241206 PS;SIMPLE_INSTRUMENT;EFP_FIN;EUR;3;107.05000000;236;EXCHANGE_LAST;;1;1;XEUR;10804527;690;
24.09.2024;07:23:20.322;FGBS SI 20241206 PS;SIMPLE_INSTRUMENT;EFP_FIN;EUR;4;107.07000000;236;EXCHANGE_LAST;;1;1;XEUR;10804527;690;
24.09.2024;07:25:29.732;FGBS SI 20241206 PS;SIMPLE_INSTRUMENT;EFP_FIN;EUR;5;107.05000000;284;EXCHANGE_LAST;;1;1;XEUR;10804527;690;
24.09.2024;07:36:51.548;FGBS SI 20241206 PS;SIMPLE_INSTRUMENT;EFP_FIN;EUR;6;107.07500000;236;EXCHANGE_LAST;;1;1;XEUR;10804527;690;
24.09.2024;07:38:38.536;FGBS SI 20241206 PS;SIMPLE_INSTRUMENT;EFP_FIN;EUR;7;107.08000000;473;EXCHANGE_LAST;;1;1;XEUR;10804527;690;
24.09.2024;07:51:36.095;FGBS SI 20241206 PS;SIMPLE_INSTRUMENT;EFP_FIN;EUR;9;107.07000000;236;EXCHANGE_LAST;;1;1;XEUR;10804527;690;
24.09.2024;07:51:54.029;FGBS SI 20241206 PS;SIMPLE_INSTRUMENT;EFS;EUR;10;107.06000000;1626;EXCHANGE_LAST;;1;1;XEUR;10804527;690;
24.09.2024;07:55:24.186;FGBS SI 20241206 PS;SIMPLE_INSTRUMENT;EFS;EUR;11;107.08000000;2709;EXCHANGE_LAST;;1;1;XEUR;10804527;690;
24.09.2024;08:06:12.223;FGBS SI 20241206 PS;SIMPLE_INSTRUMENT;EFS;EUR;12;107.07000000;1626;EXCHANGE_LAST;;1;1;XEUR;10804527;690;
24.09.2024;08:05:46.075;FGBS SI 20241206 PS;SIMPLE_INSTRUMENT;EFP_FIN;EUR;13;107.06000000;1892;EXCHANGE_LAST;;1;1;XEUR;10804527;690;
24.09.2024;08:09:35.445;FGBS SI 20241206 PS;SIMPLE_INSTRUMENT;EFP_FIN;EUR;14;107.07000000;236;EXCHANGE_LAST;;1;1;XEUR;10804527;690;
24.09.2024;08:09:40.200;FGBS SI 20241206 PS;SIMPLE_INSTRUMENT;EFP_FIN;EUR;15;107.07000000;236;EXCHANGE_LAST;;1;1;XEUR;10804527;690;
24.09.2024;08:14:22.657;FGBS SI 20241206 PS;SIMPLE_INSTRUMENT;EFP_FIN;EUR;16;107.07500000;236;EXCHANGE_LAST;;1;1;XEUR;10804527;690;
24.09.2024;08:14:29.302;FGBS SI 20241206 PS;SIMPLE_INSTRUMENT;EFP_FIN;EUR;17;107.08000000;473;EXCHANGE_LAST;;1;1;XEUR;10804527;690;
24.09.2024;08:14:34.826;FGBS SI 20241206 PS;SIMPLE_INSTRUMENT;EFP_FIN;EUR;18;107.08000000;473;EXCHANGE_LAST;;1;1;XEUR;10804527;690;
24.09.2024;08:15:01.683;FGBS SI 20241206 PS;SIMPLE_INSTRUMENT;EFS;EUR;19;107.07000000;2709;EXCHANGE_LAST;;1;1;XEUR;10804527;690;
24.09.2024;08:15:52.741;FGBS SI 20241206 PS;SIMPLE_INSTRUMENT;EFP_FIN;EUR;20;107.08000000;273;EXCHANGE_LAST;;1;1;XEUR;10804527;690;
24.09.2024;08:29:30.024;FGBS SI 20241206 PS;SIMPLE_INSTRUMENT;EFP_FIN;EUR;23;107.06000000;709;EXCHANGE_LAST;;1;1;XEUR;10804527;690;
24.09.2024;08:34:20.471;FGBS SI 20241206 PS;SIMPLE_INSTRUMENT;EFP_FIN;EUR;24;107.06000000;709;EXCHANGE_LAST;;1;1;XEUR;10804527;690;
24.09.2024;08:34:25.338;FGBS SI 20241206 PS;SIMPLE_INSTRUMENT;BLOCK;EUR;25;107.05500000;4063;EXCHANGE_LAST;;1;1;XEUR;10804527;690;
24.09.2024;08:38:10.090;FGBS SI 20241206 PS;SIMPLE_INSTRUMENT;EFS;EUR;26;107.05000000;4065;EXCHANGE_LAST;;1;1;XEUR;10804527;690;
24.09.2024;08:42:47.182;FGBS SI 20241206 PS;SIMPLE_INSTRUMENT;EFP_FIN;EUR;27;107.03000000;362;EXCHANGE_LAST;;1;1;XEUR;10804527;690;
24.09.2024;08:52:03.972;FGBS SI 20241206 PS;SIMPLE_INSTRUMENT;EFP_FIN;EUR;28;107.04000000;280;EXCHANGE_LAST;;1;1;XEUR;10804527;690;
24.09.2024;09:03:59.414;FGBS SI 20241206 PS;SIMPLE_INSTRUMENT;EFP_FIN;EUR;29;107.04000000;234;EXCHANGE_LAST;;1;1;XEUR;10804527;690;
24.09.2024;08:53:35.897;FGBS SI 20241206 PS;SIMPLE_INSTRUMENT;EFP_FIN;EUR;30;107.03000000;207;EXCHANGE_LAST;;1;1;XEUR;10804527;690;
24.09.2024;08:53:49.310;FGBS SI 20241206 PS;SIMPLE_INSTRUMENT;EFP_FIN;EUR;31;107.03000000;207;EXCHANGE_LAST;;1;1;XEUR;10804527;690;
24.09.2024;08:55:05.771;FGBS SI 20241206 PS;SIMPLE_INSTRUMENT;EFP_FIN;EUR;32;107.03000000;116;EXCHANGE_LAST;;1;1;XEUR;10804527;690;
24.09.2024;09:01:10.404;FGBS SI 20241206 PS;SIMPLE_INSTRUMENT;EFS;EUR;33;107.04000000;1214;EXCHANGE_LAST;;1;1;XEUR;10804527;690;
24.09.2024;09:05:22.950;FGBS SI 20241206 PS;SIMPLE_INSTRUMENT;BLOCK;EUR;34;107.04000000;5421;EXCHANGE_LAST;;1;1;XEUR;10804527;690;
24.09.2024;09:18:07.381;FGBS SI 20241206 PS;SIMPLE_INSTRUMENT;EFP_FIN;EUR;35;107.04000000;1419;EXCHANGE_LAST;;1;1;XEUR;10804527;690;
24.09.2024;09:23:01.656;FGBS SI 20241206 PS;SIMPLE_INSTRUMENT;EFP_FIN;EUR;36;107.03000000;236;EXCHANGE_LAST;;1;1;XEUR;10804527;690;
24.09.2024;09:24:30.473;FGBS SI 20241206 PS;SIMPLE_INSTRUMENT;EFP_FIN;EUR;37;107.03000000;236;EXCHANGE_LAST;;1;1;XEUR;10804527;690;
24.09.2024;09:56:40.877;FGBS SI 20241206 PS;SIMPLE_INSTRUMENT;EFP_FIN;EUR;38;107.08000000;473;EXCHANGE_LAST;;1;1;XEUR;10804527;690;
24.09.2024;09:52:58.222;FGBS SI 20241206 PS;SIMPLE_INSTRUMENT;EFP_FIN;EUR;39;107.06500000;473;EXCHANGE_LAST;;1;1;XEUR;10804527;690;
24.09.2024;09:54:46.110;FGBS SI 20241206 PS;SIMPLE_INSTRUMENT;EFP_FIN;EUR;40;107.06500000;473;EXCHANGE_LAST;;1;1;XEUR;10804527;690;
24.09.2024;09:56:18.083;FGBS SI 20241206 PS;SIMPLE_INSTRUMENT;EFP_FIN;EUR;41;107.07000000;353;EXCHANGE_LAST;;1;1;XEUR;10804527;690;
24.09.2024;09:55:50.388;FGBS SI 20241206 PS;SIMPLE_INSTRUMENT;EFP_FIN;EUR;42;107.07000000;357;EXCHANGE_LAST;;1;1;XEUR;10804527;690;
24.09.2024;09:57:00.115;FGBS SI 20241206 PS;SIMPLE_INSTRUMENT;EFP_FIN;EUR;43;107.07000000;353;EXCHANGE_LAST;;1;1;XEUR;10804527;690;
24.09.2024;10:03:16.937;FGBS SI 20241206 PS;SIMPLE_INSTRUMENT;EFS;EUR;44;107.07000000;4064;EXCHANGE_LAST;;1;1;XEUR;10804527;690;
24.09.2024;10:07:47.650;FGBS SI 20241206 PS;SIMPLE_INSTRUMENT;EFS;EUR;45;107.07000000;2709;EXCHANGE_LAST;;1;1;XEUR;10804527;690;
24.09.2024;10:14:13.160;FGBS SI 20241206 PS;SIMPLE_INSTRUMENT;BLOCK;EUR;46;107.07500000;8801;EXCHANGE_LAST;;1;1;XEUR;10804527;690;
24.09.2024;10:17:27.401;FGBS SI 20241206 PS;SIMPLE_INSTRUMENT;EFP_FIN;EUR;47;107.07000000;1222;EXCHANGE_LAST;;1;1;XEUR;10804527;690;
24.09.2024;10:33:47.264;FGBS SI 20241206 PS;SIMPLE_INSTRUMENT;EFP_FIN;EUR;48;107.05500000;830;EXCHANGE_LAST;;1;1;XEUR;10804527;690;
24.09.2024;10:38:18.054;FGBS SI 20241206 PS;SIMPLE_INSTRUMENT;EFP_FIN;EUR;49;107.06000000;472;EXCHANGE_LAST;;1;1;XEUR;10804527;690;
24.09.2024;10:43:42.274;FGBS SI 20241206 PS;SIMPLE_INSTRUMENT;EFP_FIN;EUR;50;107.05500000;95;EXCHANGE_LAST;;1;1;XEUR;10804527;690;
24.09.2024;10:44:40.798;FGBS SI 20241206 PS;SIMPLE_INSTRUMENT;EFP_FIN;EUR;51;107.05500000;142;EXCHANGE_LAST;;1;1;XEUR;10804527;690;
24.09.2024;10:44:56.990;FGBS SI 20241206 PS;SIMPLE_INSTRUMENT;EFP_FIN;EUR;52;107.05500000;236;EXCHANGE_LAST;;1;1;XEUR;10804527;690;
24.09.2024;10:46:32.772;FGBS SI 20241206 PS;SIMPLE_INSTRUMENT;EFP_FIN;EUR;53;107.08500000;141;EXCHANGE_LAST;;1;1;XEUR;10804527;690;
24.09.2024;10:59:25.123;FGBS SI 20241206 PS;SIMPLE_INSTRUMENT;EFS;EUR;54;107.11000000;4061;EXCHANGE_LAST;;1;1;XEUR;10804527;690;
24.09.2024;11:21:48.243;FGBS SI 20241206 PS;SIMPLE_INSTRUMENT;EFS;EUR;55;107.10000000;2439;EXCHANGE_LAST;;1;1;XEUR;10804527;690;
24.09.2024;11:47:38.639;FGBS SI 20241206 PS;SIMPLE_INSTRUMENT;EFP_FIN;EUR;56;107.08000000;284;EXCHANGE_LAST;;1;1;XEUR;10804527;690;
24.09.2024;12:05:25.872;FGBS SI 20241206 PS;SIMPLE_INSTRUMENT;EFP_FIN;EUR;57;107.07000000;602;EXCHANGE_LAST;;1;1;XEUR;10804527;690;
24.09.2024;12:23:22.432;FGBS SI 20241206 PS;SIMPLE_INSTRUMENT;EFP_FIN;EUR;58;107.08000000;830;EXCHANGE_LAST;;1;1;XEUR;10804527;690;
24.09.2024;12:47:04.400;FGBS SI 20241206 PS;SIMPLE_INSTRUMENT;EFS;EUR;59;107.08000000;2432;EXCHANGE_LAST;;1;1;XEUR;10804527;690;
24.09.2024;12:54:23.903;FGBS SI 20241206 PS;SIMPLE_INSTRUMENT;EFS;EUR;60;107.06500000;2167;EXCHANGE_LAST;;1;1;XEUR;10804527;690;
24.09.2024;13:15:49.252;FGBS SI 20241206 PS;SIMPLE_INSTRUMENT;EFP_FIN;EUR;61;107.06500000;1668;EXCHANGE_LAST;;1;1;XEUR;10804527;690;
24.09.2024;13:16:17.195;FGBS SI 20241206 PS;SIMPLE_INSTRUMENT;EFS;EUR;62;107.06500000;1355;EXCHANGE_LAST;;1;1;XEUR;10804527;690;
24.09.2024;13:17:52.244;FGBS SI 20241206 PS;SIMPLE_INSTRUMENT;EFS;EUR;63;107.08000000;4064;EXCHANGE_LAST;;1;1;XEUR;10804527;690;
24.09.2024;13:26:17.347;FGBS SI 20241206 PS;SIMPLE_INSTRUMENT;EFP_FIN;EUR;64;107.06500000;830;EXCHANGE_LAST;;1;1;XEUR;10804527;690;
24.09.2024;13:27:24.001;FGBS SI 20241206 PS;SIMPLE_INSTRUMENT;EFS;EUR;65;107.08000000;870;EXCHANGE_LAST;;1;1;XEUR;10804527;690;
24.09.2024;13:30:51.462;FGBS SI 20241206 PS;SIMPLE_INSTRUMENT;EFP_FIN;EUR;66;107.09000000;603;EXCHANGE_LAST;;1;1;XEUR;10804527;690;
24.09.2024;13:38:50.297;FGBS SI 20241206 PS;SIMPLE_INSTRUMENT;EFS;EUR;67;107.10000000;2708;EXCHANGE_LAST;;1;1;XEUR;10804527;690;
24.09.2024;13:46:07.799;FGBS SI 20241206 PS;SIMPLE_INSTRUMENT;EFS;EUR;68;107.07000000;912;EXCHANGE_LAST;;1;1;XEUR;10804527;690;
24.09.2024;13:54:50.604;FGBS SI 20241206 PS;SIMPLE_INSTRUMENT;EFS;EUR;69;107.06000000;1217;EXCHANGE_LAST;;1;1;XEUR;10804527;690;
24.09.2024;13:54:58.605;FGBS SI 20241206 PS;SIMPLE_INSTRUMENT;EFS;EUR;70;107.06000000;1217;EXCHANGE_LAST;;1;1;XEUR;10804527;690;
24.09.2024;14:07:30.722;FGBS SI 20241206 PS;SIMPLE_INSTRUMENT;EFP_FIN;EUR;71;107.09500000;1669;EXCHANGE_LAST;;1;1;XEUR;10804527;690;
24.09.2024;14:10:56.096;FGBS SI 20241206 PS;SIMPLE_INSTRUMENT;EFS;EUR;72;107.12000000;2707;EXCHANGE_LAST;;1;1;XEUR;10804527;690;
24.09.2024;14:22:06.666;FGBS SI 20241206 PS;SIMPLE_INSTRUMENT;EFP_FIN;EUR;73;107.15000000;213;EXCHANGE_LAST;;1;1;XEUR;10804527;690;
24.09.2024;14:26:27.074;FGBS SI 20241206 PS;SIMPLE_INSTRUMENT;EFP_FIN;EUR;74;107.15000000;331;EXCHANGE_LAST;;1;1;XEUR;10804527;690;
24.09.2024;14:28:14.550;FGBS SI 20241206 PS;SIMPLE_INSTRUMENT;EFS;EUR;75;107.15500000;2706;EXCHANGE_LAST;;1;1;XEUR;10804527;690;
24.09.2024;14:31:15.717;FGBS SI 20241206 PS;SIMPLE_INSTRUMENT;EFS;EUR;76;107.16000000;2430;EXCHANGE_LAST;;1;1;XEUR;10804527;690;
24.09.2024;14:40:35.897;FGBS SI 20241206 PS;SIMPLE_INSTRUMENT;EFS;EUR;77;107.15000000;1624;EXCHANGE_LAST;;1;1;XEUR;10804527;690;
24.09.2024;14:55:09.762;FGBS SI 20241206 PS;SIMPLE_INSTRUMENT;EFS;EUR;78;107.15500000;1623;EXCHANGE_LAST;;1;1;XEUR;10804527;690;
24.09.2024;14:57:44.301;FGBS SI 20241206 PS;SIMPLE_INSTRUMENT;EFS;EUR;79;107.14500000;1353;EXCHANGE_LAST;;1;1;XEUR;10804527;690;
24.09.2024;15:24:33.255;FGBS SI 20241206 PS;SIMPLE_INSTRUMENT;EFS;EUR;80;107.18500000;2424;EXCHANGE_LAST;;1;1;XEUR;10804527;690;
24.09.2024;15:27:35.683;FGBS SI 20241206 PS;SIMPLE_INSTRUMENT;EFS;EUR;81;107.18000000;2705;EXCHANGE_LAST;;1;1;XEUR;10804527;690;
24.09.2024;15:37:34.136;FGBS SI 20241206 PS;SIMPLE_INSTRUMENT;EFS;EUR;82;107.18000000;2713;EXCHANGE_LAST;;1;1;XEUR;10804527;690;
24.09.2024;15:42:47.055;FGBS SI 20241206 PS;SIMPLE_INSTRUMENT;EFP_FIN;EUR;83;107.18000000;700;EXCHANGE_LAST;;1;1;XEUR;10804527;690;
24.09.2024;15:43:42.939;FGBS SI 20241206 PS;SIMPLE_INSTRUMENT;EFP_FIN;EUR;84;107.18000000;362;EXCHANGE_LAST;;1;1;XEUR;10804527;690;
24.09.2024;15:54:33.774;FGBS SI 20241206 PS;SIMPLE_INSTRUMENT;EFP_FIN;EUR;85;107.18000000;304;EXCHANGE_LAST;;1;1;XEUR;10804527;690;
24.09.2024;15:52:08.036;FGBS SI 20241206 PS;SIMPLE_INSTRUMENT;EFP_FIN;EUR;86;107.18000000;210;EXCHANGE_LAST;;1;1;XEUR;10804527;690;
24.09.2024;16:16:44.682;FGBS SI 20241206 PS;SIMPLE_INSTRUMENT;EFS;EUR;87;107.15500000;925;EXCHANGE_LAST;;1;1;XEUR;10804527;690;
24.09.2024;16:35:48.596;FGBS SI 20241206 PS;SIMPLE_INSTRUMENT;EFS;EUR;88;107.16000000;2430;EXCHANGE_LAST;;1;1;XEUR;10804527;690;
24.09.2024;09:14:17.364;FGBX SI 20241206 PS;SIMPLE_INSTRUMENT;EFS;EUR;6;134.32000000;322;EXCHANGE_LAST;;1;1;XEUR;10804526;691;
24.09.2024;09:53:46.181;FGBX SI 20241206 PS;SIMPLE_INSTRUMENT;EFS;EUR;9;134.34000000;64;EXCHANGE_LAST;;1;1;XEUR;10804526;691;
24.09.2024;10:05:16.266;FGBX SI 20241206 PS;SIMPLE_INSTRUMENT;EFP_FIN;EUR;10;134.50000000;519;EXCHANGE_LAST;;1;1;XEUR;10804526;691;
24.09.2024;10:34:53.409;FGBX SI 20241206 PS;SIMPLE_INSTRUMENT;EFP_FIN;EUR;13;134.34000000;365;EXCHANGE_LAST;;1;1;XEUR;10804526;691;
24.09.2024;10:36:55.788;FGBX SI 20241206 PS;SIMPLE_INSTRUMENT;BLOCK;EUR;14;134.64000000;323;EXCHANGE_LAST;;1;1;XEUR;10804526;691;
24.09.2024;10:43:43.272;FGBX SI 20241206 PS;SIMPLE_INSTRUMENT;EFP_FIN;EUR;16;134.62000000;320;EXCHANGE_LAST;;1;1;XEUR;10804526;691;
24.09.2024;11:03:03.503;FGBX SI 20241206 PS;SIMPLE_INSTRUMENT;EFS;EUR;18;135.04000000;320;EXCHANGE_LAST;;1;1;XEUR;10804526;691;
24.09.2024;11:49:20.684;FGBX SI 20241206 PS;SIMPLE_INSTRUMENT;EFP_FIN;EUR;21;134.48000000;435;EXCHANGE_LAST;;1;1;XEUR;10804526;691;
24.09.2024;12:00:50.315;FGBX SI 20241206 PS;SIMPLE_INSTRUMENT;EFP_FIN;EUR;23;134.54000000;185;EXCHANGE_LAST;;1;1;XEUR;10804526;691;
24.09.2024;12:26:28.710;FGBX SI 20241206 PS;SIMPLE_INSTRUMENT;EFP_FIN;EUR;24;134.80000000;164;EXCHANGE_LAST;;1;1;XEUR;10804526;691;
24.09.2024;14:18:27.900;FGBX SI 20241206 PS;SIMPLE_INSTRUMENT;EFS;EUR;27;135.50000000;89;EXCHANGE_LAST;;1;1;XEUR;10804526;691;
24.09.2024;14:24:41.173;FGBX SI 20241206 PS;SIMPLE_INSTRUMENT;EFP_FIN;EUR;28;135.12000000;185;EXCHANGE_LAST;;1;1;XEUR;10804526;691;
24.09.2024;15:20:27.185;FGBX SI 20241206 PS;SIMPLE_INSTRUMENT;EFS;EUR;29;136.10000000;63;EXCHANGE_LAST;;1;1;XEUR;10804526;691;
24.09.2024;17:01:21.024;FGBX SI 20241206 PS;SIMPLE_INSTRUMENT;EFP_FIN;EUR;31;134.46000000;300;EXCHANGE_LAST;;1;1;XEUR;10804526;691;
24.09.2024;11:29:34.286;FIA5.O.240924.STD.000001;STANDARD_OPTION_STRATEGY;BLOCK;EUR;14;2.91000000;3750;EXCHANGE_LAST;;3;2;XEUR;72264727425717679;48227;
24.09.2024;11:29:34.286;FIA5 SI 20250619 PS AM P 14.00 0;SIMPLE_INSTRUMENT;BLOCK;EUR;14;1.60000000;3750;PRC_DECOMP_MEMBER;;;;XEUR;9533228;48227;MEMBER
24.09.2024;11:29:34.286;FIA5 SI 20250619 PS AM C 14.00 0;SIMPLE_INSTRUMENT;BLOCK;EUR;14;1.31000000;3750;PRC_DECOMP_MEMBER;;;;XEUR;9533227;48227;MEMBER
24.09.2024;12:04:43.372;FIA5.O.240924.STD.000001;STANDARD_OPTION_STRATEGY;BLOCK;EUR;15;2.91000000;1500;EXCHANGE_LAST;;1;1;XEUR;72264727425717679;48227;
24.09.2024;12:04:43.372;FIA5 SI 20250619 PS AM P 14.00 0;SIMPLE_INSTRUMENT;BLOCK;EUR;15;1.60000000;1500;PRC_DECOMP_MEMBER;;;;XEUR;9533228;48227;MEMBER
24.09.2024;12:04:43.372;FIA5 SI 20250619 PS AM C 14.00 0;SIMPLE_INSTRUMENT;BLOCK;EUR;15;1.31000000;1500;PRC_DECOMP_MEMBER;;;;XEUR;9533227;48227;MEMBER
24.09.2024;04:45:18.955;FMAU SI 20241220 CS;SIMPLE_INSTRUMENT;BLOCK;USD;8;6148.97300000;116;EXCHANGE_LAST;;1;1;XEUR;7192605;45287;
24.09.2024;04:20:51.665;FMEA SI 20241220 CS;SIMPLE_INSTRUMENT;BLOCK;USD;5;704.71000000;1000;EXCHANGE_LAST;;1;1;XEUR;7191938;12395;
24.09.2024;07:15:33.227;FMEA SI 20241220 CS;SIMPLE_INSTRUMENT;BLOCK;USD;26;704.71000000;572;EXCHANGE_LAST;;1;1;XEUR;7191938;12395;
24.09.2024;07:41:20.743;FMEA SI 20241220 CS;SIMPLE_INSTRUMENT;BLOCK;USD;32;704.71000000;12208;EXCHANGE_LAST;;1;1;XEUR;7191938;12395;
24.09.2024;08:03:20.325;FMEF SI 20241220 CS;SIMPLE_INSTRUMENT;BLOCK;USD;35;1143.00000000;58;EXCHANGE_LAST;;1;1;XEUR;7192304;30657;
24.09.2024;08:58:36.693;FMEF SI 20241220 CS;SIMPLE_INSTRUMENT;VOLA;USD;603979786;1144.00000000;115;EXCHANGE_LAST;;1;1;XEUR;7192304;30657;
24.09.2024;06:39:11.291;FMEL SI 20241220 CS;SIMPLE_INSTRUMENT;BLOCK;USD;16;560.69400000;180;EXCHANGE_LAST;;1;1;XEUR;7191942;12397;
24.09.2024;07:14:26.637;FMEL SI 20241220 CS;SIMPLE_INSTRUMENT;BLOCK;USD;25;560.69400000;270;EXCHANGE_LAST;;1;1;XEUR;7191942;12397;
24.09.2024;07:51:45.905;FMEL SI 20241220 CS;SIMPLE_INSTRUMENT;BLOCK;USD;33;560.69400000;125;EXCHANGE_LAST;;1;1;XEUR;7191942;12397;
24.09.2024;08:53:13.737;FMEL SI 20241220 CS;SIMPLE_INSTRUMENT;BLOCK;USD;38;560.69400000;100;EXCHANGE_LAST;;1;1;XEUR;7191942;12397;
24.09.2024;06:47:25.197;FMEN SI 20241220 CS;SIMPLE_INSTRUMENT;EFP_IDX;EUR;20;504.91600000;272;EXCHANGE_LAST;;1;1;XEUR;7192297;30652;
24.09.2024;07:36:46.540;FMGM SI 20241220 CS;SIMPLE_INSTRUMENT;EFP_IDX;USD;31;4697.72000000;580;EXCHANGE_LAST;;1;1;XEUR;8609377;583626;
24.09.2024;06:07:24.655;FMGO SI 20241220 CS;SIMPLE_INSTRUMENT;EFP_IDX;USD;10;5348.15000000;102;EXCHANGE_LAST;;1;1;XEUR;8609363;583623;
24.09.2024;07:26:45.583;FMGO SI 20241220 CS;SIMPLE_INSTRUMENT;BLOCK;USD;28;5341.65000000;889;EXCHANGE_LAST;;1;1;XEUR;8609363;583623;
24.09.2024;06:09:45.745;FMGQ SI 20241220 CS;SIMPLE_INSTRUMENT;EFP_IDX;USD;11;5123.12000000;66;EXCHANGE_LAST;;1;1;XEUR;8609380;583625;
24.09.2024;07:24:39.167;FMGQ SI 20241220 CS;SIMPLE_INSTRUMENT;EFP_IDX;USD;27;5121.17000000;797;EXCHANGE_LAST;;1;1;XEUR;8609380;583625;
24.09.2024;02:03:37.755;FMHK SI 20241220 CS;SIMPLE_INSTRUMENT;BLOCK;USD;1;57627.00000000;85;EXCHANGE_LAST;;1;1;XEUR;7192592;45282;
24.09.2024;02:06:05.956;FMHK SI 20241220 CS;SIMPLE_INSTRUMENT;BLOCK;USD;2;57450.00000000;85;EXCHANGE_LAST;;1;1;XEUR;7192592;45282;
24.09.2024;02:40:04.263;FMHK SI 20241220 CS;SIMPLE_INSTRUMENT;BLOCK;USD;4;56257.25400000;202;EXCHANGE_LAST;;2;2;XEUR;7192592;45282;
24.09.2024;02:29:05.743;FMIN SI 20241220 CS;SIMPLE_INSTRUMENT;BLOCK;USD;3;1434.51400000;26;EXCHANGE_LAST;;1;1;XEUR;7191968;12404;
24.09.2024;04:21:15.449;FMIN SI 20241220 CS;SIMPLE_INSTRUMENT;BLOCK;USD;6;1433.80500000;24;EXCHANGE_LAST;;1;1;XEUR;7191968;12404;
24.09.2024;04:21:27.312;FMIN SI 20241220 CS;SIMPLE_INSTRUMENT;BLOCK;USD;7;1434.51400000;140;EXCHANGE_LAST;;1;1;XEUR;7191968;12404;
24.09.2024;07:11:54.333;FMIN SI 20241220 CS;SIMPLE_INSTRUMENT;BLOCK;USD;24;1434.51400000;14;EXCHANGE_LAST;;1;1;XEUR;7191968;12404;
24.09.2024;06:05:11.565;FMOG SI 20241220 CS;SIMPLE_INSTRUMENT;EFP_IDX;USD;9;11424.58000000;60;EXCHANGE_LAST;;1;1;XEUR;7193554;51877;
24.09.2024;07:27:13.719;FMOG SI 20241220 CS;SIMPLE_INSTRUMENT;BLOCK;USD;29;11420.44000000;300;EXCHANGE_LAST;;1;1;XEUR;7193554;51877;
24.09.2024;07:08:51.226;FMQA SI 20241220 CS;SIMPLE_INSTRUMENT;EFP_IDX;USD;1;1680.68300000;72;EXCHANGE_LAST;;1;1;XEUR;7192604;45285;
24.09.2024;07:54:11.440;FMSA SI 20241220 CS;SIMPLE_INSTRUMENT;BLOCK;USD;34;1825.00000000;145;EXCHANGE_LAST;;1;1;XEUR;7194630;134861;
24.09.2024;06:43:51.686;FMSC SI 20241220 CS;SIMPLE_INSTRUMENT;BLOCK;USD;18;727.19500000;227;EXCHANGE_LAST;;1;1;XEUR;7194781;221303;
24.09.2024;06:44:54.173;FMSM SI 20241220 CS;SIMPLE_INSTRUMENT;BLOCK;USD;19;1707.53000000;490;EXCHANGE_LAST;;1;1;XEUR;7194745;208342;
24.09.2024;07:58:24.710;FMTW SI 20241220 CS;SIMPLE_INSTRUMENT;BLOCK;USD;2;807.92000000;20;EXCHANGE_LAST;;1;1;XEUR;7193559;51884;
24.09.2024;06:39:23.635;FMWN SI 20241220 CS;SIMPLE_INSTRUMENT;BLOCK;EUR;17;540.64700000;1711;EXCHANGE_LAST;;1;1;XEUR;7192300;30654;
24.09.2024;12:56:45.075;FMWN SI 20241220 CS;SIMPLE_INSTRUMENT;BLOCK;EUR;40;540.85000000;1080;EXCHANGE_LAST;;1;1;XEUR;7192300;30654;
24.09.2024;06:10:09.500;FMWO SI 20241220 CS;SIMPLE_INSTRUMENT;EFP_IDX;USD;12;11782.89000000;33;EXCHANGE_LAST;;1;1;XEUR;7191849;7059;
24.09.2024;06:16:04.843;FMWO SI 20241220 CS;SIMPLE_INSTRUMENT;EFP_IDX;USD;13;11786.19000000;1528;EXCHANGE_LAST;;1;1;XEUR;7191849;7059;
24.09.2024;06:37:34.614;FMWO SI 20241220 CS;SIMPLE_INSTRUMENT;BLOCK;USD;14;11778.00000000;1003;EXCHANGE_LAST;;1;1;XEUR;7191849;7059;
24.09.2024;06:37:37.909;FMWO SI 20241220 CS;SIMPLE_INSTRUMENT;BLOCK;USD;15;11780.00000000;804;EXCHANGE_LAST;;1;1;XEUR;7191849;7059;
24.09.2024;06:54:59.553;FMWO SI 20241220 CS;SIMPLE_INSTRUMENT;EFP_IDX;USD;21;11785.79000000;60;EXCHANGE_LAST;;1;1;XEUR;7191849;7059;
24.09.2024;07:28:17.234;FMWO SI 20241220 CS;SIMPLE_INSTRUMENT;EFP_IDX;USD;30;11785.79000000;107;EXCHANGE_LAST;;1;1;XEUR;7191849;7059;
24.09.2024;09:31:43.160;FMWO SI 20241220 CS;SIMPLE_INSTRUMENT;BLOCK;USD;39;11814.50000000;663;EXCHANGE_LAST;;1;1;XEUR;7191849;7059;
24.09.2024;13:18:49.978;FMWO SI 20241220 CS;SIMPLE_INSTRUMENT;BLOCK;USD;41;11815.00000000;497;EXCHANGE_LAST;;1;1;XEUR;7191849;7059;
24.09.2024;07:08:31.819;FMWZ SI 20241220 CS;SIMPLE_INSTRUMENT;EFP_IDX;USD;22;1415.02000000;117;EXCHANGE_LAST;;1;1;XEUR;9508164;674556;
24.09.2024;07:08:44.820;FMWZ SI 20241220 CS;SIMPLE_INSTRUMENT;EFP_IDX;USD;23;1415.02800000;2224;EXCHANGE_LAST;;1;1;XEUR;9508164;674556;
24.09.2024;08:13:20.184;FOAT SI 20241206 PS;SIMPLE_INSTRUMENT;EFP_FIN;EUR;1;126.57000000;128;EXCHANGE_LAST;;1;1;XEUR;10804528;749;
24.09.2024;08:13:27.496;FOAT SI 20241206 PS;SIMPLE_INSTRUMENT;EFP_FIN;EUR;2;126.57000000;253;EXCHANGE_LAST;;1;1;XEUR;10804528;749;
24.09.2024;08:24:50.183;FOAT SI 20241206 PS;SIMPLE_INSTRUMENT;EFP_FIN;EUR;3;126.55000000;283;EXCHANGE_LAST;;1;1;XEUR;10804528;749;
24.09.2024;08:32:29.840;FOAT SI 20241206 PS;SIMPLE_INSTRUMENT;EFP_FIN;EUR;4;126.55000000;415;EXCHANGE_LAST;;1;1;XEUR;10804528;749;
24.09.2024;08:47:11.957;FOAT SI 20241206 PS;SIMPLE_INSTRUMENT;EFP_FIN;EUR;5;126.36000000;540;EXCHANGE_LAST;;1;1;XEUR;10804528;749;
24.09.2024;08:57:40.225;FOAT SI 20241206 PS;SIMPLE_INSTRUMENT;EFP_FIN;EUR;6;126.54000000;415;EXCHANGE_LAST;;1;1;XEUR;10804528;749;
24.09.2024;08:57:41.201;FOAT SI 20241206 PS;SIMPLE_INSTRUMENT;EFP_FIN;EUR;7;126.36000000;260;EXCHANGE_LAST;;1;1;XEUR;10804528;749;
24.09.2024;09:13:41.925;FOAT SI 20241206 PS;SIMPLE_INSTRUMENT;BLOCK;EUR;8;126.34000000;2076;EXCHANGE_LAST;;1;1;XEUR;10804528;749;
24.09.2024;09:22:12.379;FOAT SI 20241206 PS;SIMPLE_INSTRUMENT;EFP_FIN;EUR;9;126.52000000;109;EXCHANGE_LAST;;1;1;XEUR;10804528;749;
24.09.2024;09:27:17.120;FOAT SI 20241206 PS;SIMPLE_INSTRUMENT;EFP_FIN;EUR;10;126.37000000;983;EXCHANGE_LAST;;1;1;XEUR;10804528;749;
24.09.2024;09:31:44.320;FOAT SI 20241206 PS;SIMPLE_INSTRUMENT;EFP_FIN;EUR;11;126.54000000;415;EXCHANGE_LAST;;1;1;XEUR;10804528;749;
24.09.2024;09:33:29.716;FOAT SI 20241206 PS;SIMPLE_INSTRUMENT;EFP_FIN;EUR;12;126.35000000;1660;EXCHANGE_LAST;;1;1;XEUR;10804528;749;
24.09.2024;09:36:46.395;FOAT SI 20241206 PS;SIMPLE_INSTRUMENT;EFP_FIN;EUR;13;126.30000000;830;EXCHANGE_LAST;;1;1;XEUR;10804528;749;
24.09.2024;09:37:08.318;FOAT SI 20241206 PS;SIMPLE_INSTRUMENT;EFP_FIN;EUR;14;126.30000000;830;EXCHANGE_LAST;;1;1;XEUR;10804528;749;
24.09.2024;09:41:19.733;FOAT SI 20241206 PS;SIMPLE_INSTRUMENT;EFP_FIN;EUR;15;126.32000000;109;EXCHANGE_LAST;;1;1;XEUR;10804528;749;
24.09.2024;10:08:32.619;FOAT SI 20241206 PS;SIMPLE_INSTRUMENT;EFP_FIN;EUR;16;126.55000000;1050;EXCHANGE_LAST;;1;1;XEUR;10804528;749;
24.09.2024;10:14:15.441;FOAT SI 20241206 PS;SIMPLE_INSTRUMENT;EFP_FIN;EUR;17;126.39000000;437;EXCHANGE_LAST;;1;1;XEUR;10804528;749;
24.09.2024;10:15:47.581;FOAT SI 20241206 PS;SIMPLE_INSTRUMENT;EFS;EUR;19;126.34000000;390;EXCHANGE_LAST;;1;1;XEUR;10804528;749;
24.09.2024;10:33:30.496;FOAT SI 20241206 PS;SIMPLE_INSTRUMENT;EFP_FIN;EUR;20;126.38000000;415;EXCHANGE_LAST;;1;1;XEUR;10804528;749;
24.09.2024;10:35:17.210;FOAT SI 20241206 PS;SIMPLE_INSTRUMENT;EFP_FIN;EUR;21;126.31000000;415;EXCHANGE_LAST;;1;1;XEUR;10804528;749;
24.09.2024;10:47:15.064;FOAT SI 20241206 PS;SIMPLE_INSTRUMENT;EFP_FIN;EUR;22;126.54000000;352;EXCHANGE_LAST;;1;1;XEUR;10804528;749;
24.09.2024;11:06:45.821;FOAT SI 20241206 PS;SIMPLE_INSTRUMENT;EFP_FIN;EUR;23;126.40000000;770;EXCHANGE_LAST;;1;1;XEUR;10804528;749;
24.09.2024;10:52:47.352;FOAT SI 20241206 PS;SIMPLE_INSTRUMENT;EFP_FIN;EUR;24;126.55000000;228;EXCHANGE_LAST;;1;1;XEUR;10804528;749;
24.09.2024;10:53:40.020;FOAT SI 20241206 PS;SIMPLE_INSTRUMENT;EFP_FIN;EUR;25;126.40000000;263;EXCHANGE_LAST;;1;1;XEUR;10804528;749;
24.09.2024;10:55:20.149;FOAT SI 20241206 PS;SIMPLE_INSTRUMENT;EFP_FIN;EUR;26;126.54000000;353;EXCHANGE_LAST;;1;1;XEUR;10804528;749;
24.09.2024;11:12:46.458;FOAT SI 20241206 PS;SIMPLE_INSTRUMENT;EFP_FIN;EUR;27;126.55000000;149;EXCHANGE_LAST;;1;1;XEUR;10804528;749;
24.09.2024;11:47:27.623;FOAT SI 20241206 PS;SIMPLE_INSTRUMENT;EFP_FIN;EUR;28;126.60000000;516;EXCHANGE_LAST;;1;1;XEUR;10804528;749;
24.09.2024;11:53:27.722;FOAT SI 20241206 PS;SIMPLE_INSTRUMENT;EFP_FIN;EUR;29;126.62000000;256;EXCHANGE_LAST;;1;1;XEUR;10804528;749;
24.09.2024;12:46:48.876;FOAT SI 20241206 PS;SIMPLE_INSTRUMENT;EFS;EUR;30;126.55000000;155;EXCHANGE_LAST;;1;1;XEUR;10804528;749;
24.09.2024;12:51:12.476;FOAT SI 20241206 PS;SIMPLE_INSTRUMENT;EFP_FIN;EUR;31;126.51000000;179;EXCHANGE_LAST;;1;1;XEUR;10804528;749;
24.09.2024;12:51:18.800;FOAT SI 20241206 PS;SIMPLE_INSTRUMENT;EFP_FIN;EUR;32;126.61000000;149;EXCHANGE_LAST;;1;1;XEUR;10804528;749;
24.09.2024;12:53:00.236;FOAT SI 20241206 PS;SIMPLE_INSTRUMENT;EFP_FIN;EUR;33;126.56000000;100;EXCHANGE_LAST;;1;1;XEUR;10804528;749;
24.09.2024;13:17:36.694;FOAT SI 20241206 PS;SIMPLE_INSTRUMENT;EFP_FIN;EUR;34;126.56000000;415;EXCHANGE_LAST;;1;1;XEUR;10804528;749;
24.09.2024;14:05:30.867;FOAT SI 20241206 PS;SIMPLE_INSTRUMENT;EFP_FIN;EUR;35;126.62000000;332;EXCHANGE_LAST;;1;1;XEUR;10804528;749;
24.09.2024;14:14:45.601;FOAT SI 20241206 PS;SIMPLE_INSTRUMENT;EFP_FIN;EUR;36;126.55000000;913;EXCHANGE_LAST;;1;1;XEUR;10804528;749;
24.09.2024;14:33:55.755;FOAT SI 20241206 PS;SIMPLE_INSTRUMENT;EFS;EUR;37;126.90000000;922;EXCHANGE_LAST;;1;1;XEUR;10804528;749;
24.09.2024;14:38:04.809;FOAT SI 20241206 PS;SIMPLE_INSTRUMENT;EFP_FIN;EUR;38;126.60000000;856;EXCHANGE_LAST;;1;1;XEUR;10804528;749;
24.09.2024;15:09:41.688;FOAT SI 20241206 PS;SIMPLE_INSTRUMENT;EFP_FIN;EUR;39;126.62000000;170;EXCHANGE_LAST;;1;1;XEUR;10804528;749;
24.09.2024;15:11:05.342;FOAT SI 20241206 PS;SIMPLE_INSTRUMENT;EFS;EUR;40;126.92000000;1029;EXCHANGE_LAST;;1;1;XEUR;10804528;749;
24.09.2024;15:23:16.446;FOAT SI 20241206 PS;SIMPLE_INSTRUMENT;EFP_FIN;EUR;41;126.82000000;750;EXCHANGE_LAST;;1;1;XEUR;10804528;749;
24.09.2024;15:23:59.001;FOAT SI 20241206 PS;SIMPLE_INSTRUMENT;EFP_FIN;EUR;42;126.82000000;200;EXCHANGE_LAST;;1;1;XEUR;10804528;749;
24.09.2024;15:20:02.148;FOAT SI 20241206 PS;SIMPLE_INSTRUMENT;EFS;EUR;43;127.05000000;691;EXCHANGE_LAST;;1;1;XEUR;10804528;749;
24.09.2024;15:34:41.996;FOAT SI 20241206 PS;SIMPLE_INSTRUMENT;EFP_FIN;EUR;44;127.04000000;930;EXCHANGE_LAST;;1;1;XEUR;10804528;749;
24.09.2024;16:02:02.564;FOAT SI 20241206 PS;SIMPLE_INSTRUMENT;EFP_FIN;EUR;45;127.01000000;1500;EXCHANGE_LAST;;1;1;XEUR;10804528;749;
24.09.2024;10:23:24.203;FOTH SI 20241220 CS;SIMPLE_INSTRUMENT;BLOCK;EUR;18;13.90830000;10000;EXCHANGE_LAST;;1;1;XEUR;7049622;46929;
24.09.2024;15:52:19.414;FSCP SI 20241220 CS;SIMPLE_INSTRUMENT;BLOCK;EUR;62;345.00000000;102;EXCHANGE_LAST;;1;1;XEUR;10840104;764;
24.09.2024;15:52:23.190;FSCP SI 20241220 CS;SIMPLE_INSTRUMENT;BLOCK;EUR;63;344.00000000;173;EXCHANGE_LAST;;1;1;XEUR;10840104;764;
24.09.2024;16:38:44.175;FSCP SI 20241220 CS;SIMPLE_INSTRUMENT;BLOCK;EUR;65;344.10000000;470;EXCHANGE_LAST;;1;1;XEUR;10840104;764;
24.09.2024;16:39:17.324;FSCP SI 20241220 CS;SIMPLE_INSTRUMENT;BLOCK;EUR;66;344.20000000;117;EXCHANGE_LAST;;1;1;XEUR;10840104;764;
24.09.2024;15:48:46.774;FSEG SI 20241220 CS;SIMPLE_INSTRUMENT;EFP_IDX;EUR;60;194.50000000;95;EXCHANGE_LAST;;1;1;XEUR;10871764;109977;
24.09.2024;15:49:12.341;FSEG SI 20241220 CS;SIMPLE_INSTRUMENT;EFP_IDX;EUR;61;194.60000000;41;EXCHANGE_LAST;;1;1;XEUR;10871764;109977;
24.09.2024;09:21:16.695;FSMI SI 20241220 CS;SIMPLE_INSTRUMENT;EFP_IDX;CHF;1;12080.00000000;200;EXCHANGE_LAST;;1;1;XEUR;7793735;757;
24.09.2024;09:45:19.671;FSMI SI 20241220 CS;SIMPLE_INSTRUMENT;EFP_IDX;CHF;2;12075.00000000;200;EXCHANGE_LAST;;1;1;XEUR;7793735;757;
24.09.2024;09:58:44.771;FSMI SI 20241220 CS;SIMPLE_INSTRUMENT;EFP_IDX;CHF;3;12090.00000000;225;EXCHANGE_LAST;;1;1;XEUR;7793735;757;
24.09.2024;10:06:54.255;FSMI SI 20241220 CS;SIMPLE_INSTRUMENT;BLOCK;CHF;4;12085.00000000;500;EXCHANGE_LAST;;1;1;XEUR;7793735;757;
24.09.2024;10:20:31.825;FSMI SI 20241220 CS;SIMPLE_INSTRUMENT;BLOCK;CHF;5;12085.00000000;500;EXCHANGE_LAST;;1;1;XEUR;7793735;757;
24.09.2024;11:05:51.635;FSMI SI 20241220 CS;SIMPLE_INSTRUMENT;BLOCK;CHF;6;12080.00000000;500;EXCHANGE_LAST;;1;1;XEUR;7793735;757;
24.09.2024;11:00:13.884;FSMI SI 20241220 CS;SIMPLE_INSTRUMENT;VOLA;CHF;603979803;12080.00000000;200;EXCHANGE_LAST;;1;1;XEUR;7793735;757;
24.09.2024;11:02:26.253;FSMI SI 20241220 CS;SIMPLE_INSTRUMENT;VOLA;CHF;603979804;12080.00000000;297;EXCHANGE_LAST;;1;1;XEUR;7793735;757;
24.09.2024;12:26:43.688;FSMI SI 20241220 CS;SIMPLE_INSTRUMENT;VOLA;CHF;603979818;12050.00000000;336;EXCHANGE_LAST;;1;1;XEUR;7793735;757;
24.09.2024;14:04:55.054;FSMI SI 20241220 CS;SIMPLE_INSTRUMENT;VOLA;CHF;603979827;12060.00000000;85;EXCHANGE_LAST;;1;1;XEUR;7793735;757;
24.09.2024;15:46:18.071;FSTA SI 20241220 CS;SIMPLE_INSTRUMENT;EFP_IDX;EUR;12;582.30000000;21;EXCHANGE_LAST;;1;1;XEUR;10839562;715;
24.09.2024;15:46:31.407;FSTA SI 20241220 CS;SIMPLE_INSTRUMENT;EFP_IDX;EUR;13;582.20000000;49;EXCHANGE_LAST;;1;1;XEUR;10839562;715;
24.09.2024;15:49:01.722;FSTA SI 20241220 CS;SIMPLE_INSTRUMENT;BLOCK;EUR;14;582.50000000;1375;EXCHANGE_LAST;;1;1;XEUR;10839562;715;
24.09.2024;15:49:02.607;FSTA SI 20241220 CS;SIMPLE_INSTRUMENT;BLOCK;EUR;15;582.60000000;1171;EXCHANGE_LAST;;1;1;XEUR;10839562;715;
24.09.2024;14:52:40.915;FSTE SI 20241220 CS;SIMPLE_INSTRUMENT;BLOCK;EUR;6;349.30000000;290;EXCHANGE_LAST;;1;1;XEUR;10839564;719;
24.09.2024;15:50:14.346;FSTE SI 20241220 CS;SIMPLE_INSTRUMENT;EFP_IDX;EUR;16;347.80000000;178;EXCHANGE_LAST;;1;1;XEUR;10839564;719;
24.09.2024;15:50:41.505;FSTE SI 20241220 CS;SIMPLE_INSTRUMENT;EFP_IDX;EUR;17;347.90000000;267;EXCHANGE_LAST;;1;1;XEUR;10839564;719;
24.09.2024;16:35:15.888;FSTH SI 20241220 CS;SIMPLE_INSTRUMENT;BLOCK;EUR;22;1218.60000000;2246;EXCHANGE_LAST;;1;1;XEUR;10839563;716;
24.09.2024;16:35:55.198;FSTH SI 20241220 CS;SIMPLE_INSTRUMENT;BLOCK;EUR;23;1218.70000000;250;EXCHANGE_LAST;;1;1;XEUR;10839563;716;
24.09.2024;11:01:59.084;FSTL SI 20241220 CS;SIMPLE_INSTRUMENT;BLOCK;EUR;28;142.30000000;287;EXCHANGE_LAST;;1;1;XEUR;10839554;706;
24.09.2024;11:02:13.739;FSTL SI 20241220 CS;SIMPLE_INSTRUMENT;BLOCK;EUR;29;142.40000000;268;EXCHANGE_LAST;;1;1;XEUR;10839554;706;
24.09.2024;16:05:56.789;FSTO SI 20241220 CS;SIMPLE_INSTRUMENT;BLOCK;EUR;20;696.50000000;1159;EXCHANGE_LAST;;1;1;XEUR;10839558;711;
24.09.2024;16:05:59.152;FSTO SI 20241220 CS;SIMPLE_INSTRUMENT;BLOCK;EUR;21;696.40000000;496;EXCHANGE_LAST;;1;1;XEUR;10839558;711;
24.09.2024;16:42:41.485;FSTO SI 20241220 CS;SIMPLE_INSTRUMENT;BLOCK;EUR;24;696.90000000;1006;EXCHANGE_LAST;;1;1;XEUR;10839558;711;
24.09.2024;16:43:36.159;FSTO SI 20241220 CS;SIMPLE_INSTRUMENT;BLOCK;EUR;25;697.00000000;1510;EXCHANGE_LAST;;1;1;XEUR;10839558;711;
24.09.2024;13:31:41.624;FSTS SI 20241220 CS;SIMPLE_INSTRUMENT;BLOCK;EUR;3;556.00000000;300;EXCHANGE_LAST;;1;1;XEUR;10839557;709;
24.09.2024;13:49:57.386;FSTS SI 20241220 CS;SIMPLE_INSTRUMENT;BLOCK;EUR;4;555.70000000;595;EXCHANGE_LAST;;1;1;XEUR;10839557;709;
24.09.2024;13:50:20.520;FSTS SI 20241220 CS;SIMPLE_INSTRUMENT;BLOCK;EUR;5;557.10000000;377;EXCHANGE_LAST;;1;1;XEUR;10839557;709;
24.09.2024;15:43:09.272;FSTS SI 20241220 CS;SIMPLE_INSTRUMENT;EFP_IDX;EUR;8;555.50000000;90;EXCHANGE_LAST;;1;1;XEUR;10839557;709;
24.09.2024;15:43:25.704;FSTS SI 20241220 CS;SIMPLE_INSTRUMENT;EFP_IDX;EUR;9;555.30000000;110;EXCHANGE_LAST;;1;1;XEUR;10839557;709;
24.09.2024;15:46:14.908;FSTT SI 20241220 CS;SIMPLE_INSTRUMENT;BLOCK;EUR;10;229.60000000;989;EXCHANGE_LAST;;1;1;XEUR;10839556;708;
24.09.2024;15:46:32.909;FSTT SI 20241220 CS;SIMPLE_INSTRUMENT;BLOCK;EUR;11;229.40000000;1483;EXCHANGE_LAST;;1;1;XEUR;10839556;708;
24.09.2024;15:52:05.976;FSTT SI 20241220 CS;SIMPLE_INSTRUMENT;EFP_IDX;EUR;18;229.80000000;112;EXCHANGE_LAST;;1;1;XEUR;10839556;708;
24.09.2024;15:52:28.448;FSTT SI 20241220 CS;SIMPLE_INSTRUMENT;EFP_IDX;EUR;19;230.30000000;88;EXCHANGE_LAST;;1;1;XEUR;10839556;708;
24.09.2024;16:40:48.563;FSTU SI 20241220 CS;SIMPLE_INSTRUMENT;BLOCK;EUR;67;414.40000000;2671;EXCHANGE_LAST;;1;1;XEUR;10839570;730;
24.09.2024;16:41:27.951;FSTU SI 20241220 CS;SIMPLE_INSTRUMENT;BLOCK;EUR;68;414.90000000;1257;EXCHANGE_LAST;;1;1;XEUR;10839570;730;
24.09.2024;10:09:28.885;FUEM SI 20241220 CS;SIMPLE_INSTRUMENT;BLOCK;USD;17;116.88000000;500;EXCHANGE_LAST;;1;1;XEUR;10921824;772680;
24.09.2024;10:08:26.213;FUEM SI 20241220 CS;SIMPLE_INSTRUMENT;BLOCK;USD;18;116.88000000;200;EXCHANGE_LAST;;1;1;XEUR;10921824;772680;
24.09.2024;08:52:37.846;FXXP SI 20241220 CS;SIMPLE_INSTRUMENT;BLOCK;EUR;37;518.30000000;1260;EXCHANGE_LAST;;1;1;XEUR;7793976;816;
24.09.2024;15:50:09.027;FXXP SI 20241220 CS;SIMPLE_INSTRUMENT;EFP_IDX;EUR;42;522.60000000;52;EXCHANGE_LAST;;1;1;XEUR;7793976;816;
24.09.2024;15:50:20.746;FXXP SI 20241220 CS;SIMPLE_INSTRUMENT;EFP_IDX;EUR;43;522.50000000;36;EXCHANGE_LAST;;1;1;XEUR;7793976;816;
24.09.2024;10:12:19.437;FXXP SI 20241220 CS;SIMPLE_INSTRUMENT;VOLA;EUR;603979795;522.70000000;70;EXCHANGE_LAST;;1;1;XEUR;7793976;816;
24.09.2024;10:12:04.363;FXXP SI 20241220 CS;SIMPLE_INSTRUMENT;VOLA;EUR;603979796;522.60000000;8;EXCHANGE_LAST;;1;1;XEUR;7793976;816;
24.09.2024;15:05:31.865;FXXP SI 20241220 CS;SIMPLE_INSTRUMENT;VOLA;EUR;603979839;521.00000000;84;EXCHANGE_LAST;;1;1;XEUR;7793976;816;
24.09.2024;09:39:55.271;GIVN.O.240924.BULBR.000001;STANDARD_OPTION_STRATEGY;BLOCK;CHF;14;1.70000000;375;EXCHANGE_LAST;;1;1;XEUR;72061425148774486;892;
24.09.2024;09:39:55.271;GIVN SI 20241220 PS AM C 5100.0 0;SIMPLE_INSTRUMENT;BLOCK;CHF;14;16.70000000;375;PRC_DECOMP_MEMBER;;;;XEUR;11883533;892;MEMBER
24.09.2024;09:39:55.271;GIVN SI 20241220 PS AM P 4000.0 0;SIMPLE_INSTRUMENT;BLOCK;CHF;14;31.97000000;375;PRC_DECOMP_MEMBER;;;;XEUR;8785177;892;MEMBER
24.09.2024;09:39:55.271;GIVN SI 20241220 PS AM P 4400.0 0;SIMPLE_INSTRUMENT;BLOCK;CHF;14;111.57000000;375;PRC_DECOMP_MEMBER;;;;XEUR;10408048;892;MEMBER
24.09.2024;09:39:55.271;GIVN SI 20241220 PS AM C 4700.0 0;SIMPLE_INSTRUMENT;BLOCK;CHF;14;98.00000000;375;PRC_DECOMP_MEMBER;;;;XEUR;11883512;892;MEMBER
24.09.2024;14:08:30.371;HMII SI 20241220 CS;SIMPLE_INSTRUMENT;BLOCK;EUR;55;2024.23640000;6;EXCHANGE_LAST;;1;1;XEUR;7049701;47541;
24.09.2024;07:55:20.077;HNK SI 20261218 PS AM P 64.00 0;SIMPLE_INSTRUMENT;BLOCK;EUR;4;3.74000000;400;EXCHANGE_LAST;;1;1;XEUR;7434903;947;
24.09.2024;09:45:02.612;HOLN.O.240924.BLT.000001;STANDARD_OPTION_STRATEGY;BLOCK;CHF;18;1.47000000;1000;EXCHANGE_LAST;;1;1;XEUR;72061644192119359;943;
24.09.2024;09:45:02.612;HOLN SI 20241220 PS AM C 84.00 0;SIMPLE_INSTRUMENT;BLOCK;CHF;18;3.27000000;1000;PRC_DECOMP_EXCHANGE;;;;XEUR;6272403;943;EXCHANGE
24.09.2024;09:45:02.612;HOLN SI 20250321 PS AM C 84.00 0;SIMPLE_INSTRUMENT;BLOCK;CHF;18;4.74000000;1000;PRC_DECOMP_EXCHANGE;;;;XEUR;10842841;943;EXCHANGE
24.09.2024;12:47:16.813;HOLN SI 20250620 PS AM C 92.00 0;SIMPLE_INSTRUMENT;BLOCK;CHF;39;2.48000000;500;EXCHANGE_LAST;;1;1;XEUR;9038839;943;
24.09.2024;12:57:14.886;HOLN SI 20250620 PS AM C 92.00 0;SIMPLE_INSTRUMENT;BLOCK;CHF;40;2.48000000;500;EXCHANGE_LAST;;1;1;XEUR;9038839;943;
