#Date;TrdTime;Contract;ContractType;TrdTyp;Currency;TesId;Prc;Qty;TrdInd;Aggressor;Buy;Sell;Exch;InstrumentId;RelatedProdId;PrcDecomp
16.12.2024;09:13:11.002;7PIF SI 20241219 CS;SIMPLE_INSTRUMENT;BLOCK;EUR;18;13.87000000;300;EXCHANGE_LAST;;1;1;XEUR;7029747;48299;
16.12.2024;13:26:17.050;A2LV SI 20250321 CS;SIMPLE_INSTRUMENT;BLOCK;EUR;124;0.00100000;40;EXCHANGE_LAST;;1;1;XEUR;10393040;12;
16.12.2024;16:51:18.961;A2SG SI 20261218 CS;SIMPLE_INSTRUMENT;BLOCK;EUR;222;1.45000000;600;EXCHANGE_LAST;;1;2;XEUR;6796964;14;
16.12.2024;17:04:13.486;A2SG SI 20251219 CS;SIMPLE_INSTRUMENT;BLOCK;EUR;224;1.51000000;300;EXCHANGE_LAST;;1;1;XEUR;5914262;14;
16.12.2024;16:27:04.086;A2XA SI 20251219 CS;SIMPLE_INSTRUMENT;BLOCK;EUR;211;2.11000000;100;EXCHANGE_LAST;;1;1;XEUR;3681055;17;
16.12.2024;09:45:58.241;AALG SI 20241220 CS;SIMPLE_INSTRUMENT;BLOCK;GBX;34;2461.00000000;232;EXCHANGE_LAST;;1;1;XEUR;7030501;23;
16.12.2024;15:22:44.763;AAPH SI 20241220 CS;SIMPLE_INSTRUMENT;BLOCK;USD;176;248.70000000;185;EXCHANGE_LAST;;1;1;XEUR;7055741;324383;
16.12.2024;15:22:59.035;AAPH SI 20250417 CS;SIMPLE_INSTRUMENT;BLOCK;USD;177;253.18000000;185;EXCHANGE_LAST;;1;1;XEUR;10878754;324383;
16.12.2024;09:54:52.157;ABBN.O.241216.BUL.000004;STANDARD_OPTION_STRATEGY;BLOCK;CHF;10;0.60000000;1400;EXCHANGE_LAST;;1;1;XEUR;74525125763934508;574517;
16.12.2024;09:54:52.157;ABBN SI 20241220 PS AM C 52.00 0;SIMPLE_INSTRUMENT;BLOCK;CHF;10;0.35000000;1400;PRC_DECOMP_EXCHANGE;;;;XEUR;8836244;574517;EXCHANGE
16.12.2024;09:54:52.157;ABBN SI 20241220 PS AM C 51.00 0;SIMPLE_INSTRUMENT;BLOCK;CHF;10;0.95000000;1400;PRC_DECOMP_EXCHANGE;;;;XEUR;11848925;574517;EXCHANGE
16.12.2024;14:53:36.581;ABBP.S.DEC24.MAR25.SPD;FUTURES_SPREAD;BLOCK;CHF;160;-0.15000000;4000;EXCHANGE_LAST;;1;1;XEUR;72728257476165698;156151;
16.12.2024;14:53:36.581;ABBP SI 20241220 PS;SIMPLE_INSTRUMENT;BLOCK;CHF;160;51.58740000;4000;PRC_DECOMP_EXCHANGE;;;;XEUR;7053596;156151;EXCHANGE
16.12.2024;14:53:36.581;ABBP SI 20250321 PS;SIMPLE_INSTRUMENT;BLOCK;CHF;160;51.73740000;4000;PRC_DECOMP_EXCHANGE;;;;XEUR;10726546;156151;EXCHANGE
16.12.2024;14:17:04.417;ACKF SI 20250321 CS;SIMPLE_INSTRUMENT;BLOCK;EUR;153;190.63440000;24;EXCHANGE_LAST;;1;1;XEUR;10692138;37;
16.12.2024;08:43:55.099;ADS.O.241216.BUL.000005;STANDARD_OPTION_STRATEGY;BLOCK;EUR;2;2.55000000;1250;EXCHANGE_LAST;;2;1;XEUR;72057808786331206;50;
16.12.2024;08:43:55.099;ADS SI 20241220 PS AM C 240.00 0;SIMPLE_INSTRUMENT;BLOCK;EUR;2;2.94000000;1250;PRC_DECOMP_EXCHANGE;;;;XEUR;4637209;50;EXCHANGE
16.12.2024;08:43:55.099;ADS SI 20241220 PS AM C 250.00 0;SIMPLE_INSTRUMENT;BLOCK;EUR;2;0.39000000;1250;PRC_DECOMP_EXCHANGE;;;;XEUR;11870673;50;EXCHANGE
16.12.2024;13:38:59.723;ADSG SI 20241220 CS;SIMPLE_INSTRUMENT;BLOCK;EUR;133;239.63000000;500;EXCHANGE_LAST;;1;1;XEUR;7030793;48;
16.12.2024;15:18:51.145;AFRG SI 20241220 CS;SIMPLE_INSTRUMENT;BLOCK;EUR;174;7.83300000;10000;EXCHANGE_LAST;;1;1;XEUR;8265394;553022;
16.12.2024;11:18:28.926;AFX SI 20250919 PS AM P 48.00 0;SIMPLE_INSTRUMENT;BLOCK;EUR;4;6.28000000;425;EXCHANGE_LAST;;1;1;XEUR;11870649;56;
16.12.2024;11:22:25.643;AFX SI 20250919 PS AM P 46.00 0;SIMPLE_INSTRUMENT;BLOCK;EUR;5;5.40000000;750;EXCHANGE_LAST;;1;1;XEUR;11870658;56;
16.12.2024;09:56:59.139;AKU SI 20250117 PS AM C 61.00 0;SIMPLE_INSTRUMENT;BLOCK;EUR;2;0.81000000;1200;EXCHANGE_LAST;;1;1;XEUR;12067708;78;
16.12.2024;11:57:10.264;ALCF.S.DEC24.MAR25.SPD;FUTURES_SPREAD;BLOCK;CHF;89;-0.18500000;1500;EXCHANGE_LAST;;1;1;XEUR;72616511017058377;130133;
16.12.2024;11:57:10.264;ALCF SI 20250321 CS;SIMPLE_INSTRUMENT;BLOCK;CHF;89;75.18500000;1500;PRC_DECOMP_MEMBER;;;;XEUR;10725432;130133;MEMBER
16.12.2024;11:57:10.264;ALCF SI 20241220 CS;SIMPLE_INSTRUMENT;BLOCK;CHF;89;75.00000000;1500;PRC_DECOMP_MEMBER;;;;XEUR;7052689;130133;MEMBER
16.12.2024;15:52:21.331;ALV SI 20250117 PS AM P 295.00 0;SIMPLE_INSTRUMENT;BLOCK;EUR;7;2.60000000;500;EXCHANGE_LAST;;1;1;XEUR;12067934;74;
16.12.2024;11:28:43.882;ALVG SI 20241220 CS;SIMPLE_INSTRUMENT;BLOCK;EUR;85;301.60000000;150;EXCHANGE_LAST;;1;1;XEUR;7031281;85;
16.12.2024;13:27:00.334;ALVG.S.DEC24.MAR25.SPD;FUTURES_SPREAD;BLOCK;EUR;125;-2.65000000;500;EXCHANGE_LAST;;1;1;XEUR;72057959110148366;85;
16.12.2024;13:27:00.334;ALVG SI 20241220 CS;SIMPLE_INSTRUMENT;BLOCK;EUR;125;301.50000000;500;PRC_DECOMP_MEMBER;;;;XEUR;7031281;85;MEMBER
16.12.2024;13:27:00.334;ALVG SI 20250321 CS;SIMPLE_INSTRUMENT;BLOCK;EUR;125;304.15000000;500;PRC_DECOMP_MEMBER;;;;XEUR;10693113;85;MEMBER
16.12.2024;12:59:34.331;ANAG SI 20250321 CS;SIMPLE_INSTRUMENT;BLOCK;EUR;112;112.90760000;59;EXCHANGE_LAST;;1;1;XEUR;10693314;92;
16.12.2024;12:07:12.791;ANN.O.241216.IRTSP.000012;STANDARD_OPTION_STRATEGY;BLOCK;EUR;8;-2.72000000;750;EXCHANGE_LAST;;1;1;XEUR;72251735149668205;45202;
16.12.2024;12:07:12.791;ANN SI 20250321 PS AM C 34.00 0;SIMPLE_INSTRUMENT;BLOCK;EUR;8;0.59000000;750;PRC_DECOMP_EXCHANGE;;;;XEUR;10865131;45202;EXCHANGE
16.12.2024;12:07:12.791;ANN SI 20260619 PS AM P 28.00 0;SIMPLE_INSTRUMENT;BLOCK;EUR;8;3.31000000;750;PRC_DECOMP_EXCHANGE;;;;XEUR;9576336;45202;EXCHANGE
16.12.2024;09:46:19.811;ANTH SI 20241220 CS;SIMPLE_INSTRUMENT;BLOCK;GBX;35;1679.00000000;283;EXCHANGE_LAST;;1;1;XEUR;7031337;89;
16.12.2024;14:16:06.714;AOMH SI 20250321 CS;SIMPLE_INSTRUMENT;BLOCK;EUR;151;22.33310000;175;EXCHANGE_LAST;;1;1;XEUR;11420308;840006;
16.12.2024;16:27:10.108;ASG5 SI 20250320 PS AM P 24.00 0;SIMPLE_INSTRUMENT;BLOCK;EUR;6;0.24000000;5000;EXCHANGE_LAST;;1;1;XEUR;10822094;109;
16.12.2024;14:41:22.627;ASGG SI 20241219 CS;SIMPLE_INSTRUMENT;BLOCK;EUR;158;28.11000000;1200;EXCHANGE_LAST;;1;1;XEUR;7028089;106;
16.12.2024;11:25:21.668;ASMH SI 20241220 CS;SIMPLE_INSTRUMENT;BLOCK;EUR;79;686.80000000;400;EXCHANGE_LAST;;1;1;XEUR;7047762;3979;
16.12.2024;13:07:40.356;ASMH SI 20250321 CS;SIMPLE_INSTRUMENT;BLOCK;EUR;114;692.45710000;45;EXCHANGE_LAST;;1;1;XEUR;10717245;3979;
16.12.2024;11:20:50.298;AXA.O.241216.BER.000002;STANDARD_OPTION_STRATEGY;BLOCK;EUR;6;1.86000000;3000;EXCHANGE_LAST;;1;1;XEUR;72058139498794155;127;
16.12.2024;11:20:50.298;AXA SI 20251219 PS AM P 22.00 0;SIMPLE_INSTRUMENT;BLOCK;EUR;6;0.48000000;3000;PRC_DECOMP_EXCHANGE;;;;XEUR;5921730;127;EXCHANGE
16.12.2024;11:20:50.298;AXA SI 20251219 PS AM P 32.00 0;SIMPLE_INSTRUMENT;BLOCK;EUR;6;2.34000000;3000;PRC_DECOMP_EXCHANGE;;;;XEUR;6158498;127;EXCHANGE
16.12.2024;14:02:58.662;AXA.O.241216.BER.000002;STANDARD_OPTION_STRATEGY;BLOCK;EUR;16;1.86000000;2000;EXCHANGE_LAST;;1;1;XEUR;72058139498794155;127;
16.12.2024;14:02:58.662;AXA SI 20251219 PS AM P 32.00 0;SIMPLE_INSTRUMENT;BLOCK;EUR;16;2.34000000;2000;PRC_DECOMP_MEMBER;;;;XEUR;6158498;127;MEMBER
16.12.2024;14:02:58.662;AXA SI 20251219 PS AM P 22.00 0;SIMPLE_INSTRUMENT;BLOCK;EUR;16;0.48000000;2000;PRC_DECOMP_MEMBER;;;;XEUR;5921730;127;MEMBER
16.12.2024;16:17:44.349;AXA.O.241216.STD.000003;STANDARD_OPTION_STRATEGY;BLOCK;EUR;20;2.72000000;3000;EXCHANGE_LAST;;1;1;XEUR;72058139498794156;127;
16.12.2024;16:17:44.349;AXA SI 20250321 PS AM C 34.00 0;SIMPLE_INSTRUMENT;BLOCK;EUR;20;1.43000000;3000;PRC_DECOMP_EXCHANGE;;;;XEUR;10830419;127;EXCHANGE
16.12.2024;16:17:44.349;AXA SI 20250321 PS AM P 34.00 0;SIMPLE_INSTRUMENT;BLOCK;EUR;20;1.29000000;3000;PRC_DECOMP_EXCHANGE;;;;XEUR;10830420;127;EXCHANGE
16.12.2024;10:49:14.099;AXAG SI 20241220 CS;SIMPLE_INSTRUMENT;BLOCK;EUR;64;33.80000000;2000;EXCHANGE_LAST;;1;1;XEUR;7031589;125;
16.12.2024;13:45:48.186;AXNF SI 20250320 CS;SIMPLE_INSTRUMENT;BLOCK;EUR;135;25.09860000;16;EXCHANGE_LAST;;1;1;XEUR;10689362;32917;
16.12.2024;08:48:16.887;B2MW SI 20261218 CS;SIMPLE_INSTRUMENT;BLOCK;EUR;5;4.10000000;150;EXCHANGE_LAST;;1;1;XEUR;4632168;128;
16.12.2024;14:34:39.815;B2NP SI 20250321 CS;SIMPLE_INSTRUMENT;BLOCK;EUR;157;0.00100000;619;EXCHANGE_LAST;;3;1;XEUR;10395800;131;
16.12.2024;16:17:25.668;B2NP SI 20250321 CS;SIMPLE_INSTRUMENT;BLOCK;EUR;209;0.00100000;946;EXCHANGE_LAST;;2;1;XEUR;10395800;131;
16.12.2024;12:46:03.048;BAEN SI 20250919 PS AM C 56.00 0;SIMPLE_INSTRUMENT;BLOCK;CHF;42;5.96000000;1000;EXCHANGE_LAST;;1;1;XEUR;11872881;159;
16.12.2024;15:17:36.552;BALF SI 20241220 CS;SIMPLE_INSTRUMENT;BLOCK;CHF;173;164.30000000;400;EXCHANGE_LAST;;1;1;XEUR;7031644;146;
16.12.2024;11:33:13.187;BAS SI 20250620 PS AM P 38.00 0;SIMPLE_INSTRUMENT;BLOCK;EUR;1;1.35000000;1000;EXCHANGE_LAST;;1;1;XEUR;11350812;150;
16.12.2024;16:25:10.512;BAS.O.241216.BER.000013;STANDARD_OPTION_STRATEGY;BLOCK;EUR;3;0.34000000;1000;EXCHANGE_LAST;;1;1;XEUR;72058238283090002;150;
16.12.2024;16:25:10.512;BAS SI 20241220 PS AM P 44.00 0;SIMPLE_INSTRUMENT;BLOCK;EUR;3;0.60000000;1000;PRC_DECOMP_EXCHANGE;;;;XEUR;4705204;150;EXCHANGE
16.12.2024;16:25:10.512;BAS SI 20241220 PS AM P 43.00 0;SIMPLE_INSTRUMENT;BLOCK;EUR;3;0.26000000;1000;PRC_DECOMP_EXCHANGE;;;;XEUR;7509966;150;EXCHANGE
16.12.2024;17:02:36.331;BASG SI 20250321 CS;SIMPLE_INSTRUMENT;BLOCK;EUR;223;44.20750000;2500;EXCHANGE_LAST;;1;1;XEUR;10694474;171;
16.12.2024;15:18:50.506;BAYG SI 20241220 CS;SIMPLE_INSTRUMENT;BLOCK;EUR;171;19.30000000;6000;EXCHANGE_LAST;;1;1;XEUR;7051807;76034;
16.12.2024;11:15:04.679;BBVG.S.DEC24.MAR25.SPD;FUTURES_SPREAD;BLOCK;EUR;75;-0.07400000;750;EXCHANGE_LAST;;1;1;XEUR;72058294117597344;163;
16.12.2024;11:15:04.679;BBVG SI 20241220 CS;SIMPLE_INSTRUMENT;BLOCK;EUR;75;9.79000000;750;PRC_DECOMP_MEMBER;;;;XEUR;7031975;163;MEMBER
16.12.2024;11:15:04.679;BBVG SI 20250321 CS;SIMPLE_INSTRUMENT;BLOCK;EUR;75;9.86400000;750;PRC_DECOMP_MEMBER;;;;XEUR;10694312;163;MEMBER
16.12.2024;13:33:13.350;BBVG SI 20250321 CS;SIMPLE_INSTRUMENT;BLOCK;EUR;130;9.87140000;750;EXCHANGE_LAST;;1;1;XEUR;10694312;163;
16.12.2024;13:39:03.369;BCVN SI 20250919 PS AM C 80.00 0;SIMPLE_INSTRUMENT;BLOCK;CHF;51;5.71000000;250;EXCHANGE_LAST;;1;1;XEUR;11873686;185;
16.12.2024;13:46:22.617;BEIG SI 20250321 CS;SIMPLE_INSTRUMENT;BLOCK;EUR;138;123.78460000;43;EXCHANGE_LAST;;1;1;XEUR;10694522;177;
16.12.2024;09:45:23.808;BLTH SI 20241220 CS;SIMPLE_INSTRUMENT;BLOCK;GBX;32;2042.00000000;661;EXCHANGE_LAST;;1;1;XEUR;7052590;115078;
16.12.2024;11:29:40.648;BMW SI 20250321 PS AM C 76.00 0;SIMPLE_INSTRUMENT;BLOCK;EUR;5;6.15000000;1000;EXCHANGE_LAST;;1;1;XEUR;10832590;210;
16.12.2024;14:01:59.575;BMW.O.241216.COMBO.000014;STANDARD_OPTION_STRATEGY;BLOCK;EUR;10;1.75000000;1500;EXCHANGE_LAST;;1;1;XEUR;72058495981107894;210;
16.12.2024;14:01:59.575;BMW SI 20261218 PS AM P 60.00 0;SIMPLE_INSTRUMENT;BLOCK;EUR;10;5.10000000;1500;PRC_DECOMP_MEMBER;;;;XEUR;7154298;210;MEMBER
16.12.2024;14:01:59.575;BMW SI 20261218 PS AM C 100.00 0;SIMPLE_INSTRUMENT;BLOCK;EUR;10;3.35000000;1500;PRC_DECOMP_MEMBER;;;;XEUR;7154250;210;MEMBER
16.12.2024;09:14:03.553;BMWF SI 20241220 CS;SIMPLE_INSTRUMENT;BLOCK;EUR;12;79.80000000;11500;EXCHANGE_LAST;;1;1;XEUR;7032665;239;
16.12.2024;13:30:45.805;BMWF SI 20241220 CS;SIMPLE_INSTRUMENT;BLOCK;EUR;129;78.64000000;1250;EXCHANGE_LAST;;1;1;XEUR;7032665;239;
16.12.2024;15:20:39.464;BNP.O.241216.STD.000008;STANDARD_OPTION_STRATEGY;BLOCK;EUR;19;11.50000000;700;EXCHANGE_LAST;;1;1;XEUR;72058611945198711;237;
16.12.2024;15:20:39.464;BNP SI 20251219 PS AM C 56.00 0;SIMPLE_INSTRUMENT;BLOCK;EUR;19;6.03000000;700;PRC_DECOMP_EXCHANGE;;;;XEUR;5923365;237;EXCHANGE
16.12.2024;15:20:39.464;BNP SI 20251219 PS AM P 56.00 0;SIMPLE_INSTRUMENT;BLOCK;EUR;19;5.47000000;700;PRC_DECOMP_EXCHANGE;;;;XEUR;5923366;237;EXCHANGE
16.12.2024;11:22:43.587;BNPH SI 20241220 CS;SIMPLE_INSTRUMENT;BLOCK;EUR;72;59.20000000;5500;EXCHANGE_LAST;;1;1;XEUR;7032636;236;
16.12.2024;14:31:19.086;BNPH SI 20250321 CS;SIMPLE_INSTRUMENT;BLOCK;EUR;156;59.13000000;7200;EXCHANGE_LAST;;3;1;XEUR;10695531;236;
16.12.2024;16:20:36.732;BNPH SI 20250321 CS;SIMPLE_INSTRUMENT;BLOCK;EUR;208;59.33000000;11000;EXCHANGE_LAST;;2;1;XEUR;10695531;236;
16.12.2024;11:38:56.597;BPVJ SI 20241219 CS;SIMPLE_INSTRUMENT;BLOCK;EUR;83;8.00000000;500;EXCHANGE_LAST;;1;1;XEUR;7029761;48715;
16.12.2024;16:49:01.221;BSI SI 20241220 PS AM C 130.00 0;SIMPLE_INSTRUMENT;BLOCK;EUR;7;1.00000000;250;EXCHANGE_LAST;;1;1;XEUR;10439928;76317;
16.12.2024;16:48:42.038;BSI SI 20241220 PS AM C 130.00 0;SIMPLE_INSTRUMENT;BLOCK;EUR;8;1.00000000;400;EXCHANGE_LAST;;1;1;XEUR;10439928;76317;
16.12.2024;16:49:17.122;BSI.O.241216.BUL.000001;STANDARD_OPTION_STRATEGY;BLOCK;EUR;9;2.90000000;250;EXCHANGE_LAST;;1;1;XEUR;72385373057060338;76317;
16.12.2024;16:49:17.122;BSI SI 20250117 PS AM C 140.00 0;SIMPLE_INSTRUMENT;BLOCK;EUR;9;1.82000000;250;PRC_DECOMP_EXCHANGE;;;;XEUR;12097612;76317;EXCHANGE
16.12.2024;16:49:17.122;BSI SI 20250117 PS AM C 130.00 0;SIMPLE_INSTRUMENT;BLOCK;EUR;9;4.72000000;250;PRC_DECOMP_EXCHANGE;;;;XEUR;12097622;76317;EXCHANGE
16.12.2024;16:51:55.592;BSI.O.241216.BUL.000001;STANDARD_OPTION_STRATEGY;BLOCK;EUR;11;2.90000000;250;EXCHANGE_LAST;;1;1;XEUR;72385373057060338;76317;
16.12.2024;16:51:55.592;BSI SI 20250117 PS AM C 140.00 0;SIMPLE_INSTRUMENT;BLOCK;EUR;11;1.82000000;250;PRC_DECOMP_MEMBER;;;;XEUR;12097612;76317;MEMBER
16.12.2024;16:51:55.592;BSI SI 20250117 PS AM C 130.00 0;SIMPLE_INSTRUMENT;BLOCK;EUR;11;4.72000000;250;PRC_DECOMP_MEMBER;;;;XEUR;12097622;76317;MEMBER
16.12.2024;11:51:53.272;BX7G SI 20241220 CS;SIMPLE_INSTRUMENT;BLOCK;EUR;92;4.96260000;20000;EXCHANGE_LAST;;1;1;XEUR;7047777;3980;
16.12.2024;13:52:13.588;C4RI SI 20241220 CS;SIMPLE_INSTRUMENT;BLOCK;EUR;139;2.72000000;880;EXCHANGE_LAST;;1;1;XEUR;4632261;50862;
16.12.2024;13:52:21.222;C4RI SI 20251219 CS;SIMPLE_INSTRUMENT;BLOCK;EUR;141;2.61000000;880;EXCHANGE_LAST;;1;1;XEUR;5914459;50862;
16.12.2024;13:52:26.636;C4RI SI 20261218 CS;SIMPLE_INSTRUMENT;BLOCK;EUR;142;2.63000000;880;EXCHANGE_LAST;;1;1;XEUR;6821680;50862;
16.12.2024;13:52:31.979;C4RI SI 20271217 CS;SIMPLE_INSTRUMENT;BLOCK;EUR;143;2.54000000;880;EXCHANGE_LAST;;1;1;XEUR;8408414;50862;
16.12.2024;15:14:22.452;C4RI SI 20250321 CS;SIMPLE_INSTRUMENT;BLOCK;EUR;170;0.00100000;1522;EXCHANGE_LAST;;1;1;XEUR;10436756;50862;
16.12.2024;13:46:50.203;CFR SI 20260619 PS AM P 92.00 0;SIMPLE_INSTRUMENT;BLOCK;CHF;53;3.90000000;750;EXCHANGE_LAST;;1;1;XEUR;9996437;313;
16.12.2024;13:47:01.728;CFR SI 20241220 PS AM P 130.00 0;SIMPLE_INSTRUMENT;BLOCK;CHF;56;0.20000000;550;EXCHANGE_LAST;;1;1;XEUR;10400562;313;
16.12.2024;13:14:26.243;CLN SI 20260619 PS AM P 8.00 0;SIMPLE_INSTRUMENT;BLOCK;CHF;48;0.48000000;1500;EXCHANGE_LAST;;1;1;XEUR;9542931;296;
16.12.2024;15:19:03.883;COT SI 20250919 PS AM P 220.00 0;SIMPLE_INSTRUMENT;BLOCK;CHF;67;12.20000000;100;EXCHANGE_LAST;;1;1;XEUR;11916391;199899;
16.12.2024;10:27:53.329;CR5J SI 20241219 CS;SIMPLE_INSTRUMENT;BLOCK;EUR;46;39.26000000;20900;EXCHANGE_LAST;;1;1;XEUR;7029763;50861;
16.12.2024;12:33:58.999;CR5J SI 20241219 CS;SIMPLE_INSTRUMENT;BLOCK;EUR;106;39.25000000;1600;EXCHANGE_LAST;;1;1;XEUR;7029763;50861;
16.12.2024;15:12:46.608;CR5J.S.DEC24.MAR25.SPD;FUTURES_SPREAD;BLOCK;EUR;169;-0.30800000;17500;EXCHANGE_LAST;;1;1;XEUR;72276040369569946;50861;
16.12.2024;15:12:46.608;CR5J SI 20250320 CS;SIMPLE_INSTRUMENT;BLOCK;EUR;169;39.26880000;17500;PRC_DECOMP_EXCHANGE;;;;XEUR;10689747;50861;EXCHANGE
16.12.2024;15:12:46.608;CR5J SI 20241219 CS;SIMPLE_INSTRUMENT;BLOCK;EUR;169;38.96080000;17500;PRC_DECOMP_EXCHANGE;;;;XEUR;7029763;50861;EXCHANGE
16.12.2024;13:51:57.250;CRI5 FI 20271216 PS EU P 39.0000 0;FLEXIBLE_INSTRUMENT;BLOCK;EUR;3;9.27000000;10000;EXCHANGE_LAST;;1;1;XEUR;1152922878996390794;320;
16.12.2024;13:52:05.816;CRI5 FI 20271216 PS EU C 39.0000 0;FLEXIBLE_INSTRUMENT;BLOCK;EUR;4;5.50000000;10000;EXCHANGE_LAST;;1;1;XEUR;1152922878996390795;320;
16.12.2024;11:32:52.983;D3AI SI 20261218 CS;SIMPLE_INSTRUMENT;BLOCK;EUR;86;2.98000000;650;EXCHANGE_LAST;;1;1;XEUR;7144051;443197;
16.12.2024;11:44:59.403;D3AI SI 20261218 CS;SIMPLE_INSTRUMENT;BLOCK;EUR;88;2.98000000;75;EXCHANGE_LAST;;1;1;XEUR;7144051;443197;
16.12.2024;15:02:16.339;D3AI SI 20251219 CS;SIMPLE_INSTRUMENT;BLOCK;EUR;164;4.00000000;300;EXCHANGE_LAST;;2;2;XEUR;7144062;443197;
16.12.2024;15:02:47.011;D3AI SI 20261218 CS;SIMPLE_INSTRUMENT;BLOCK;EUR;167;4.20000000;595;EXCHANGE_LAST;;1;1;XEUR;7144051;443197;
16.12.2024;17:20:54.719;D3AI SI 20261218 CS;SIMPLE_INSTRUMENT;BLOCK;EUR;226;2.96000000;514;EXCHANGE_LAST;;1;1;XEUR;7144051;443197;
16.12.2024;09:56:47.128;DAI SI 20250221 PS AM P 50.00 0;SIMPLE_INSTRUMENT;BLOCK;EUR;2;0.82000000;1000;EXCHANGE_LAST;;1;1;XEUR;12277960;443196;
16.12.2024;09:56:51.791;DAI SI 20250221 PS AM P 45.00 0;SIMPLE_INSTRUMENT;BLOCK;EUR;3;0.30000000;1000;EXCHANGE_LAST;;1;1;XEUR;12277824;443196;
16.12.2024;10:38:48.867;DAI SI 20250221 PS AM P 49.00 0;SIMPLE_INSTRUMENT;BLOCK;EUR;4;0.63000000;1500;EXCHANGE_LAST;;1;1;XEUR;12277899;443196;
16.12.2024;15:49:22.730;DAI SI 20261218 PS AM C 56.00 0;SIMPLE_INSTRUMENT;BLOCK;EUR;11;5.59000000;1500;EXCHANGE_LAST;;1;1;XEUR;7362235;443196;
16.12.2024;16:46:12.815;DAI SI 20251219 PS AM C 56.00 0;SIMPLE_INSTRUMENT;BLOCK;EUR;12;4.12000000;1500;EXCHANGE_LAST;;1;1;XEUR;7349883;443196;
16.12.2024;13:44:33.002;DAIE SI 20241220 PS EU P 56.00 0;SIMPLE_INSTRUMENT;BLOCK;EUR;9;1.15000000;2500;EXCHANGE_LAST;;1;1;XEUR;9276017;443202;
16.12.2024;12:17:50.154;DAIG SI 20241220 CS;SIMPLE_INSTRUMENT;BLOCK;EUR;99;55.36000000;2000;EXCHANGE_LAST;;1;1;XEUR;7144297;443203;
16.12.2024;16:12:01.591;DTE SI 20250919 PS AM P 24.00 0;SIMPLE_INSTRUMENT;BLOCK;EUR;11;0.25000000;2000;EXCHANGE_LAST;;1;1;XEUR;11878522;424;
16.12.2024;09:15:05.996;DTEF SI 20241220 CS;SIMPLE_INSTRUMENT;BLOCK;EUR;13;29.90000000;26500;EXCHANGE_LAST;;1;1;XEUR;7034388;430;
16.12.2024;14:15:43.089;DVCG SI 20250320 CS;SIMPLE_INSTRUMENT;BLOCK;EUR;150;6.16030000;70;EXCHANGE_LAST;;1;1;XEUR;10689828;51874;
16.12.2024;12:08:58.492;E3BF SI 20241220 CS;SIMPLE_INSTRUMENT;BLOCK;EUR;96;2.95800000;5000;EXCHANGE_LAST;;1;1;XEUR;7034932;466;
16.12.2024;13:33:17.098;EDPF SI 20250321 CS;SIMPLE_INSTRUMENT;BLOCK;EUR;131;3.17360000;996;EXCHANGE_LAST;;1;1;XEUR;10698744;457;
16.12.2024;15:31:56.984;EIAG SI 20250321 CS;SIMPLE_INSTRUMENT;BLOCK;EUR;184;42.17810000;70;EXCHANGE_LAST;;1;1;XEUR;10699671;509;
16.12.2024;16:53:22.846;ENL5 SI 20251218 PS AM P 5.20 0;SIMPLE_INSTRUMENT;BLOCK;EUR;10;0.09000000;4000;EXCHANGE_LAST;;1;1;XEUR;9123224;500;
16.12.2024;10:50:44.411;ENLH SI 20241219 CS;SIMPLE_INSTRUMENT;BLOCK;EUR;66;7.00000000;8040;EXCHANGE_LAST;;1;1;XEUR;7935846;524976;
16.12.2024;16:20:11.688;ENR SI 20250221 PS AM C 54.00 0;SIMPLE_INSTRUMENT;BLOCK;EUR;12;3.20000000;2500;EXCHANGE_LAST;;1;1;XEUR;12273411;298530;
16.12.2024;13:08:05.688;ENUF SI 20250321 CS;SIMPLE_INSTRUMENT;BLOCK;EUR;115;9.45500000;263;EXCHANGE_LAST;;1;1;XEUR;10699583;499;
16.12.2024;16:47:35.570;ESSG SI 20251219 CS;SIMPLE_INSTRUMENT;BLOCK;EUR;220;47.57000000;300;EXCHANGE_LAST;;1;1;XEUR;8705063;324377;
16.12.2024;13:57:06.407;F3IA SI 20251219 CS;SIMPLE_INSTRUMENT;BLOCK;EUR;144;0.46000000;1150;EXCHANGE_LAST;;1;1;XEUR;6633988;390387;
16.12.2024;14:26:01.935;F3IA SI 20261218 CS;SIMPLE_INSTRUMENT;BLOCK;EUR;155;0.52000000;500;EXCHANGE_LAST;;1;1;XEUR;6830373;390387;
16.12.2024;15:01:09.576;F3IA SI 20261218 CS;SIMPLE_INSTRUMENT;BLOCK;EUR;165;1.50000000;1667;EXCHANGE_LAST;;1;1;XEUR;6830373;390387;
16.12.2024;15:02:31.226;F3IA SI 20251219 CS;SIMPLE_INSTRUMENT;BLOCK;EUR;166;0.45500000;500;EXCHANGE_LAST;;1;1;XEUR;6633988;390387;
16.12.2024;16:20:05.267;F3IA SI 20261218 CS;SIMPLE_INSTRUMENT;BLOCK;EUR;210;1.26000000;1587;EXCHANGE_LAST;;1;1;XEUR;6830373;390387;
16.12.2024;17:21:23.262;F3IA SI 20261218 CS;SIMPLE_INSTRUMENT;BLOCK;EUR;227;0.52000000;1449;EXCHANGE_LAST;;1;1;XEUR;6830373;390387;
16.12.2024;12:22:27.654;F3TE SI 20241220 CS;SIMPLE_INSTRUMENT;BLOCK;EUR;104;0.72000000;993;EXCHANGE_LAST;;1;1;XEUR;6633907;390379;
16.12.2024;15:28:06.047;F3TE SI 20241220 CS;SIMPLE_INSTRUMENT;BLOCK;EUR;182;0.72000000;1755;EXCHANGE_LAST;;1;1;XEUR;6633907;390379;
16.12.2024;16:09:22.530;F3TE SI 20261218 CS;SIMPLE_INSTRUMENT;BLOCK;EUR;206;0.67000000;3731;EXCHANGE_LAST;;1;1;XEUR;6633899;390379;
16.12.2024;08:54:54.817;FATX.S.DEC24.MAR25.SPD;FUTURES_SPREAD;BLOCK;EUR;6;-17.00000000;177;EXCHANGE_LAST;;1;1;XEUR;72180855304355926;28699;
16.12.2024;08:54:54.817;FATX SI 20241220 CS;SIMPLE_INSTRUMENT;BLOCK;EUR;6;3640.00000000;177;PRC_DECOMP_MEMBER;;;;XEUR;10863639;28699;MEMBER
16.12.2024;08:54:54.817;FATX SI 20250321 CS;SIMPLE_INSTRUMENT;BLOCK;EUR;6;3657.00000000;177;PRC_DECOMP_MEMBER;;;;XEUR;11385582;28699;MEMBER
16.12.2024;11:35:02.502;FATX.S.DEC24.MAR25.SPD;FUTURES_SPREAD;BLOCK;EUR;50;-17.50000000;297;EXCHANGE_LAST;;1;1;XEUR;72180855304355926;28699;
16.12.2024;11:35:02.502;FATX SI 20250321 CS;SIMPLE_INSTRUMENT;BLOCK;EUR;50;3644.00000000;297;PRC_DECOMP_EXCHANGE;;;;XEUR;11385582;28699;EXCHANGE
16.12.2024;11:35:02.502;FATX SI 20241220 CS;SIMPLE_INSTRUMENT;BLOCK;EUR;50;3626.50000000;297;PRC_DECOMP_EXCHANGE;;;;XEUR;10863639;28699;EXCHANGE
16.12.2024;11:35:02.502;FATX.S.DEC24.MAR25.SPD;FUTURES_SPREAD;BLOCK;EUR;51;-17.00000000;445;EXCHANGE_LAST;;1;1;XEUR;72180855304355926;28699;
16.12.2024;11:35:02.502;FATX SI 20241220 CS;SIMPLE_INSTRUMENT;BLOCK;EUR;51;3626.50000000;445;PRC_DECOMP_EXCHANGE;;;;XEUR;10863639;28699;EXCHANGE
16.12.2024;11:35:02.502;FATX SI 20250321 CS;SIMPLE_INSTRUMENT;BLOCK;EUR;51;3643.50000000;445;PRC_DECOMP_EXCHANGE;;;;XEUR;11385582;28699;EXCHANGE
16.12.2024;08:35:20.098;FBTP SI 20250306 PS;SIMPLE_INSTRUMENT;EFP_FIN;EUR;1;121.24000000;311;EXCHANGE_LAST;;1;1;XEUR;11286675;636;
16.12.2024;08:50:13.410;FBTP SI 20250306 PS;SIMPLE_INSTRUMENT;EFP_FIN;EUR;2;121.18000000;76;EXCHANGE_LAST;;1;1;XEUR;11286675;636;
16.12.2024;08:51:54.967;FBTP SI 20250306 PS;SIMPLE_INSTRUMENT;EFP_FIN;EUR;3;121.12000000;684;EXCHANGE_LAST;;1;1;XEUR;11286675;636;
16.12.2024;08:52:49.217;FBTP SI 20250306 PS;SIMPLE_INSTRUMENT;EFP_FIN;EUR;4;121.19000000;224;EXCHANGE_LAST;;1;1;XEUR;11286675;636;
16.12.2024;09:09:40.194;FBTP SI 20250306 PS;SIMPLE_INSTRUMENT;BLOCK;EUR;5;121.29000000;2891;EXCHANGE_LAST;;1;1;XEUR;11286675;636;
16.12.2024;09:28:39.835;FBTP SI 20250306 PS;SIMPLE_INSTRUMENT;EFP_FIN;EUR;6;121.16000000;684;EXCHANGE_LAST;;1;1;XEUR;11286675;636;
16.12.2024;09:36:55.279;FBTP SI 20250306 PS;SIMPLE_INSTRUMENT;EFP_FIN;EUR;7;121.25000000;224;EXCHANGE_LAST;;1;1;XEUR;11286675;636;
16.12.2024;09:48:08.966;FBTP SI 20250306 PS;SIMPLE_INSTRUMENT;EFP_FIN;EUR;8;121.22000000;200;EXCHANGE_LAST;;1;1;XEUR;11286675;636;
16.12.2024;09:55:07.241;FBTP SI 20250306 PS;SIMPLE_INSTRUMENT;EFP_FIN;EUR;9;121.26000000;90;EXCHANGE_LAST;;1;1;XEUR;11286675;636;
16.12.2024;10:06:57.938;FBTP SI 20250306 PS;SIMPLE_INSTRUMENT;EFP_FIN;EUR;10;121.25000000;224;EXCHANGE_LAST;;1;1;XEUR;11286675;636;
16.12.2024;10:33:46.678;FBTP SI 20250306 PS;SIMPLE_INSTRUMENT;EFP_FIN;EUR;11;121.30000000;494;EXCHANGE_LAST;;1;1;XEUR;11286675;636;
16.12.2024;10:48:59.929;FBTP SI 20250306 PS;SIMPLE_INSTRUMENT;EFP_FIN;EUR;12;121.30000000;137;EXCHANGE_LAST;;1;1;XEUR;11286675;636;
16.12.2024;10:50:25.484;FBTP SI 20250306 PS;SIMPLE_INSTRUMENT;EFP_FIN;EUR;13;121.30000000;145;EXCHANGE_LAST;;1;1;XEUR;11286675;636;
16.12.2024;11:01:45.991;FBTP SI 20250306 PS;SIMPLE_INSTRUMENT;EFP_FIN;EUR;14;121.30000000;170;EXCHANGE_LAST;;1;1;XEUR;11286675;636;
16.12.2024;10:52:46.017;FBTP SI 20250306 PS;SIMPLE_INSTRUMENT;EFP_FIN;EUR;15;121.30000000;340;EXCHANGE_LAST;;1;1;XEUR;11286675;636;
16.12.2024;10:59:25.231;FBTP SI 20250306 PS;SIMPLE_INSTRUMENT;EFP_FIN;EUR;16;121.23000000;895;EXCHANGE_LAST;;1;1;XEUR;11286675;636;
16.12.2024;11:05:12.653;FBTP SI 20250306 PS;SIMPLE_INSTRUMENT;EFP_FIN;EUR;17;121.29000000;895;EXCHANGE_LAST;;1;1;XEUR;11286675;636;
16.12.2024;11:18:17.545;FBTP SI 20250306 PS;SIMPLE_INSTRUMENT;EFP_FIN;EUR;18;121.25000000;224;EXCHANGE_LAST;;1;1;XEUR;11286675;636;
16.12.2024;12:00:34.483;FBTP SI 20250306 PS;SIMPLE_INSTRUMENT;EFP_FIN;EUR;19;121.27000000;291;EXCHANGE_LAST;;1;1;XEUR;11286675;636;
16.12.2024;13:00:17.614;FBTP SI 20250306 PS;SIMPLE_INSTRUMENT;EFP_FIN;EUR;20;121.27000000;242;EXCHANGE_LAST;;1;1;XEUR;11286675;636;
16.12.2024;13:14:52.913;FBTP SI 20250306 PS;SIMPLE_INSTRUMENT;EFP_FIN;EUR;21;121.28000000;138;EXCHANGE_LAST;;1;1;XEUR;11286675;636;
16.12.2024;13:17:54.817;FBTP SI 20250306 PS;SIMPLE_INSTRUMENT;EFP_FIN;EUR;22;121.25000000;137;EXCHANGE_LAST;;1;1;XEUR;11286675;636;
16.12.2024;14:13:32.384;FBTP SI 20250306 PS;SIMPLE_INSTRUMENT;EFP_FIN;EUR;23;121.40000000;251;EXCHANGE_LAST;;1;1;XEUR;11286675;636;
16.12.2024;14:14:12.386;FBTP SI 20250306 PS;SIMPLE_INSTRUMENT;EFP_FIN;EUR;24;121.40000000;251;EXCHANGE_LAST;;1;1;XEUR;11286675;636;
16.12.2024;14:14:46.987;FBTP SI 20250306 PS;SIMPLE_INSTRUMENT;BLOCK;EUR;25;121.39000000;1500;EXCHANGE_LAST;;1;1;XEUR;11286675;636;
16.12.2024;14:37:13.141;FBTP SI 20250306 PS;SIMPLE_INSTRUMENT;EFP_FIN;EUR;26;121.40000000;464;EXCHANGE_LAST;;1;1;XEUR;11286675;636;
16.12.2024;16:26:40.594;FBTP SI 20250306 PS;SIMPLE_INSTRUMENT;EFP_FIN;EUR;27;121.32000000;401;EXCHANGE_LAST;;1;1;XEUR;11286675;636;
16.12.2024;09:09:33.049;FBTP SI 20250306 PS;SIMPLE_INSTRUMENT;VOLA;EUR;268435478;121.24000000;18;EXCHANGE_LAST;;1;1;XEUR;11286675;636;
16.12.2024;12:17:27.451;FBTP SI 20250306 PS;SIMPLE_INSTRUMENT;VOLA;EUR;268435524;121.26000000;42;EXCHANGE_LAST;;1;1;XEUR;11286675;636;
16.12.2024;09:14:41.645;FBTS SI 20250306 PS;SIMPLE_INSTRUMENT;EFP_FIN;EUR;1;107.54000000;227;EXCHANGE_LAST;;1;1;XEUR;11286677;639;
16.12.2024;09:36:40.591;FBTS SI 20250306 PS;SIMPLE_INSTRUMENT;EFP_FIN;EUR;3;107.58000000;526;EXCHANGE_LAST;;1;1;XEUR;11286677;639;
16.12.2024;10:07:19.677;FBTS SI 20250306 PS;SIMPLE_INSTRUMENT;BLOCK;EUR;6;107.56000000;744;EXCHANGE_LAST;;1;1;XEUR;11286677;639;
16.12.2024;12:17:59.875;FBTS SI 20250306 PS;SIMPLE_INSTRUMENT;EFP_FIN;EUR;11;107.59000000;681;EXCHANGE_LAST;;1;1;XEUR;11286677;639;
16.12.2024;12:19:02.378;FBTS SI 20250306 PS;SIMPLE_INSTRUMENT;EFP_FIN;EUR;12;107.60000000;772;EXCHANGE_LAST;;1;1;XEUR;11286677;639;
16.12.2024;12:35:30.218;FBTS SI 20250306 PS;SIMPLE_INSTRUMENT;EFP_FIN;EUR;14;107.60000000;545;EXCHANGE_LAST;;1;1;XEUR;11286677;639;
16.12.2024;12:40:08.709;FBTS SI 20250306 PS;SIMPLE_INSTRUMENT;EFP_FIN;EUR;15;107.60000000;227;EXCHANGE_LAST;;1;1;XEUR;11286677;639;
16.12.2024;13:36:22.349;FBTS SI 20250306 PS;SIMPLE_INSTRUMENT;EFP_FIN;EUR;16;107.58000000;454;EXCHANGE_LAST;;1;1;XEUR;11286677;639;
16.12.2024;13:59:08.284;FBTS SI 20250306 PS;SIMPLE_INSTRUMENT;EFP_FIN;EUR;17;107.59000000;484;EXCHANGE_LAST;;1;1;XEUR;11286677;639;
16.12.2024;14:30:43.946;FBTS SI 20250306 PS;SIMPLE_INSTRUMENT;EFP_FIN;EUR;18;107.60000000;313;EXCHANGE_LAST;;1;1;XEUR;11286677;639;
16.12.2024;14:43:31.145;FBTS SI 20250306 PS;SIMPLE_INSTRUMENT;EFP_FIN;EUR;20;107.61000000;83;EXCHANGE_LAST;;1;1;XEUR;11286677;639;
16.12.2024;14:55:19.830;FBTS SI 20250306 PS;SIMPLE_INSTRUMENT;EFP_FIN;EUR;21;107.59000000;50;EXCHANGE_LAST;;1;1;XEUR;11286677;639;
16.12.2024;15:15:45.048;FBTS SI 20250306 PS;SIMPLE_INSTRUMENT;EFP_FIN;EUR;22;107.59000000;59;EXCHANGE_LAST;;1;1;XEUR;11286677;639;
16.12.2024;15:25:27.278;FBTS SI 20250306 PS;SIMPLE_INSTRUMENT;EFP_FIN;EUR;23;107.59000000;58;EXCHANGE_LAST;;1;1;XEUR;11286677;639;
16.12.2024;08:31:38.875;FCPE SI 20250328 CS;SIMPLE_INSTRUMENT;BLOCK;USD;2;179.37000000;30;EXCHANGE_LAST;;1;1;XEUR;10945400;586;
16.12.2024;08:32:02.495;FCPE SI 20250328 CS;SIMPLE_INSTRUMENT;BLOCK;USD;3;179.36000000;20;EXCHANGE_LAST;;1;1;XEUR;10945400;586;
16.12.2024;10:19:56.219;FDAX SI 20241220 CS;SIMPLE_INSTRUMENT;BLOCK;EUR;1;20357.00000000;280;EXCHANGE_LAST;;1;1;XEUR;7296065;589;
16.12.2024;10:22:22.314;FDAX SI 20250321 CS;SIMPLE_INSTRUMENT;BLOCK;EUR;2;20549.00000000;280;EXCHANGE_LAST;;1;1;XEUR;7561255;589;
16.12.2024;10:57:58.307;FDAX.S.DEC24.MAR25.SPD;FUTURES_SPREAD;BLOCK;EUR;3;-190.50000000;1726;EXCHANGE_LAST;;1;1;XEUR;72060123773665382;589;
16.12.2024;10:57:58.307;FDAX SI 20241220 CS;SIMPLE_INSTRUMENT;BLOCK;EUR;3;20364.50000000;1726;PRC_DECOMP_EXCHANGE;;;;XEUR;7296065;589;EXCHANGE
16.12.2024;10:57:58.307;FDAX SI 20250321 CS;SIMPLE_INSTRUMENT;BLOCK;EUR;3;20555.00000000;1726;PRC_DECOMP_EXCHANGE;;;;XEUR;7561255;589;EXCHANGE
16.12.2024;16:47:53.779;FDAX SI 20241220 CS;SIMPLE_INSTRUMENT;EFP_IDX;EUR;4;20328.00000000;11;EXCHANGE_LAST;;1;1;XEUR;7296065;589;
16.12.2024;16:47:41.916;FDAX SI 20241220 CS;SIMPLE_INSTRUMENT;EFP_IDX;EUR;5;20329.00000000;45;EXCHANGE_LAST;;1;1;XEUR;7296065;589;
16.12.2024;08:52:51.041;FDAX SI 20241220 CS;SIMPLE_INSTRUMENT;VOLA;EUR;671088644;20370.00000000;91;EXCHANGE_LAST;;1;1;XEUR;7296065;589;
16.12.2024;15:30:45.648;FDIV.S.DEC24.MAR25.SPD;FUTURES_SPREAD;BLOCK;EUR;81;-2.25000000;350;EXCHANGE_LAST;;1;1;XEUR;72060149543469148;595;
16.12.2024;15:30:45.648;FDIV SI 20250321 CS;SIMPLE_INSTRUMENT;BLOCK;EUR;81;191.55000000;350;PRC_DECOMP_EXCHANGE;;;;XEUR;11359067;595;EXCHANGE
16.12.2024;15:30:45.648;FDIV SI 20241220 CS;SIMPLE_INSTRUMENT;BLOCK;EUR;81;189.30000000;350;PRC_DECOMP_EXCHANGE;;;;XEUR;10838882;595;EXCHANGE
16.12.2024;09:32:55.082;FECX.S.DEC24.MAR25.SPD;FUTURES_SPREAD;BLOCK;EUR;15;-1.28000000;138;EXCHANGE_LAST;;1;1;XEUR;73819209234120728;410158;
16.12.2024;09:32:55.082;FECX SI 20250321 CS;SIMPLE_INSTRUMENT;BLOCK;EUR;15;166.91000000;138;PRC_DECOMP_EXCHANGE;;;;XEUR;11427948;410158;EXCHANGE
16.12.2024;09:32:55.082;FECX SI 20241220 CS;SIMPLE_INSTRUMENT;BLOCK;EUR;15;165.63000000;138;PRC_DECOMP_EXCHANGE;;;;XEUR;10920731;410158;EXCHANGE
16.12.2024;10:23:35.230;FECX.S.DEC24.MAR25.SPD;FUTURES_SPREAD;BLOCK;EUR;36;-1.20000000;119;EXCHANGE_LAST;;1;1;XEUR;73819209234120728;410158;
16.12.2024;10:23:35.230;FECX SI 20250321 CS;SIMPLE_INSTRUMENT;BLOCK;EUR;36;166.87000000;119;PRC_DECOMP_EXCHANGE;;;;XEUR;11427948;410158;EXCHANGE
16.12.2024;10:23:35.230;FECX SI 20241220 CS;SIMPLE_INSTRUMENT;BLOCK;EUR;36;165.67000000;119;PRC_DECOMP_EXCHANGE;;;;XEUR;10920731;410158;EXCHANGE
16.12.2024;12:45:53.395;FECX.S.DEC24.MAR25.SPD;FUTURES_SPREAD;BLOCK;EUR;108;-1.28000000;281;EXCHANGE_LAST;;1;1;XEUR;73819209234120728;410158;
16.12.2024;12:45:53.395;FECX SI 20250321 CS;SIMPLE_INSTRUMENT;BLOCK;EUR;108;167.01000000;281;PRC_DECOMP_EXCHANGE;;;;XEUR;11427948;410158;EXCHANGE
16.12.2024;12:45:53.395;FECX SI 20241220 CS;SIMPLE_INSTRUMENT;BLOCK;EUR;108;165.73000000;281;PRC_DECOMP_EXCHANGE;;;;XEUR;10920731;410158;EXCHANGE
16.12.2024;15:00:41.669;FECX.S.DEC24.MAR25.SPD;FUTURES_SPREAD;BLOCK;EUR;151;-1.24000000;227;EXCHANGE_LAST;;1;1;XEUR;73819209234120728;410158;
16.12.2024;15:00:41.669;FECX SI 20241220 CS;SIMPLE_INSTRUMENT;BLOCK;EUR;151;165.77000000;227;PRC_DECOMP_MEMBER;;;;XEUR;10920731;410158;MEMBER
16.12.2024;15:00:41.669;FECX SI 20250321 CS;SIMPLE_INSTRUMENT;BLOCK;EUR;151;167.01000000;227;PRC_DECOMP_MEMBER;;;;XEUR;11427948;410158;MEMBER
16.12.2024;08:31:16.062;FEDV.S.DEC24.MAR25.SPD;FUTURES_SPREAD;BLOCK;EUR;3;-11.00000000;1000;EXCHANGE_LAST;;1;1;XEUR;72060153838436444;596;
16.12.2024;08:31:16.062;FEDV SI 20241220 CS;SIMPLE_INSTRUMENT;BLOCK;EUR;3;1637.00000000;1000;PRC_DECOMP_MEMBER;;;;XEUR;10838883;596;MEMBER
16.12.2024;08:31:16.062;FEDV SI 20250321 CS;SIMPLE_INSTRUMENT;BLOCK;EUR;3;1648.00000000;1000;PRC_DECOMP_MEMBER;;;;XEUR;11359068;596;MEMBER
16.12.2024;08:31:10.181;FEDV.S.DEC24.MAR25.SPD;FUTURES_SPREAD;BLOCK;EUR;4;-11.50000000;1000;EXCHANGE_LAST;;1;1;XEUR;72060153838436444;596;
16.12.2024;08:31:10.181;FEDV SI 20241220 CS;SIMPLE_INSTRUMENT;BLOCK;EUR;4;1637.00000000;1000;PRC_DECOMP_MEMBER;;;;XEUR;10838883;596;MEMBER
16.12.2024;08:31:10.181;FEDV SI 20250321 CS;SIMPLE_INSTRUMENT;BLOCK;EUR;4;1648.50000000;1000;PRC_DECOMP_MEMBER;;;;XEUR;11359068;596;MEMBER
16.12.2024;09:04:22.060;FEDV.S.DEC24.MAR25.SPD;FUTURES_SPREAD;BLOCK;EUR;9;-11.00000000;1500;EXCHANGE_LAST;;1;1;XEUR;72060153838436444;596;
16.12.2024;09:04:22.060;FEDV SI 20241220 CS;SIMPLE_INSTRUMENT;BLOCK;EUR;9;1637.00000000;1500;PRC_DECOMP_MEMBER;;;;XEUR;10838883;596;MEMBER
16.12.2024;09:04:22.060;FEDV SI 20250321 CS;SIMPLE_INSTRUMENT;BLOCK;EUR;9;1648.00000000;1500;PRC_DECOMP_MEMBER;;;;XEUR;11359068;596;MEMBER
16.12.2024;09:04:28.276;FEDV.S.DEC24.MAR25.SPD;FUTURES_SPREAD;BLOCK;EUR;10;-11.50000000;1500;EXCHANGE_LAST;;1;1;XEUR;72060153838436444;596;
16.12.2024;09:04:28.276;FEDV SI 20250321 CS;SIMPLE_INSTRUMENT;BLOCK;EUR;10;1648.50000000;1500;PRC_DECOMP_MEMBER;;;;XEUR;11359068;596;MEMBER
16.12.2024;09:04:28.276;FEDV SI 20241220 CS;SIMPLE_INSTRUMENT;BLOCK;EUR;10;1637.00000000;1500;PRC_DECOMP_MEMBER;;;;XEUR;10838883;596;MEMBER
16.12.2024;09:41:56.121;FEDV.S.DEC24.MAR25.SPD;FUTURES_SPREAD;BLOCK;EUR;21;-11.50000000;1500;EXCHANGE_LAST;;1;1;XEUR;72060153838436444;596;
16.12.2024;09:41:56.121;FEDV SI 20241220 CS;SIMPLE_INSTRUMENT;BLOCK;EUR;21;1637.00000000;1500;PRC_DECOMP_MEMBER;;;;XEUR;10838883;596;MEMBER
16.12.2024;09:41:56.121;FEDV SI 20250321 CS;SIMPLE_INSTRUMENT;BLOCK;EUR;21;1648.50000000;1500;PRC_DECOMP_MEMBER;;;;XEUR;11359068;596;MEMBER
16.12.2024;09:42:02.184;FEDV.S.DEC24.MAR25.SPD;FUTURES_SPREAD;BLOCK;EUR;22;-11.00000000;1500;EXCHANGE_LAST;;1;1;XEUR;72060153838436444;596;
16.12.2024;09:42:02.184;FEDV SI 20250321 CS;SIMPLE_INSTRUMENT;BLOCK;EUR;22;1648.00000000;1500;PRC_DECOMP_MEMBER;;;;XEUR;11359068;596;MEMBER
16.12.2024;09:42:02.184;FEDV SI 20241220 CS;SIMPLE_INSTRUMENT;BLOCK;EUR;22;1637.00000000;1500;PRC_DECOMP_MEMBER;;;;XEUR;10838883;596;MEMBER
16.12.2024;10:37:39.959;FEDV SI 20241220 CS;SIMPLE_INSTRUMENT;BLOCK;EUR;48;1629.00000000;4500;EXCHANGE_LAST;;1;1;XEUR;10838883;596;
16.12.2024;10:37:51.664;FEDV SI 20250321 CS;SIMPLE_INSTRUMENT;BLOCK;EUR;49;1640.00000000;2250;EXCHANGE_LAST;;1;1;XEUR;11359068;596;
16.12.2024;10:37:57.312;FEDV SI 20250321 CS;SIMPLE_INSTRUMENT;BLOCK;EUR;50;1640.50000000;2250;EXCHANGE_LAST;;1;1;XEUR;11359068;596;
16.12.2024;13:24:44.258;FEDV.S.DEC24.MAR25.SPD;FUTURES_SPREAD;BLOCK;EUR;112;-11.00000000;1400;EXCHANGE_LAST;;1;1;XEUR;72060153838436444;596;
16.12.2024;13:24:44.258;FEDV SI 20250321 CS;SIMPLE_INSTRUMENT;BLOCK;EUR;112;1634.50000000;1400;PRC_DECOMP_EXCHANGE;;;;XEUR;11359068;596;EXCHANGE
16.12.2024;13:24:44.258;FEDV SI 20241220 CS;SIMPLE_INSTRUMENT;BLOCK;EUR;112;1623.50000000;1400;PRC_DECOMP_EXCHANGE;;;;XEUR;10838883;596;EXCHANGE
16.12.2024;13:25:14.071;FEDV.S.DEC24.MAR25.SPD;FUTURES_SPREAD;BLOCK;EUR;113;-11.50000000;1400;EXCHANGE_LAST;;1;1;XEUR;72060153838436444;596;
16.12.2024;13:25:14.071;FEDV SI 20241220 CS;SIMPLE_INSTRUMENT;BLOCK;EUR;113;1623.00000000;1400;PRC_DECOMP_EXCHANGE;;;;XEUR;10838883;596;EXCHANGE
16.12.2024;13:25:14.071;FEDV SI 20250321 CS;SIMPLE_INSTRUMENT;BLOCK;EUR;113;1634.50000000;1400;PRC_DECOMP_EXCHANGE;;;;XEUR;11359068;596;EXCHANGE
16.12.2024;13:37:43.578;FEDV.S.DEC24.MAR25.SPD;FUTURES_SPREAD;BLOCK;EUR;126;-11.50000000;1150;EXCHANGE_LAST;;1;1;XEUR;72060153838436444;596;
16.12.2024;13:37:43.578;FEDV SI 20241220 CS;SIMPLE_INSTRUMENT;BLOCK;EUR;126;1623.00000000;1150;PRC_DECOMP_EXCHANGE;;;;XEUR;10838883;596;EXCHANGE
16.12.2024;13:37:43.578;FEDV SI 20250321 CS;SIMPLE_INSTRUMENT;BLOCK;EUR;126;1634.50000000;1150;PRC_DECOMP_EXCHANGE;;;;XEUR;11359068;596;EXCHANGE
16.12.2024;13:38:16.549;FEDV.S.DEC24.MAR25.SPD;FUTURES_SPREAD;BLOCK;EUR;127;-11.00000000;1150;EXCHANGE_LAST;;1;1;XEUR;72060153838436444;596;
16.12.2024;13:38:16.549;FEDV SI 20241220 CS;SIMPLE_INSTRUMENT;BLOCK;EUR;127;1623.50000000;1150;PRC_DECOMP_EXCHANGE;;;;XEUR;10838883;596;EXCHANGE
16.12.2024;13:38:16.549;FEDV SI 20250321 CS;SIMPLE_INSTRUMENT;BLOCK;EUR;127;1634.50000000;1150;PRC_DECOMP_EXCHANGE;;;;XEUR;11359068;596;EXCHANGE
16.12.2024;16:57:04.936;FEDV SI 20241220 CS;SIMPLE_INSTRUMENT;EFP_IDX;EUR;199;1625.00000000;480;EXCHANGE_LAST;;1;1;XEUR;10838883;596;
16.12.2024;16:57:14.662;FEDV SI 20241220 CS;SIMPLE_INSTRUMENT;EFP_IDX;EUR;200;1626.00000000;520;EXCHANGE_LAST;;1;1;XEUR;10838883;596;
16.12.2024;17:03:01.659;FEDV SI 20241220 CS;SIMPLE_INSTRUMENT;EFP_IDX;EUR;203;1625.50000000;1320;EXCHANGE_LAST;;1;1;XEUR;10838883;596;
16.12.2024;17:03:10.750;FEDV SI 20241220 CS;SIMPLE_INSTRUMENT;EFP_IDX;EUR;204;1626.00000000;680;EXCHANGE_LAST;;1;1;XEUR;10838883;596;
16.12.2024;08:54:42.176;FEHY.S.DEC24.MAR25.SPD;FUTURES_SPREAD;BLOCK;EUR;7;-2.42000000;623;EXCHANGE_LAST;;1;1;XEUR;74523107129294864;574047;
16.12.2024;08:54:42.176;FEHY SI 20241220 CS;SIMPLE_INSTRUMENT;BLOCK;EUR;7;293.60000000;623;PRC_DECOMP_EXCHANGE;;;;XEUR;10921067;574047;EXCHANGE
16.12.2024;08:54:42.176;FEHY SI 20250321 CS;SIMPLE_INSTRUMENT;BLOCK;EUR;7;296.02000000;623;PRC_DECOMP_EXCHANGE;;;;XEUR;11428365;574047;EXCHANGE
16.12.2024;11:52:12.385;FEHY SI 20241220 CS;SIMPLE_INSTRUMENT;BLOCK;EUR;90;293.84000000;649;EXCHANGE_LAST;;1;1;XEUR;10921067;574047;
16.12.2024;11:52:14.772;FEHY SI 20250321 CS;SIMPLE_INSTRUMENT;BLOCK;EUR;91;296.26000000;649;EXCHANGE_LAST;;1;1;XEUR;11428365;574047;
16.12.2024;16:15:26.754;FES1 SI 20241220 PS;SIMPLE_INSTRUMENT;BLOCK;EUR;173;3.30000000;250;EXCHANGE_LAST;;1;1;XEUR;10869579;58959;
16.12.2024;08:16:30.902;FESB.S.DEC24.MAR25.SPD;FUTURES_SPREAD;BLOCK;EUR;113;-0.32000000;1715;EXCHANGE_LAST;;1;1;XEUR;72060192493142108;605;
16.12.2024;08:16:30.902;FESB SI 20241220 CS;SIMPLE_INSTRUMENT;BLOCK;EUR;113;148.18000000;1715;PRC_DECOMP_EXCHANGE;;;;XEUR;10838895;605;EXCHANGE
16.12.2024;08:16:30.902;FESB SI 20250321 CS;SIMPLE_INSTRUMENT;BLOCK;EUR;113;148.50000000;1715;PRC_DECOMP_EXCHANGE;;;;XEUR;11359072;605;EXCHANGE
16.12.2024;08:16:31.428;FESB.S.DEC24.MAR25.SPD;FUTURES_SPREAD;BLOCK;EUR;114;-0.82000000;1785;EXCHANGE_LAST;;1;1;XEUR;72060192493142108;605;
16.12.2024;08:16:31.428;FESB SI 20250321 CS;SIMPLE_INSTRUMENT;BLOCK;EUR;114;148.70000000;1785;PRC_DECOMP_EXCHANGE;;;;XEUR;11359072;605;EXCHANGE
16.12.2024;08:16:31.428;FESB SI 20241220 CS;SIMPLE_INSTRUMENT;BLOCK;EUR;114;147.88000000;1785;PRC_DECOMP_EXCHANGE;;;;XEUR;10838895;605;EXCHANGE
16.12.2024;08:17:24.467;FESB.S.DEC24.MAR25.SPD;FUTURES_SPREAD;BLOCK;EUR;115;-0.54000000;1794;EXCHANGE_LAST;;1;1;XEUR;72060192493142108;605;
16.12.2024;08:17:24.467;FESB SI 20241220 CS;SIMPLE_INSTRUMENT;BLOCK;EUR;115;148.01000000;1794;PRC_DECOMP_EXCHANGE;;;;XEUR;10838895;605;EXCHANGE
16.12.2024;08:17:24.467;FESB SI 20250321 CS;SIMPLE_INSTRUMENT;BLOCK;EUR;115;148.55000000;1794;PRC_DECOMP_EXCHANGE;;;;XEUR;11359072;605;EXCHANGE
16.12.2024;08:17:28.373;FESB.S.DEC24.MAR25.SPD;FUTURES_SPREAD;BLOCK;EUR;116;-0.60000000;2512;EXCHANGE_LAST;;1;1;XEUR;72060192493142108;605;
16.12.2024;08:17:28.373;FESB SI 20241220 CS;SIMPLE_INSTRUMENT;BLOCK;EUR;116;147.95000000;2512;PRC_DECOMP_EXCHANGE;;;;XEUR;10838895;605;EXCHANGE
16.12.2024;08:17:28.373;FESB SI 20250321 CS;SIMPLE_INSTRUMENT;BLOCK;EUR;116;148.55000000;2512;PRC_DECOMP_EXCHANGE;;;;XEUR;11359072;605;EXCHANGE
16.12.2024;08:29:28.227;FESB.S.DEC24.MAR25.SPD;FUTURES_SPREAD;BLOCK;EUR;127;-0.56000000;4000;EXCHANGE_LAST;;1;1;XEUR;72060192493142108;605;
16.12.2024;08:29:28.227;FESB SI 20241220 CS;SIMPLE_INSTRUMENT;BLOCK;EUR;127;148.09000000;4000;PRC_DECOMP_EXCHANGE;;;;XEUR;10838895;605;EXCHANGE
16.12.2024;08:29:28.227;FESB SI 20250321 CS;SIMPLE_INSTRUMENT;BLOCK;EUR;127;148.65000000;4000;PRC_DECOMP_EXCHANGE;;;;XEUR;11359072;605;EXCHANGE
16.12.2024;08:30:17.025;FESB.S.DEC24.MAR25.SPD;FUTURES_SPREAD;BLOCK;EUR;129;-0.58000000;4000;EXCHANGE_LAST;;1;1;XEUR;72060192493142108;605;
16.12.2024;08:30:17.025;FESB SI 20241220 CS;SIMPLE_INSTRUMENT;BLOCK;EUR;129;147.97000000;4000;PRC_DECOMP_EXCHANGE;;;;XEUR;10838895;605;EXCHANGE
16.12.2024;08:30:17.025;FESB SI 20250321 CS;SIMPLE_INSTRUMENT;BLOCK;EUR;129;148.55000000;4000;PRC_DECOMP_EXCHANGE;;;;XEUR;11359072;605;EXCHANGE
16.12.2024;09:09:58.401;FESB SI 20241220 CS;SIMPLE_INSTRUMENT;BLOCK;EUR;151;147.90000000;11300;EXCHANGE_LAST;;1;1;XEUR;10838895;605;
16.12.2024;09:10:17.083;FESB SI 20250321 CS;SIMPLE_INSTRUMENT;BLOCK;EUR;152;148.45000000;5650;EXCHANGE_LAST;;1;1;XEUR;11359072;605;
16.12.2024;09:10:33.673;FESB SI 20250321 CS;SIMPLE_INSTRUMENT;BLOCK;EUR;153;148.50000000;5650;EXCHANGE_LAST;;1;1;XEUR;11359072;605;
16.12.2024;09:12:32.649;FESB.S.DEC24.MAR25.SPD;FUTURES_SPREAD;BLOCK;EUR;154;-0.56000000;1875;EXCHANGE_LAST;;1;1;XEUR;72060192493142108;605;
16.12.2024;09:12:32.649;FESB SI 20241220 CS;SIMPLE_INSTRUMENT;BLOCK;EUR;154;147.80000000;1875;PRC_DECOMP_MEMBER;;;;XEUR;10838895;605;MEMBER
16.12.2024;09:12:32.649;FESB SI 20250321 CS;SIMPLE_INSTRUMENT;BLOCK;EUR;154;148.36000000;1875;PRC_DECOMP_MEMBER;;;;XEUR;11359072;605;MEMBER
16.12.2024;09:13:10.672;FESB.S.DEC24.MAR25.SPD;FUTURES_SPREAD;BLOCK;EUR;155;-0.58000000;5625;EXCHANGE_LAST;;1;1;XEUR;72060192493142108;605;
16.12.2024;09:13:10.672;FESB SI 20250321 CS;SIMPLE_INSTRUMENT;BLOCK;EUR;155;148.38000000;5625;PRC_DECOMP_MEMBER;;;;XEUR;11359072;605;MEMBER
16.12.2024;09:13:10.672;FESB SI 20241220 CS;SIMPLE_INSTRUMENT;BLOCK;EUR;155;147.80000000;5625;PRC_DECOMP_MEMBER;;;;XEUR;10838895;605;MEMBER
16.12.2024;09:25:51.726;FESB.S.DEC24.MAR25.SPD;FUTURES_SPREAD;BLOCK;EUR;161;-0.60000000;3750;EXCHANGE_LAST;;2;2;XEUR;72060192493142108;605;
16.12.2024;09:25:51.726;FESB SI 20250321 CS;SIMPLE_INSTRUMENT;BLOCK;EUR;161;148.60000000;3750;PRC_DECOMP_MEMBER;;;;XEUR;11359072;605;MEMBER
16.12.2024;09:25:51.726;FESB SI 20241220 CS;SIMPLE_INSTRUMENT;BLOCK;EUR;161;148.00000000;3750;PRC_DECOMP_MEMBER;;;;XEUR;10838895;605;MEMBER
16.12.2024;09:25:43.908;FESB.S.DEC24.MAR25.SPD;FUTURES_SPREAD;BLOCK;EUR;162;-0.56000000;6250;EXCHANGE_LAST;;2;2;XEUR;72060192493142108;605;
16.12.2024;09:25:43.908;FESB SI 20241220 CS;SIMPLE_INSTRUMENT;BLOCK;EUR;162;148.00000000;6250;PRC_DECOMP_MEMBER;;;;XEUR;10838895;605;MEMBER
16.12.2024;09:25:43.908;FESB SI 20250321 CS;SIMPLE_INSTRUMENT;BLOCK;EUR;162;148.56000000;6250;PRC_DECOMP_MEMBER;;;;XEUR;11359072;605;MEMBER
16.12.2024;10:19:18.011;FESB.S.DEC24.MAR25.SPD;FUTURES_SPREAD;BLOCK;EUR;201;-0.58000000;25091;EXCHANGE_LAST;;1;1;XEUR;72060192493142108;605;
16.12.2024;10:19:18.011;FESB SI 20241220 CS;SIMPLE_INSTRUMENT;BLOCK;EUR;201;147.72000000;25091;PRC_DECOMP_EXCHANGE;;;;XEUR;10838895;605;EXCHANGE
16.12.2024;10:19:18.011;FESB SI 20250321 CS;SIMPLE_INSTRUMENT;BLOCK;EUR;201;148.30000000;25091;PRC_DECOMP_EXCHANGE;;;;XEUR;11359072;605;EXCHANGE
16.12.2024;10:36:23.397;FESB.S.DEC24.MAR25.SPD;FUTURES_SPREAD;BLOCK;EUR;219;-0.58000000;12500;EXCHANGE_LAST;;1;1;XEUR;72060192493142108;605;
16.12.2024;10:36:23.397;FESB SI 20241220 CS;SIMPLE_INSTRUMENT;BLOCK;EUR;219;147.60000000;12500;PRC_DECOMP_MEMBER;;;;XEUR;10838895;605;MEMBER
16.12.2024;10:36:23.397;FESB SI 20250321 CS;SIMPLE_INSTRUMENT;BLOCK;EUR;219;148.18000000;12500;PRC_DECOMP_MEMBER;;;;XEUR;11359072;605;MEMBER
16.12.2024;10:36:29.470;FESB.S.DEC24.MAR25.SPD;FUTURES_SPREAD;BLOCK;EUR;220;-0.60000000;12500;EXCHANGE_LAST;;1;1;XEUR;72060192493142108;605;
16.12.2024;10:36:29.470;FESB SI 20241220 CS;SIMPLE_INSTRUMENT;BLOCK;EUR;220;147.60000000;12500;PRC_DECOMP_MEMBER;;;;XEUR;10838895;605;MEMBER
16.12.2024;10:36:29.470;FESB SI 20250321 CS;SIMPLE_INSTRUMENT;BLOCK;EUR;220;148.20000000;12500;PRC_DECOMP_MEMBER;;;;XEUR;11359072;605;MEMBER
16.12.2024;11:03:53.241;FESB.S.DEC24.MAR25.SPD;FUTURES_SPREAD;BLOCK;EUR;241;-0.58000000;2500;EXCHANGE_LAST;;1;1;XEUR;72060192493142108;605;
16.12.2024;11:03:53.241;FESB SI 20250321 CS;SIMPLE_INSTRUMENT;BLOCK;EUR;241;148.38000000;2500;PRC_DECOMP_MEMBER;;;;XEUR;11359072;605;MEMBER
16.12.2024;11:03:53.241;FESB SI 20241220 CS;SIMPLE_INSTRUMENT;BLOCK;EUR;241;147.80000000;2500;PRC_DECOMP_MEMBER;;;;XEUR;10838895;605;MEMBER
16.12.2024;11:03:56.566;FESB.S.DEC24.MAR25.SPD;FUTURES_SPREAD;BLOCK;EUR;246;-0.60000000;7500;EXCHANGE_LAST;;1;1;XEUR;72060192493142108;605;
16.12.2024;11:03:56.566;FESB SI 20250321 CS;SIMPLE_INSTRUMENT;BLOCK;EUR;246;148.40000000;7500;PRC_DECOMP_MEMBER;;;;XEUR;11359072;605;MEMBER
16.12.2024;11:03:56.566;FESB SI 20241220 CS;SIMPLE_INSTRUMENT;BLOCK;EUR;246;147.80000000;7500;PRC_DECOMP_MEMBER;;;;XEUR;10838895;605;MEMBER
16.12.2024;12:40:33.136;FESB.S.DEC24.MAR25.SPD;FUTURES_SPREAD;BLOCK;EUR;327;-0.58000000;6000;EXCHANGE_LAST;;1;1;XEUR;72060192493142108;605;
16.12.2024;12:40:33.136;FESB SI 20250321 CS;SIMPLE_INSTRUMENT;BLOCK;EUR;327;148.00000000;6000;PRC_DECOMP_EXCHANGE;;;;XEUR;11359072;605;EXCHANGE
16.12.2024;12:40:33.136;FESB SI 20241220 CS;SIMPLE_INSTRUMENT;BLOCK;EUR;327;147.42000000;6000;PRC_DECOMP_EXCHANGE;;;;XEUR;10838895;605;EXCHANGE
16.12.2024;12:40:53.379;FESB.S.DEC24.MAR25.SPD;FUTURES_SPREAD;BLOCK;EUR;328;-0.60000000;6000;EXCHANGE_LAST;;1;1;XEUR;72060192493142108;605;
16.12.2024;12:40:53.379;FESB SI 20241220 CS;SIMPLE_INSTRUMENT;BLOCK;EUR;328;147.40000000;6000;PRC_DECOMP_EXCHANGE;;;;XEUR;10838895;605;EXCHANGE
16.12.2024;12:40:53.379;FESB SI 20250321 CS;SIMPLE_INSTRUMENT;BLOCK;EUR;328;148.00000000;6000;PRC_DECOMP_EXCHANGE;;;;XEUR;11359072;605;EXCHANGE
16.12.2024;12:46:27.156;FESB SI 20241220 CS;SIMPLE_INSTRUMENT;BLOCK;EUR;333;147.50000000;5000;EXCHANGE_LAST;;1;1;XEUR;10838895;605;
16.12.2024;12:48:30.657;FESB SI 20241220 CS;SIMPLE_INSTRUMENT;BLOCK;EUR;334;147.50000000;5000;EXCHANGE_LAST;;1;1;XEUR;10838895;605;
16.12.2024;12:53:30.394;FESB SI 20241220 CS;SIMPLE_INSTRUMENT;BLOCK;EUR;335;147.30000000;5000;EXCHANGE_LAST;;1;1;XEUR;10838895;605;
16.12.2024;12:59:35.843;FESB.S.DEC24.MAR25.SPD;FUTURES_SPREAD;BLOCK;EUR;339;-0.60000000;11918;EXCHANGE_LAST;;1;1;XEUR;72060192493142108;605;
16.12.2024;12:59:35.843;FESB SI 20241220 CS;SIMPLE_INSTRUMENT;BLOCK;EUR;339;147.20000000;11918;PRC_DECOMP_EXCHANGE;;;;XEUR;10838895;605;EXCHANGE
16.12.2024;12:59:35.843;FESB SI 20250321 CS;SIMPLE_INSTRUMENT;BLOCK;EUR;339;147.80000000;11918;PRC_DECOMP_EXCHANGE;;;;XEUR;11359072;605;EXCHANGE
16.12.2024;12:59:43.843;FESB.S.DEC24.MAR25.SPD;FUTURES_SPREAD;BLOCK;EUR;340;-0.56000000;13173;EXCHANGE_LAST;;1;1;XEUR;72060192493142108;605;
16.12.2024;12:59:43.843;FESB SI 20241220 CS;SIMPLE_INSTRUMENT;BLOCK;EUR;340;147.24000000;13173;PRC_DECOMP_EXCHANGE;;;;XEUR;10838895;605;EXCHANGE
16.12.2024;12:59:43.843;FESB SI 20250321 CS;SIMPLE_INSTRUMENT;BLOCK;EUR;340;147.80000000;13173;PRC_DECOMP_EXCHANGE;;;;XEUR;11359072;605;EXCHANGE
16.12.2024;13:16:35.388;FESB SI 20241220 CS;SIMPLE_INSTRUMENT;BLOCK;EUR;346;147.30000000;15000;EXCHANGE_LAST;;1;1;XEUR;10838895;605;
16.12.2024;13:25:44.194;FESB SI 20241220 CS;SIMPLE_INSTRUMENT;BLOCK;EUR;353;147.20000000;17500;EXCHANGE_LAST;;1;1;XEUR;10838895;605;
16.12.2024;13:27:49.903;FESB SI 20241220 CS;SIMPLE_INSTRUMENT;BLOCK;EUR;354;147.20000000;15000;EXCHANGE_LAST;;1;1;XEUR;10838895;605;
16.12.2024;13:30:08.435;FESB.S.DEC24.MAR25.SPD;FUTURES_SPREAD;BLOCK;EUR;355;-0.60000000;3937;EXCHANGE_LAST;;1;1;XEUR;72060192493142108;605;
16.12.2024;13:30:08.435;FESB SI 20250321 CS;SIMPLE_INSTRUMENT;BLOCK;EUR;355;147.85000000;3937;PRC_DECOMP_EXCHANGE;;;;XEUR;11359072;605;EXCHANGE
16.12.2024;13:30:08.435;FESB SI 20241220 CS;SIMPLE_INSTRUMENT;BLOCK;EUR;355;147.25000000;3937;PRC_DECOMP_EXCHANGE;;;;XEUR;10838895;605;EXCHANGE
16.12.2024;13:30:24.436;FESB.S.DEC24.MAR25.SPD;FUTURES_SPREAD;BLOCK;EUR;356;-0.56000000;2363;EXCHANGE_LAST;;1;1;XEUR;72060192493142108;605;
16.12.2024;13:30:24.436;FESB SI 20250321 CS;SIMPLE_INSTRUMENT;BLOCK;EUR;356;147.85000000;2363;PRC_DECOMP_EXCHANGE;;;;XEUR;11359072;605;EXCHANGE
16.12.2024;13:30:24.436;FESB SI 20241220 CS;SIMPLE_INSTRUMENT;BLOCK;EUR;356;147.29000000;2363;PRC_DECOMP_EXCHANGE;;;;XEUR;10838895;605;EXCHANGE
16.12.2024;13:32:04.175;FESB.S.DEC24.MAR25.SPD;FUTURES_SPREAD;BLOCK;EUR;359;-0.58000000;2328;EXCHANGE_LAST;;1;1;XEUR;72060192493142108;605;
16.12.2024;13:32:04.175;FESB SI 20241220 CS;SIMPLE_INSTRUMENT;BLOCK;EUR;359;147.27000000;2328;PRC_DECOMP_EXCHANGE;;;;XEUR;10838895;605;EXCHANGE
16.12.2024;13:32:04.175;FESB SI 20250321 CS;SIMPLE_INSTRUMENT;BLOCK;EUR;359;147.85000000;2328;PRC_DECOMP_EXCHANGE;;;;XEUR;11359072;605;EXCHANGE
16.12.2024;13:33:06.752;FESB.S.DEC24.MAR25.SPD;FUTURES_SPREAD;BLOCK;EUR;361;-0.60000000;2329;EXCHANGE_LAST;;1;1;XEUR;72060192493142108;605;
16.12.2024;13:33:06.752;FESB SI 20241220 CS;SIMPLE_INSTRUMENT;BLOCK;EUR;361;147.25000000;2329;PRC_DECOMP_EXCHANGE;;;;XEUR;10838895;605;EXCHANGE
16.12.2024;13:33:06.752;FESB SI 20250321 CS;SIMPLE_INSTRUMENT;BLOCK;EUR;361;147.85000000;2329;PRC_DECOMP_EXCHANGE;;;;XEUR;11359072;605;EXCHANGE
16.12.2024;13:43:47.476;FESB.S.DEC24.MAR25.SPD;FUTURES_SPREAD;BLOCK;EUR;362;-0.56000000;1875;EXCHANGE_LAST;;1;1;XEUR;72060192493142108;605;
16.12.2024;13:43:47.476;FESB SI 20241220 CS;SIMPLE_INSTRUMENT;BLOCK;EUR;362;147.24000000;1875;PRC_DECOMP_EXCHANGE;;;;XEUR;10838895;605;EXCHANGE
16.12.2024;13:43:47.476;FESB SI 20250321 CS;SIMPLE_INSTRUMENT;BLOCK;EUR;362;147.80000000;1875;PRC_DECOMP_EXCHANGE;;;;XEUR;11359072;605;EXCHANGE
16.12.2024;13:44:00.477;FESB.S.DEC24.MAR25.SPD;FUTURES_SPREAD;BLOCK;EUR;364;-0.60000000;3125;EXCHANGE_LAST;;1;1;XEUR;72060192493142108;605;
16.12.2024;13:44:00.477;FESB SI 20241220 CS;SIMPLE_INSTRUMENT;BLOCK;EUR;364;147.20000000;3125;PRC_DECOMP_EXCHANGE;;;;XEUR;10838895;605;EXCHANGE
16.12.2024;13:44:00.477;FESB SI 20250321 CS;SIMPLE_INSTRUMENT;BLOCK;EUR;364;147.80000000;3125;PRC_DECOMP_EXCHANGE;;;;XEUR;11359072;605;EXCHANGE
16.12.2024;14:10:15.776;FESB.S.DEC24.MAR25.SPD;FUTURES_SPREAD;BLOCK;EUR;383;-0.58000000;6369;EXCHANGE_LAST;;1;1;XEUR;72060192493142108;605;
16.12.2024;14:10:15.776;FESB SI 20241220 CS;SIMPLE_INSTRUMENT;BLOCK;EUR;383;147.42000000;6369;PRC_DECOMP_EXCHANGE;;;;XEUR;10838895;605;EXCHANGE
16.12.2024;14:10:15.776;FESB SI 20250321 CS;SIMPLE_INSTRUMENT;BLOCK;EUR;383;148.00000000;6369;PRC_DECOMP_EXCHANGE;;;;XEUR;11359072;605;EXCHANGE
16.12.2024;14:10:12.280;FESB.S.DEC24.MAR25.SPD;FUTURES_SPREAD;BLOCK;EUR;384;-0.60000000;6369;EXCHANGE_LAST;;1;1;XEUR;72060192493142108;605;
16.12.2024;14:10:12.280;FESB SI 20250321 CS;SIMPLE_INSTRUMENT;BLOCK;EUR;384;148.00000000;6369;PRC_DECOMP_EXCHANGE;;;;XEUR;11359072;605;EXCHANGE
16.12.2024;14:10:12.280;FESB SI 20241220 CS;SIMPLE_INSTRUMENT;BLOCK;EUR;384;147.40000000;6369;PRC_DECOMP_EXCHANGE;;;;XEUR;10838895;605;EXCHANGE
16.12.2024;14:13:54.466;FESB.S.DEC24.MAR25.SPD;FUTURES_SPREAD;BLOCK;EUR;389;-0.58000000;7506;EXCHANGE_LAST;;1;1;XEUR;72060192493142108;605;
16.12.2024;14:13:54.466;FESB SI 20250321 CS;SIMPLE_INSTRUMENT;BLOCK;EUR;389;147.95000000;7506;PRC_DECOMP_EXCHANGE;;;;XEUR;11359072;605;EXCHANGE
16.12.2024;14:13:54.466;FESB SI 20241220 CS;SIMPLE_INSTRUMENT;BLOCK;EUR;389;147.37000000;7506;PRC_DECOMP_EXCHANGE;;;;XEUR;10838895;605;EXCHANGE
16.12.2024;14:14:10.779;FESB.S.DEC24.MAR25.SPD;FUTURES_SPREAD;BLOCK;EUR;390;-0.60000000;7507;EXCHANGE_LAST;;1;1;XEUR;72060192493142108;605;
16.12.2024;14:14:10.779;FESB SI 20241220 CS;SIMPLE_INSTRUMENT;BLOCK;EUR;390;147.40000000;7507;PRC_DECOMP_EXCHANGE;;;;XEUR;10838895;605;EXCHANGE
16.12.2024;14:14:10.779;FESB SI 20250321 CS;SIMPLE_INSTRUMENT;BLOCK;EUR;390;148.00000000;7507;PRC_DECOMP_EXCHANGE;;;;XEUR;11359072;605;EXCHANGE
16.12.2024;14:31:14.986;FESB.S.DEC24.MAR25.SPD;FUTURES_SPREAD;BLOCK;EUR;396;-0.58000000;17570;EXCHANGE_LAST;;1;3;XEUR;72060192493142108;605;
16.12.2024;14:31:14.986;FESB SI 20250321 CS;SIMPLE_INSTRUMENT;BLOCK;EUR;396;147.88000000;17570;PRC_DECOMP_MEMBER;;;;XEUR;11359072;605;MEMBER
16.12.2024;14:31:14.986;FESB SI 20241220 CS;SIMPLE_INSTRUMENT;BLOCK;EUR;396;147.30000000;17570;PRC_DECOMP_MEMBER;;;;XEUR;10838895;605;MEMBER
16.12.2024;14:31:17.699;FESB.S.DEC24.MAR25.SPD;FUTURES_SPREAD;BLOCK;EUR;397;-0.60000000;17571;EXCHANGE_LAST;;1;3;XEUR;72060192493142108;605;
16.12.2024;14:31:17.699;FESB SI 20241220 CS;SIMPLE_INSTRUMENT;BLOCK;EUR;397;147.30000000;17571;PRC_DECOMP_MEMBER;;;;XEUR;10838895;605;MEMBER
16.12.2024;14:31:17.699;FESB SI 20250321 CS;SIMPLE_INSTRUMENT;BLOCK;EUR;397;147.90000000;17571;PRC_DECOMP_MEMBER;;;;XEUR;11359072;605;MEMBER
16.12.2024;14:44:18.845;FESB.S.DEC24.MAR25.SPD;FUTURES_SPREAD;BLOCK;EUR;399;-0.58000000;7500;EXCHANGE_LAST;;1;1;XEUR;72060192493142108;605;
16.12.2024;14:44:18.845;FESB SI 20241220 CS;SIMPLE_INSTRUMENT;BLOCK;EUR;399;147.42000000;7500;PRC_DECOMP_EXCHANGE;;;;XEUR;10838895;605;EXCHANGE
16.12.2024;14:44:18.845;FESB SI 20250321 CS;SIMPLE_INSTRUMENT;BLOCK;EUR;399;148.00000000;7500;PRC_DECOMP_EXCHANGE;;;;XEUR;11359072;605;EXCHANGE
16.12.2024;14:44:30.242;FESB.S.DEC24.MAR25.SPD;FUTURES_SPREAD;BLOCK;EUR;400;-0.60000000;22500;EXCHANGE_LAST;;1;1;XEUR;72060192493142108;605;
16.12.2024;14:44:30.242;FESB SI 20241220 CS;SIMPLE_INSTRUMENT;BLOCK;EUR;400;147.40000000;22500;PRC_DECOMP_EXCHANGE;;;;XEUR;10838895;605;EXCHANGE
16.12.2024;14:44:30.242;FESB SI 20250321 CS;SIMPLE_INSTRUMENT;BLOCK;EUR;400;148.00000000;22500;PRC_DECOMP_EXCHANGE;;;;XEUR;11359072;605;EXCHANGE
16.12.2024;14:48:20.222;FESB.S.DEC24.MAR25.SPD;FUTURES_SPREAD;BLOCK;EUR;406;-0.60000000;1850;EXCHANGE_LAST;;1;1;XEUR;72060192493142108;605;
16.12.2024;14:48:20.222;FESB SI 20250321 CS;SIMPLE_INSTRUMENT;BLOCK;EUR;406;148.20000000;1850;PRC_DECOMP_EXCHANGE;;;;XEUR;11359072;605;EXCHANGE
16.12.2024;14:48:20.222;FESB SI 20241220 CS;SIMPLE_INSTRUMENT;BLOCK;EUR;406;147.60000000;1850;PRC_DECOMP_EXCHANGE;;;;XEUR;10838895;605;EXCHANGE
16.12.2024;14:49:28.611;FESB.S.DEC24.MAR25.SPD;FUTURES_SPREAD;BLOCK;EUR;407;-0.58000000;1850;EXCHANGE_LAST;;1;1;XEUR;72060192493142108;605;
16.12.2024;14:49:28.611;FESB SI 20250321 CS;SIMPLE_INSTRUMENT;BLOCK;EUR;407;148.18000000;1850;PRC_DECOMP_MEMBER;;;;XEUR;11359072;605;MEMBER
16.12.2024;14:49:28.611;FESB SI 20241220 CS;SIMPLE_INSTRUMENT;BLOCK;EUR;407;147.60000000;1850;PRC_DECOMP_MEMBER;;;;XEUR;10838895;605;MEMBER
16.12.2024;15:11:40.189;FESB.S.DEC24.MAR25.SPD;FUTURES_SPREAD;BLOCK;EUR;425;-0.58000000;2397;EXCHANGE_LAST;;1;1;XEUR;72060192493142108;605;
16.12.2024;15:11:40.189;FESB SI 20241220 CS;SIMPLE_INSTRUMENT;BLOCK;EUR;425;147.60000000;2397;PRC_DECOMP_MEMBER;;;;XEUR;10838895;605;MEMBER
16.12.2024;15:11:40.189;FESB SI 20250321 CS;SIMPLE_INSTRUMENT;BLOCK;EUR;425;148.18000000;2397;PRC_DECOMP_MEMBER;;;;XEUR;11359072;605;MEMBER
16.12.2024;15:11:46.542;FESB.S.DEC24.MAR25.SPD;FUTURES_SPREAD;BLOCK;EUR;426;-0.60000000;2397;EXCHANGE_LAST;;1;1;XEUR;72060192493142108;605;
16.12.2024;15:11:46.542;FESB SI 20250321 CS;SIMPLE_INSTRUMENT;BLOCK;EUR;426;148.20000000;2397;PRC_DECOMP_MEMBER;;;;XEUR;11359072;605;MEMBER
16.12.2024;15:11:46.542;FESB SI 20241220 CS;SIMPLE_INSTRUMENT;BLOCK;EUR;426;147.60000000;2397;PRC_DECOMP_MEMBER;;;;XEUR;10838895;605;MEMBER
16.12.2024;15:13:32.745;FESB.S.DEC24.MAR25.SPD;FUTURES_SPREAD;BLOCK;EUR;429;0.00000000;2455;EXCHANGE_LAST;;1;1;XEUR;72060192493142108;605;
16.12.2024;15:13:32.745;FESB SI 20250321 CS;SIMPLE_INSTRUMENT;BLOCK;EUR;429;147.50000000;2455;PRC_DECOMP_MEMBER;;;;XEUR;11359072;605;MEMBER
16.12.2024;15:13:32.745;FESB SI 20241220 CS;SIMPLE_INSTRUMENT;BLOCK;EUR;429;147.50000000;2455;PRC_DECOMP_MEMBER;;;;XEUR;10838895;605;MEMBER
16.12.2024;15:13:49.670;FESB.S.DEC24.MAR25.SPD;FUTURES_SPREAD;BLOCK;EUR;430;-1.00000000;3532;EXCHANGE_LAST;;1;1;XEUR;72060192493142108;605;
16.12.2024;15:13:49.670;FESB SI 20241220 CS;SIMPLE_INSTRUMENT;BLOCK;EUR;430;147.50000000;3532;PRC_DECOMP_MEMBER;;;;XEUR;10838895;605;MEMBER
16.12.2024;15:13:49.670;FESB SI 20250321 CS;SIMPLE_INSTRUMENT;BLOCK;EUR;430;148.50000000;3532;PRC_DECOMP_MEMBER;;;;XEUR;11359072;605;MEMBER
16.12.2024;15:45:32.744;FESB.S.DEC24.MAR25.SPD;FUTURES_SPREAD;BLOCK;EUR;448;-0.58000000;2247;EXCHANGE_LAST;;1;1;XEUR;72060192493142108;605;
16.12.2024;15:45:32.744;FESB SI 20250321 CS;SIMPLE_INSTRUMENT;BLOCK;EUR;448;147.98000000;2247;PRC_DECOMP_MEMBER;;;;XEUR;11359072;605;MEMBER
16.12.2024;15:45:32.744;FESB SI 20241220 CS;SIMPLE_INSTRUMENT;BLOCK;EUR;448;147.40000000;2247;PRC_DECOMP_MEMBER;;;;XEUR;10838895;605;MEMBER
16.12.2024;15:45:37.208;FESB.S.DEC24.MAR25.SPD;FUTURES_SPREAD;BLOCK;EUR;449;-0.60000000;2247;EXCHANGE_LAST;;1;1;XEUR;72060192493142108;605;
16.12.2024;15:45:37.208;FESB SI 20241220 CS;SIMPLE_INSTRUMENT;BLOCK;EUR;449;147.40000000;2247;PRC_DECOMP_MEMBER;;;;XEUR;10838895;605;MEMBER
16.12.2024;15:45:37.208;FESB SI 20250321 CS;SIMPLE_INSTRUMENT;BLOCK;EUR;449;148.00000000;2247;PRC_DECOMP_MEMBER;;;;XEUR;11359072;605;MEMBER
16.12.2024;16:29:40.617;FESB SI 20241220 CS;SIMPLE_INSTRUMENT;BLOCK;EUR;477;147.60000000;16979;EXCHANGE_LAST;;1;1;XEUR;10838895;605;
16.12.2024;16:30:42.773;FESB SI 20241220 CS;SIMPLE_INSTRUMENT;BLOCK;EUR;478;147.60000000;5000;EXCHANGE_LAST;;1;1;XEUR;10838895;605;
16.12.2024;16:44:02.619;FESB SI 20241220 CS;SIMPLE_INSTRUMENT;BLOCK;EUR;481;147.60000000;5000;EXCHANGE_LAST;;1;1;XEUR;10838895;605;
16.12.2024;09:51:07.747;FESE.S.DEC24.MAR25.SPD;FUTURES_SPREAD;BLOCK;EUR;16;0.00000000;650;EXCHANGE_LAST;;1;1;XEUR;72060536090525788;685;
16.12.2024;09:51:07.747;FESE SI 20250321 CS;SIMPLE_INSTRUMENT;BLOCK;EUR;16;339.50000000;650;PRC_DECOMP_EXCHANGE;;;;XEUR;11359705;685;EXCHANGE
16.12.2024;09:51:07.747;FESE SI 20241220 CS;SIMPLE_INSTRUMENT;BLOCK;EUR;16;339.50000000;650;PRC_DECOMP_EXCHANGE;;;;XEUR;10839519;685;EXCHANGE
16.12.2024;15:12:04.941;FESE.S.DEC24.MAR25.SPD;FUTURES_SPREAD;BLOCK;EUR;72;-0.10000000;562;EXCHANGE_LAST;;1;1;XEUR;72060536090525788;685;
16.12.2024;15:12:04.941;FESE SI 20250321 CS;SIMPLE_INSTRUMENT;BLOCK;EUR;72;337.60000000;562;PRC_DECOMP_EXCHANGE;;;;XEUR;11359705;685;EXCHANGE
16.12.2024;15:12:04.941;FESE SI 20241220 CS;SIMPLE_INSTRUMENT;BLOCK;EUR;72;337.50000000;562;PRC_DECOMP_EXCHANGE;;;;XEUR;10839519;685;EXCHANGE
16.12.2024;15:12:16.400;FESE.S.DEC24.MAR25.SPD;FUTURES_SPREAD;BLOCK;EUR;73;0.10000000;688;EXCHANGE_LAST;;1;1;XEUR;72060536090525788;685;
16.12.2024;15:12:16.400;FESE SI 20241220 CS;SIMPLE_INSTRUMENT;BLOCK;EUR;73;337.60000000;688;PRC_DECOMP_EXCHANGE;;;;XEUR;10839519;685;EXCHANGE
16.12.2024;15:12:16.400;FESE SI 20250321 CS;SIMPLE_INSTRUMENT;BLOCK;EUR;73;337.50000000;688;PRC_DECOMP_EXCHANGE;;;;XEUR;11359705;685;EXCHANGE
16.12.2024;14:59:31.157;FESE SI 20241220 CS;SIMPLE_INSTRUMENT;VOLA;EUR;603979828;338.20000000;41;EXCHANGE_LAST;;1;1;XEUR;10839519;685;
16.12.2024;11:15:16.933;FESI SI 20241220 CS;SIMPLE_INSTRUMENT;BLOCK;EUR;36;435.50000000;800;EXCHANGE_LAST;;1;1;XEUR;10839433;681;
16.12.2024;11:15:23.871;FESI SI 20250321 CS;SIMPLE_INSTRUMENT;BLOCK;EUR;37;439.60000000;800;EXCHANGE_LAST;;1;1;XEUR;11359634;681;
16.12.2024;15:44:22.308;FESI.S.DEC24.MAR25.SPD;FUTURES_SPREAD;BLOCK;EUR;85;-4.20000000;4794;EXCHANGE_LAST;;1;1;XEUR;72060518910656604;681;
16.12.2024;15:44:22.308;FESI SI 20241220 CS;SIMPLE_INSTRUMENT;BLOCK;EUR;85;435.30000000;4794;PRC_DECOMP_EXCHANGE;;;;XEUR;10839433;681;EXCHANGE
16.12.2024;15:44:22.308;FESI SI 20250321 CS;SIMPLE_INSTRUMENT;BLOCK;EUR;85;439.50000000;4794;PRC_DECOMP_EXCHANGE;;;;XEUR;11359634;681;EXCHANGE
16.12.2024;15:44:50.095;FESI.S.DEC24.MAR25.SPD;FUTURES_SPREAD;BLOCK;EUR;86;-4.10000000;1199;EXCHANGE_LAST;;1;1;XEUR;72060518910656604;681;
16.12.2024;15:44:50.095;FESI SI 20250321 CS;SIMPLE_INSTRUMENT;BLOCK;EUR;86;439.40000000;1199;PRC_DECOMP_EXCHANGE;;;;XEUR;11359634;681;EXCHANGE
16.12.2024;15:44:50.095;FESI SI 20241220 CS;SIMPLE_INSTRUMENT;BLOCK;EUR;86;435.30000000;1199;PRC_DECOMP_EXCHANGE;;;;XEUR;10839433;681;EXCHANGE
16.12.2024;15:31:11.627;FESI SI 20241220 CS;SIMPLE_INSTRUMENT;VOLA;EUR;603979838;434.50000000;67;EXCHANGE_LAST;;1;1;XEUR;10839433;681;
16.12.2024;10:48:54.998;FESL.S.DEC24.MAR25.SPD;FUTURES_SPREAD;BLOCK;EUR;27;-1.00000000;500;EXCHANGE_LAST;;1;1;XEUR;72060514615689308;680;
16.12.2024;10:48:54.998;FESL SI 20241220 CS;SIMPLE_INSTRUMENT;BLOCK;EUR;27;147.80000000;500;PRC_DECOMP_EXCHANGE;;;;XEUR;10839396;680;EXCHANGE
16.12.2024;10:48:54.998;FESL SI 20250321 CS;SIMPLE_INSTRUMENT;BLOCK;EUR;27;148.80000000;500;PRC_DECOMP_EXCHANGE;;;;XEUR;11359619;680;EXCHANGE
16.12.2024;15:26:22.056;FESS SI 20241220 CS;SIMPLE_INSTRUMENT;VOLA;EUR;603979834;177.60000000;139;EXCHANGE_LAST;;1;1;XEUR;10839385;679;
16.12.2024;15:23:52.907;FEST SI 20241220 CS;SIMPLE_INSTRUMENT;VOLA;EUR;603979832;333.90000000;40;EXCHANGE_LAST;;1;1;XEUR;10839355;678;
16.12.2024;15:26:14.534;FEST SI 20241220 CS;SIMPLE_INSTRUMENT;VOLA;EUR;603979833;333.90000000;7;EXCHANGE_LAST;;1;1;XEUR;10839355;678;
16.12.2024;11:22:26.914;FESU SI 20241220 CS;SIMPLE_INSTRUMENT;BLOCK;EUR;41;380.90000000;1400;EXCHANGE_LAST;;1;1;XEUR;10839076;673;
16.12.2024;11:22:31.226;FESU SI 20250321 CS;SIMPLE_INSTRUMENT;BLOCK;EUR;42;380.30000000;700;EXCHANGE_LAST;;1;1;XEUR;11359368;673;
16.12.2024;11:22:34.691;FESU SI 20250321 CS;SIMPLE_INSTRUMENT;BLOCK;EUR;43;380.40000000;700;EXCHANGE_LAST;;1;1;XEUR;11359368;673;
16.12.2024;15:43:55.806;FESU.S.DEC24.MAR25.SPD;FUTURES_SPREAD;BLOCK;EUR;84;0.60000000;320;EXCHANGE_LAST;;1;1;XEUR;72060484550918236;673;
16.12.2024;15:43:55.806;FESU SI 20250321 CS;SIMPLE_INSTRUMENT;BLOCK;EUR;84;379.40000000;320;PRC_DECOMP_EXCHANGE;;;;XEUR;11359368;673;EXCHANGE
16.12.2024;15:43:55.806;FESU SI 20241220 CS;SIMPLE_INSTRUMENT;BLOCK;EUR;84;380.00000000;320;PRC_DECOMP_EXCHANGE;;;;XEUR;10839076;673;EXCHANGE
16.12.2024;16:47:33.551;FESU.S.DEC24.MAR25.SPD;FUTURES_SPREAD;BLOCK;EUR;102;0.50000000;526;EXCHANGE_LAST;;1;1;XEUR;72060484550918236;673;
16.12.2024;16:47:33.551;FESU SI 20241220 CS;SIMPLE_INSTRUMENT;BLOCK;EUR;102;380.90000000;526;PRC_DECOMP_EXCHANGE;;;;XEUR;10839076;673;EXCHANGE
16.12.2024;16:47:33.551;FESU SI 20250321 CS;SIMPLE_INSTRUMENT;BLOCK;EUR;102;380.40000000;526;PRC_DECOMP_EXCHANGE;;;;XEUR;11359368;673;EXCHANGE
16.12.2024;16:47:44.717;FESU.S.DEC24.MAR25.SPD;FUTURES_SPREAD;BLOCK;EUR;103;0.60000000;526;EXCHANGE_LAST;;1;1;XEUR;72060484550918236;673;
16.12.2024;16:47:44.717;FESU SI 20250321 CS;SIMPLE_INSTRUMENT;BLOCK;EUR;103;380.40000000;526;PRC_DECOMP_EXCHANGE;;;;XEUR;11359368;673;EXCHANGE
16.12.2024;16:47:44.717;FESU SI 20241220 CS;SIMPLE_INSTRUMENT;BLOCK;EUR;103;381.00000000;526;PRC_DECOMP_EXCHANGE;;;;XEUR;10839076;673;EXCHANGE
16.12.2024;08:32:44.317;FESX.S.DEC24.MAR25.SPD;FUTURES_SPREAD;BLOCK;EUR;1;-27.12000000;2000;EXCHANGE_LAST;;1;1;XEUR;72060493140861185;675;
16.12.2024;08:32:44.317;FESX SI 20241220 CS;SIMPLE_INSTRUMENT;BLOCK;EUR;1;4962.88000000;2000;PRC_DECOMP_EXCHANGE;;;;XEUR;7793479;675;EXCHANGE
16.12.2024;08:32:44.317;FESX SI 20250321 CS;SIMPLE_INSTRUMENT;BLOCK;EUR;1;4990.00000000;2000;PRC_DECOMP_EXCHANGE;;;;XEUR;7793482;675;EXCHANGE
16.12.2024;08:35:26.700;FESX.S.DEC24.MAR25.SPD;FUTURES_SPREAD;BLOCK;EUR;2;-27.12000000;2000;EXCHANGE_LAST;;1;1;XEUR;72060493140861185;675;
16.12.2024;08:35:26.700;FESX SI 20241220 CS;SIMPLE_INSTRUMENT;BLOCK;EUR;2;4959.00000000;2000;PRC_DECOMP_MEMBER;;;;XEUR;7793479;675;MEMBER
16.12.2024;08:35:26.700;FESX SI 20250321 CS;SIMPLE_INSTRUMENT;BLOCK;EUR;2;4986.12000000;2000;PRC_DECOMP_MEMBER;;;;XEUR;7793482;675;MEMBER
16.12.2024;08:35:04.498;FESX.S.DEC24.MAR25.SPD;FUTURES_SPREAD;BLOCK;EUR;3;-27.13000000;2000;EXCHANGE_LAST;;1;1;XEUR;72060493140861185;675;
16.12.2024;08:35:04.498;FESX SI 20241220 CS;SIMPLE_INSTRUMENT;BLOCK;EUR;3;4959.00000000;2000;PRC_DECOMP_MEMBER;;;;XEUR;7793479;675;MEMBER
16.12.2024;08:35:04.498;FESX SI 20250321 CS;SIMPLE_INSTRUMENT;BLOCK;EUR;3;4986.13000000;2000;PRC_DECOMP_MEMBER;;;;XEUR;7793482;675;MEMBER
16.12.2024;08:57:29.966;FESX.S.DEC24.MAR25.SPD;FUTURES_SPREAD;BLOCK;EUR;6;-27.14000000;2727;EXCHANGE_LAST;;1;1;XEUR;72060493140861185;675;
16.12.2024;08:57:29.966;FESX SI 20241220 CS;SIMPLE_INSTRUMENT;BLOCK;EUR;6;4957.86000000;2727;PRC_DECOMP_EXCHANGE;;;;XEUR;7793479;675;EXCHANGE
16.12.2024;08:57:29.966;FESX SI 20250321 CS;SIMPLE_INSTRUMENT;BLOCK;EUR;6;4985.00000000;2727;PRC_DECOMP_EXCHANGE;;;;XEUR;7793482;675;EXCHANGE
16.12.2024;09:00:17.973;FESX.S.DEC24.MAR25.SPD;FUTURES_SPREAD;BLOCK;EUR;7;-27.13000000;4146;EXCHANGE_LAST;;1;1;XEUR;72060493140861185;675;
16.12.2024;09:00:17.973;FESX SI 20241220 CS;SIMPLE_INSTRUMENT;BLOCK;EUR;7;4957.00000000;4146;PRC_DECOMP_MEMBER;;;;XEUR;7793479;675;MEMBER
16.12.2024;09:00:17.973;FESX SI 20250321 CS;SIMPLE_INSTRUMENT;BLOCK;EUR;7;4984.13000000;4146;PRC_DECOMP_MEMBER;;;;XEUR;7793482;675;MEMBER
16.12.2024;09:00:29.462;FESX.S.DEC24.MAR25.SPD;FUTURES_SPREAD;BLOCK;EUR;8;-27.12000000;4146;EXCHANGE_LAST;;1;1;XEUR;72060493140861185;675;
16.12.2024;09:00:29.462;FESX SI 20250321 CS;SIMPLE_INSTRUMENT;BLOCK;EUR;8;4984.12000000;4146;PRC_DECOMP_MEMBER;;;;XEUR;7793482;675;MEMBER
16.12.2024;09:00:29.462;FESX SI 20241220 CS;SIMPLE_INSTRUMENT;BLOCK;EUR;8;4957.00000000;4146;PRC_DECOMP_MEMBER;;;;XEUR;7793479;675;MEMBER
16.12.2024;09:03:14.811;FESX.S.DEC24.MAR25.SPD;FUTURES_SPREAD;BLOCK;EUR;11;-27.12000000;8000;EXCHANGE_LAST;;1;1;XEUR;72060493140861185;675;
16.12.2024;09:03:14.811;FESX SI 20241220 CS;SIMPLE_INSTRUMENT;BLOCK;EUR;11;4952.88000000;8000;PRC_DECOMP_EXCHANGE;;;;XEUR;7793479;675;EXCHANGE
16.12.2024;09:03:14.811;FESX SI 20250321 CS;SIMPLE_INSTRUMENT;BLOCK;EUR;11;4980.00000000;8000;PRC_DECOMP_EXCHANGE;;;;XEUR;7793482;675;EXCHANGE
16.12.2024;09:05:03.686;FESX.S.DEC24.MAR25.SPD;FUTURES_SPREAD;BLOCK;EUR;12;-27.13000000;4827;EXCHANGE_LAST;;1;1;XEUR;72060493140861185;675;
16.12.2024;09:05:03.686;FESX SI 20250321 CS;SIMPLE_INSTRUMENT;BLOCK;EUR;12;4984.13000000;4827;PRC_DECOMP_MEMBER;;;;XEUR;7793482;675;MEMBER
16.12.2024;09:05:03.686;FESX SI 20241220 CS;SIMPLE_INSTRUMENT;BLOCK;EUR;12;4957.00000000;4827;PRC_DECOMP_MEMBER;;;;XEUR;7793479;675;MEMBER
16.12.2024;09:05:13.837;FESX.S.DEC24.MAR25.SPD;FUTURES_SPREAD;BLOCK;EUR;13;-27.12000000;4827;EXCHANGE_LAST;;1;1;XEUR;72060493140861185;675;
16.12.2024;09:05:13.837;FESX SI 20241220 CS;SIMPLE_INSTRUMENT;BLOCK;EUR;13;4957.00000000;4827;PRC_DECOMP_MEMBER;;;;XEUR;7793479;675;MEMBER
16.12.2024;09:05:13.837;FESX SI 20250321 CS;SIMPLE_INSTRUMENT;BLOCK;EUR;13;4984.12000000;4827;PRC_DECOMP_MEMBER;;;;XEUR;7793482;675;MEMBER
16.12.2024;09:10:13.427;FESX.S.DEC24.MAR25.SPD;FUTURES_SPREAD;BLOCK;EUR;14;-27.12000000;3000;EXCHANGE_LAST;;1;1;XEUR;72060493140861185;675;
16.12.2024;09:10:13.427;FESX SI 20241220 CS;SIMPLE_INSTRUMENT;BLOCK;EUR;14;4957.88000000;3000;PRC_DECOMP_EXCHANGE;;;;XEUR;7793479;675;EXCHANGE
16.12.2024;09:10:13.427;FESX SI 20250321 CS;SIMPLE_INSTRUMENT;BLOCK;EUR;14;4985.00000000;3000;PRC_DECOMP_EXCHANGE;;;;XEUR;7793482;675;EXCHANGE
16.12.2024;09:10:24.165;FESX.S.DEC24.MAR25.SPD;FUTURES_SPREAD;BLOCK;EUR;15;-27.13000000;3000;EXCHANGE_LAST;;1;1;XEUR;72060493140861185;675;
16.12.2024;09:10:24.165;FESX SI 20250321 CS;SIMPLE_INSTRUMENT;BLOCK;EUR;15;4985.01000000;3000;PRC_DECOMP_MEMBER;;;;XEUR;7793482;675;MEMBER
16.12.2024;09:10:24.165;FESX SI 20241220 CS;SIMPLE_INSTRUMENT;BLOCK;EUR;15;4957.88000000;3000;PRC_DECOMP_MEMBER;;;;XEUR;7793479;675;MEMBER
16.12.2024;09:10:44.096;FESX.S.DEC24.MAR25.SPD;FUTURES_SPREAD;BLOCK;EUR;16;-27.18000000;16360;EXCHANGE_LAST;;1;1;XEUR;72060493140861185;675;
16.12.2024;09:10:44.096;FESX SI 20241220 CS;SIMPLE_INSTRUMENT;BLOCK;EUR;16;4955.00000000;16360;PRC_DECOMP_MEMBER;;;;XEUR;7793479;675;MEMBER
16.12.2024;09:10:44.096;FESX SI 20250321 CS;SIMPLE_INSTRUMENT;BLOCK;EUR;16;4982.18000000;16360;PRC_DECOMP_MEMBER;;;;XEUR;7793482;675;MEMBER
16.12.2024;09:11:33.883;FESX.S.DEC24.MAR25.SPD;FUTURES_SPREAD;BLOCK;EUR;17;-27.25000000;2000;EXCHANGE_LAST;;1;1;XEUR;72060493140861185;675;
16.12.2024;09:11:33.883;FESX SI 20250321 CS;SIMPLE_INSTRUMENT;BLOCK;EUR;17;4986.00000000;2000;PRC_DECOMP_EXCHANGE;;;;XEUR;7793482;675;EXCHANGE
16.12.2024;09:11:33.883;FESX SI 20241220 CS;SIMPLE_INSTRUMENT;BLOCK;EUR;17;4958.75000000;2000;PRC_DECOMP_EXCHANGE;;;;XEUR;7793479;675;EXCHANGE
16.12.2024;09:11:42.577;FESX.S.DEC24.MAR25.SPD;FUTURES_SPREAD;BLOCK;EUR;18;-27.00000000;2000;EXCHANGE_LAST;;1;1;XEUR;72060493140861185;675;
16.12.2024;09:11:42.577;FESX SI 20241220 CS;SIMPLE_INSTRUMENT;BLOCK;EUR;18;4958.00000000;2000;PRC_DECOMP_EXCHANGE;;;;XEUR;7793479;675;EXCHANGE
16.12.2024;09:11:42.577;FESX SI 20250321 CS;SIMPLE_INSTRUMENT;BLOCK;EUR;18;4985.00000000;2000;PRC_DECOMP_EXCHANGE;;;;XEUR;7793482;675;EXCHANGE
16.12.2024;09:28:19.549;FESX.S.DEC24.MAR25.SPD;FUTURES_SPREAD;BLOCK;EUR;19;-27.20000000;2603;EXCHANGE_LAST;;1;1;XEUR;72060493140861185;675;
16.12.2024;09:28:19.549;FESX SI 20241220 CS;SIMPLE_INSTRUMENT;BLOCK;EUR;19;4959.80000000;2603;PRC_DECOMP_EXCHANGE;;;;XEUR;7793479;675;EXCHANGE
16.12.2024;09:28:19.549;FESX SI 20250321 CS;SIMPLE_INSTRUMENT;BLOCK;EUR;19;4987.00000000;2603;PRC_DECOMP_EXCHANGE;;;;XEUR;7793482;675;EXCHANGE
16.12.2024;09:36:18.238;FESX.S.DEC24.MAR25.SPD;FUTURES_SPREAD;BLOCK;EUR;20;-27.12000000;5000;EXCHANGE_LAST;;1;1;XEUR;72060493140861185;675;
16.12.2024;09:36:18.238;FESX SI 20250321 CS;SIMPLE_INSTRUMENT;BLOCK;EUR;20;4987.00000000;5000;PRC_DECOMP_EXCHANGE;;;;XEUR;7793482;675;EXCHANGE
16.12.2024;09:36:18.238;FESX SI 20241220 CS;SIMPLE_INSTRUMENT;BLOCK;EUR;20;4959.88000000;5000;PRC_DECOMP_EXCHANGE;;;;XEUR;7793479;675;EXCHANGE
16.12.2024;09:38:05.187;FESX SI 20241220 CS;SIMPLE_INSTRUMENT;BLOCK;EUR;21;4955.00000000;2000;EXCHANGE_LAST;;1;1;XEUR;7793479;675;
16.12.2024;09:36:31.239;FESX.S.DEC24.MAR25.SPD;FUTURES_SPREAD;BLOCK;EUR;22;-27.25000000;6816;EXCHANGE_LAST;;1;1;XEUR;72060493140861185;675;
16.12.2024;09:36:31.239;FESX SI 20241220 CS;SIMPLE_INSTRUMENT;BLOCK;EUR;22;4959.75000000;6816;PRC_DECOMP_EXCHANGE;;;;XEUR;7793479;675;EXCHANGE
16.12.2024;09:36:31.239;FESX SI 20250321 CS;SIMPLE_INSTRUMENT;BLOCK;EUR;22;4987.00000000;6816;PRC_DECOMP_EXCHANGE;;;;XEUR;7793482;675;EXCHANGE
16.12.2024;09:37:59.230;FESX.S.DEC24.MAR25.SPD;FUTURES_SPREAD;BLOCK;EUR;23;-27.25000000;2750;EXCHANGE_LAST;;1;1;XEUR;72060493140861185;675;
16.12.2024;09:37:59.230;FESX SI 20250321 CS;SIMPLE_INSTRUMENT;BLOCK;EUR;23;4987.25000000;2750;PRC_DECOMP_MEMBER;;;;XEUR;7793482;675;MEMBER
16.12.2024;09:37:59.230;FESX SI 20241220 CS;SIMPLE_INSTRUMENT;BLOCK;EUR;23;4960.00000000;2750;PRC_DECOMP_MEMBER;;;;XEUR;7793479;675;MEMBER
16.12.2024;09:38:05.691;FESX.S.DEC24.MAR25.SPD;FUTURES_SPREAD;BLOCK;EUR;24;-27.00000000;2750;EXCHANGE_LAST;;1;1;XEUR;72060493140861185;675;
16.12.2024;09:38:05.691;FESX SI 20250321 CS;SIMPLE_INSTRUMENT;BLOCK;EUR;24;4987.00000000;2750;PRC_DECOMP_MEMBER;;;;XEUR;7793482;675;MEMBER
16.12.2024;09:38:05.691;FESX SI 20241220 CS;SIMPLE_INSTRUMENT;BLOCK;EUR;24;4960.00000000;2750;PRC_DECOMP_MEMBER;;;;XEUR;7793479;675;MEMBER
16.12.2024;09:38:44.652;FESX.S.DEC24.MAR25.SPD;FUTURES_SPREAD;BLOCK;EUR;25;-27.20000000;4290;EXCHANGE_LAST;;1;1;XEUR;72060493140861185;675;
16.12.2024;09:38:44.652;FESX SI 20241220 CS;SIMPLE_INSTRUMENT;BLOCK;EUR;25;4959.80000000;4290;PRC_DECOMP_EXCHANGE;;;;XEUR;7793479;675;EXCHANGE
16.12.2024;09:38:44.652;FESX SI 20250321 CS;SIMPLE_INSTRUMENT;BLOCK;EUR;25;4987.00000000;4290;PRC_DECOMP_EXCHANGE;;;;XEUR;7793482;675;EXCHANGE
16.12.2024;09:40:01.249;FESX.S.DEC24.MAR25.SPD;FUTURES_SPREAD;BLOCK;EUR;26;-27.18000000;5840;EXCHANGE_LAST;;1;1;XEUR;72060493140861185;675;
16.12.2024;09:40:01.249;FESX SI 20241220 CS;SIMPLE_INSTRUMENT;BLOCK;EUR;26;4960.82000000;5840;PRC_DECOMP_EXCHANGE;;;;XEUR;7793479;675;EXCHANGE
16.12.2024;09:40:01.249;FESX SI 20250321 CS;SIMPLE_INSTRUMENT;BLOCK;EUR;26;4988.00000000;5840;PRC_DECOMP_EXCHANGE;;;;XEUR;7793482;675;EXCHANGE
16.12.2024;09:49:45.421;FESX.S.DEC24.MAR25.SPD;FUTURES_SPREAD;BLOCK;EUR;27;-27.21000000;2524;EXCHANGE_LAST;;1;1;XEUR;72060493140861185;675;
16.12.2024;09:49:45.421;FESX SI 20241220 CS;SIMPLE_INSTRUMENT;BLOCK;EUR;27;4960.00000000;2524;PRC_DECOMP_MEMBER;;;;XEUR;7793479;675;MEMBER
16.12.2024;09:49:45.421;FESX SI 20250321 CS;SIMPLE_INSTRUMENT;BLOCK;EUR;27;4987.21000000;2524;PRC_DECOMP_MEMBER;;;;XEUR;7793482;675;MEMBER
16.12.2024;09:49:52.422;FESX.S.DEC24.MAR25.SPD;FUTURES_SPREAD;BLOCK;EUR;28;-27.19000000;2524;EXCHANGE_LAST;;1;1;XEUR;72060493140861185;675;
16.12.2024;09:49:52.422;FESX SI 20241220 CS;SIMPLE_INSTRUMENT;BLOCK;EUR;28;4960.00000000;2524;PRC_DECOMP_MEMBER;;;;XEUR;7793479;675;MEMBER
16.12.2024;09:49:52.422;FESX SI 20250321 CS;SIMPLE_INSTRUMENT;BLOCK;EUR;28;4987.19000000;2524;PRC_DECOMP_MEMBER;;;;XEUR;7793482;675;MEMBER
16.12.2024;10:00:43.042;FESX SI 20250620 CS;SIMPLE_INSTRUMENT;BLOCK;EUR;29;4925.00000000;2000;EXCHANGE_LAST;;1;1;XEUR;7904020;675;
16.12.2024;10:08:31.783;FESX SI 20241220 CS;SIMPLE_INSTRUMENT;BLOCK;EUR;30;4959.00000000;2227;EXCHANGE_LAST;;1;1;XEUR;7793479;675;
16.12.2024;10:09:07.343;FESX.S.DEC24.MAR25.SPD;FUTURES_SPREAD;BLOCK;EUR;31;-27.12000000;15716;EXCHANGE_LAST;;1;1;XEUR;72060493140861185;675;
16.12.2024;10:09:07.343;FESX SI 20250321 CS;SIMPLE_INSTRUMENT;BLOCK;EUR;31;4983.00000000;15716;PRC_DECOMP_EXCHANGE;;;;XEUR;7793482;675;EXCHANGE
16.12.2024;10:09:07.343;FESX SI 20241220 CS;SIMPLE_INSTRUMENT;BLOCK;EUR;31;4955.88000000;15716;PRC_DECOMP_EXCHANGE;;;;XEUR;7793479;675;EXCHANGE
16.12.2024;10:21:45.224;FESX SI 20241220 CS;SIMPLE_INSTRUMENT;BLOCK;EUR;32;4955.00000000;2000;EXCHANGE_LAST;;1;1;XEUR;7793479;675;
16.12.2024;10:37:53.821;FESX.S.DEC24.MAR25.SPD;FUTURES_SPREAD;BLOCK;EUR;33;-27.03000000;7155;EXCHANGE_LAST;;1;1;XEUR;72060493140861185;675;
16.12.2024;10:37:53.821;FESX SI 20241220 CS;SIMPLE_INSTRUMENT;BLOCK;EUR;33;4951.97000000;7155;PRC_DECOMP_EXCHANGE;;;;XEUR;7793479;675;EXCHANGE
16.12.2024;10:37:53.821;FESX SI 20250321 CS;SIMPLE_INSTRUMENT;BLOCK;EUR;33;4979.00000000;7155;PRC_DECOMP_EXCHANGE;;;;XEUR;7793482;675;EXCHANGE
16.12.2024;10:41:56.320;FESX.S.DEC24.MAR25.SPD;FUTURES_SPREAD;BLOCK;EUR;34;-27.13000000;20615;EXCHANGE_LAST;;1;1;XEUR;72060493140861185;675;
16.12.2024;10:41:56.320;FESX SI 20241220 CS;SIMPLE_INSTRUMENT;BLOCK;EUR;34;4950.87000000;20615;PRC_DECOMP_EXCHANGE;;;;XEUR;7793479;675;EXCHANGE
16.12.2024;10:41:56.320;FESX SI 20250321 CS;SIMPLE_INSTRUMENT;BLOCK;EUR;34;4978.00000000;20615;PRC_DECOMP_EXCHANGE;;;;XEUR;7793482;675;EXCHANGE
16.12.2024;10:41:52.340;FESX.S.DEC24.MAR25.SPD;FUTURES_SPREAD;BLOCK;EUR;35;-27.12000000;20614;EXCHANGE_LAST;;1;1;XEUR;72060493140861185;675;
16.12.2024;10:41:52.340;FESX SI 20250321 CS;SIMPLE_INSTRUMENT;BLOCK;EUR;35;4978.00000000;20614;PRC_DECOMP_EXCHANGE;;;;XEUR;7793482;675;EXCHANGE
16.12.2024;10:41:52.340;FESX SI 20241220 CS;SIMPLE_INSTRUMENT;BLOCK;EUR;35;4950.88000000;20614;PRC_DECOMP_EXCHANGE;;;;XEUR;7793479;675;EXCHANGE
16.12.2024;10:29:02.575;FESX.S.DEC24.MAR25.SPD;FUTURES_SPREAD;BLOCK;EUR;36;-27.00000000;2850;EXCHANGE_LAST;;1;1;XEUR;72060493140861185;675;
16.12.2024;10:29:02.575;FESX SI 20250321 CS;SIMPLE_INSTRUMENT;BLOCK;EUR;36;4977.00000000;2850;PRC_DECOMP_MEMBER;;;;XEUR;7793482;675;MEMBER
16.12.2024;10:29:02.575;FESX SI 20241220 CS;SIMPLE_INSTRUMENT;BLOCK;EUR;36;4950.00000000;2850;PRC_DECOMP_MEMBER;;;;XEUR;7793479;675;MEMBER
16.12.2024;10:29:31.858;FESX.S.DEC24.MAR25.SPD;FUTURES_SPREAD;BLOCK;EUR;37;-27.25000000;2850;EXCHANGE_LAST;;1;1;XEUR;72060493140861185;675;
16.12.2024;10:29:31.858;FESX SI 20250321 CS;SIMPLE_INSTRUMENT;BLOCK;EUR;37;4977.25000000;2850;PRC_DECOMP_MEMBER;;;;XEUR;7793482;675;MEMBER
16.12.2024;10:29:31.858;FESX SI 20241220 CS;SIMPLE_INSTRUMENT;BLOCK;EUR;37;4950.00000000;2850;PRC_DECOMP_MEMBER;;;;XEUR;7793479;675;MEMBER
16.12.2024;10:38:13.304;FESX.S.DEC24.MAR25.SPD;FUTURES_SPREAD;BLOCK;EUR;40;-27.10000000;5165;EXCHANGE_LAST;;1;1;XEUR;72060493140861185;675;
16.12.2024;10:38:13.304;FESX SI 20241220 CS;SIMPLE_INSTRUMENT;BLOCK;EUR;40;4971.00000000;5165;PRC_DECOMP_MEMBER;;;;XEUR;7793479;675;MEMBER
16.12.2024;10:38:13.304;FESX SI 20250321 CS;SIMPLE_INSTRUMENT;BLOCK;EUR;40;4998.10000000;5165;PRC_DECOMP_MEMBER;;;;XEUR;7793482;675;MEMBER
16.12.2024;10:38:44.371;FESX.S.DEC24.MAR25.SPD;FUTURES_SPREAD;BLOCK;EUR;41;-27.07000000;8733;EXCHANGE_LAST;;1;1;XEUR;72060493140861185;675;
16.12.2024;10:38:44.371;FESX SI 20241220 CS;SIMPLE_INSTRUMENT;BLOCK;EUR;41;4951.93000000;8733;PRC_DECOMP_EXCHANGE;;;;XEUR;7793479;675;EXCHANGE
16.12.2024;10:38:44.371;FESX SI 20250321 CS;SIMPLE_INSTRUMENT;BLOCK;EUR;41;4979.00000000;8733;PRC_DECOMP_EXCHANGE;;;;XEUR;7793482;675;EXCHANGE
16.12.2024;10:39:20.791;FESX.S.DEC24.MAR25.SPD;FUTURES_SPREAD;BLOCK;EUR;42;-27.10000000;10000;EXCHANGE_LAST;;1;1;XEUR;72060493140861185;675;
16.12.2024;10:39:20.791;FESX SI 20241220 CS;SIMPLE_INSTRUMENT;BLOCK;EUR;42;4950.00000000;10000;PRC_DECOMP_MEMBER;;;;XEUR;7793479;675;MEMBER
16.12.2024;10:39:20.791;FESX SI 20250321 CS;SIMPLE_INSTRUMENT;BLOCK;EUR;42;4977.10000000;10000;PRC_DECOMP_MEMBER;;;;XEUR;7793482;675;MEMBER
16.12.2024;10:44:46.162;FESX.S.DEC24.MAR25.SPD;FUTURES_SPREAD;BLOCK;EUR;43;-27.05000000;22298;EXCHANGE_LAST;;1;1;XEUR;72060493140861185;675;
16.12.2024;10:44:46.162;FESX SI 20241220 CS;SIMPLE_INSTRUMENT;BLOCK;EUR;43;4971.00000000;22298;PRC_DECOMP_MEMBER;;;;XEUR;7793479;675;MEMBER
16.12.2024;10:44:46.162;FESX SI 20250321 CS;SIMPLE_INSTRUMENT;BLOCK;EUR;43;4998.05000000;22298;PRC_DECOMP_MEMBER;;;;XEUR;7793482;675;MEMBER
16.12.2024;10:54:51.020;FESX.S.DEC24.MAR25.SPD;FUTURES_SPREAD;BLOCK;EUR;44;-27.12000000;3420;EXCHANGE_LAST;;1;1;XEUR;72060493140861185;675;
16.12.2024;10:54:51.020;FESX SI 20241220 CS;SIMPLE_INSTRUMENT;BLOCK;EUR;44;4954.00000000;3420;PRC_DECOMP_MEMBER;;;;XEUR;7793479;675;MEMBER
16.12.2024;10:54:51.020;FESX SI 20250321 CS;SIMPLE_INSTRUMENT;BLOCK;EUR;44;4981.12000000;3420;PRC_DECOMP_MEMBER;;;;XEUR;7793482;675;MEMBER
16.12.2024;11:00:23.333;FESX.S.DEC24.MAR25.SPD;FUTURES_SPREAD;BLOCK;EUR;45;-27.12000000;5625;EXCHANGE_LAST;;1;2;XEUR;72060493140861185;675;
16.12.2024;11:00:23.333;FESX SI 20241220 CS;SIMPLE_INSTRUMENT;BLOCK;EUR;45;4955.00000000;5625;PRC_DECOMP_MEMBER;;;;XEUR;7793479;675;MEMBER
16.12.2024;11:00:23.333;FESX SI 20250321 CS;SIMPLE_INSTRUMENT;BLOCK;EUR;45;4982.12000000;5625;PRC_DECOMP_MEMBER;;;;XEUR;7793482;675;MEMBER
16.12.2024;11:00:14.333;FESX.S.DEC24.MAR25.SPD;FUTURES_SPREAD;BLOCK;EUR;46;-27.13000000;5625;EXCHANGE_LAST;;1;2;XEUR;72060493140861185;675;
16.12.2024;11:00:14.333;FESX SI 20241220 CS;SIMPLE_INSTRUMENT;BLOCK;EUR;46;4955.00000000;5625;PRC_DECOMP_MEMBER;;;;XEUR;7793479;675;MEMBER
16.12.2024;11:00:14.333;FESX SI 20250321 CS;SIMPLE_INSTRUMENT;BLOCK;EUR;46;4982.13000000;5625;PRC_DECOMP_MEMBER;;;;XEUR;7793482;675;MEMBER
16.12.2024;11:01:16.316;FESX SI 20241220 CS;SIMPLE_INSTRUMENT;BLOCK;EUR;47;4953.00000000;16500;EXCHANGE_LAST;;1;1;XEUR;7793479;675;
16.12.2024;11:02:47.359;FESX.S.DEC24.MAR25.SPD;FUTURES_SPREAD;BLOCK;EUR;48;-26.65000000;4495;EXCHANGE_LAST;;1;1;XEUR;72060493140861185;675;
16.12.2024;11:02:47.359;FESX SI 20241220 CS;SIMPLE_INSTRUMENT;BLOCK;EUR;48;4953.35000000;4495;PRC_DECOMP_EXCHANGE;;;;XEUR;7793479;675;EXCHANGE
16.12.2024;11:02:47.359;FESX SI 20250321 CS;SIMPLE_INSTRUMENT;BLOCK;EUR;48;4980.00000000;4495;PRC_DECOMP_EXCHANGE;;;;XEUR;7793482;675;EXCHANGE
16.12.2024;11:12:00.646;FESX.S.DEC24.MAR25.SPD;FUTURES_SPREAD;BLOCK;EUR;50;-26.75000000;5000;EXCHANGE_LAST;;1;1;XEUR;72060493140861185;675;
16.12.2024;11:12:00.646;FESX SI 20250321 CS;SIMPLE_INSTRUMENT;BLOCK;EUR;50;4978.75000000;5000;PRC_DECOMP_MEMBER;;;;XEUR;7793482;675;MEMBER
16.12.2024;11:12:00.646;FESX SI 20241220 CS;SIMPLE_INSTRUMENT;BLOCK;EUR;50;4952.00000000;5000;PRC_DECOMP_MEMBER;;;;XEUR;7793479;675;MEMBER
16.12.2024;11:28:22.635;FESX SI 20241220 CS;SIMPLE_INSTRUMENT;BLOCK;EUR;51;4948.00000000;4092;EXCHANGE_LAST;;1;1;XEUR;7793479;675;
16.12.2024;11:28:47.733;FESX SI 20250321 CS;SIMPLE_INSTRUMENT;BLOCK;EUR;52;4963.00000000;2092;EXCHANGE_LAST;;1;1;XEUR;7793482;675;
16.12.2024;11:29:07.420;FESX SI 20250321 CS;SIMPLE_INSTRUMENT;BLOCK;EUR;53;4987.00000000;2000;EXCHANGE_LAST;;1;1;XEUR;7793482;675;
16.12.2024;11:34:09.545;FESX.S.DEC24.MAR25.SPD;FUTURES_SPREAD;BLOCK;EUR;54;-26.63000000;2500;EXCHANGE_LAST;;1;1;XEUR;72060493140861185;675;
16.12.2024;11:34:09.545;FESX SI 20241220 CS;SIMPLE_INSTRUMENT;BLOCK;EUR;54;4945.00000000;2500;PRC_DECOMP_MEMBER;;;;XEUR;7793479;675;MEMBER
16.12.2024;11:34:09.545;FESX SI 20250321 CS;SIMPLE_INSTRUMENT;BLOCK;EUR;54;4971.63000000;2500;PRC_DECOMP_MEMBER;;;;XEUR;7793482;675;MEMBER
16.12.2024;11:34:46.498;FESX.S.DEC24.MAR25.SPD;FUTURES_SPREAD;BLOCK;EUR;55;-26.62000000;2500;EXCHANGE_LAST;;1;1;XEUR;72060493140861185;675;
16.12.2024;11:34:46.498;FESX SI 20250321 CS;SIMPLE_INSTRUMENT;BLOCK;EUR;55;4971.62000000;2500;PRC_DECOMP_MEMBER;;;;XEUR;7793482;675;MEMBER
16.12.2024;11:34:46.498;FESX SI 20241220 CS;SIMPLE_INSTRUMENT;BLOCK;EUR;55;4945.00000000;2500;PRC_DECOMP_MEMBER;;;;XEUR;7793479;675;MEMBER
16.12.2024;11:47:00.434;FESX.S.DEC24.MAR25.SPD;FUTURES_SPREAD;BLOCK;EUR;56;-26.70000000;2029;EXCHANGE_LAST;;1;1;XEUR;72060493140861185;675;
16.12.2024;11:47:00.434;FESX SI 20250321 CS;SIMPLE_INSTRUMENT;BLOCK;EUR;56;4974.70000000;2029;PRC_DECOMP_MEMBER;;;;XEUR;7793482;675;MEMBER
16.12.2024;11:47:00.434;FESX SI 20241220 CS;SIMPLE_INSTRUMENT;BLOCK;EUR;56;4948.00000000;2029;PRC_DECOMP_MEMBER;;;;XEUR;7793479;675;MEMBER
16.12.2024;11:57:51.240;FESX.S.DEC24.MAR25.SPD;FUTURES_SPREAD;BLOCK;EUR;57;-26.63000000;9000;EXCHANGE_LAST;;1;2;XEUR;72060493140861185;675;
16.12.2024;11:57:51.240;FESX SI 20250321 CS;SIMPLE_INSTRUMENT;BLOCK;EUR;57;4975.00000000;9000;PRC_DECOMP_EXCHANGE;;;;XEUR;7793482;675;EXCHANGE
16.12.2024;11:57:51.240;FESX SI 20241220 CS;SIMPLE_INSTRUMENT;BLOCK;EUR;57;4948.37000000;9000;PRC_DECOMP_EXCHANGE;;;;XEUR;7793479;675;EXCHANGE
16.12.2024;11:58:07.162;FESX.S.DEC24.MAR25.SPD;FUTURES_SPREAD;BLOCK;EUR;58;-26.62000000;9000;EXCHANGE_LAST;;1;2;XEUR;72060493140861185;675;
16.12.2024;11:58:07.162;FESX SI 20241220 CS;SIMPLE_INSTRUMENT;BLOCK;EUR;58;4948.38000000;9000;PRC_DECOMP_EXCHANGE;;;;XEUR;7793479;675;EXCHANGE
16.12.2024;11:58:07.162;FESX SI 20250321 CS;SIMPLE_INSTRUMENT;BLOCK;EUR;58;4975.00000000;9000;PRC_DECOMP_EXCHANGE;;;;XEUR;7793482;675;EXCHANGE
16.12.2024;12:12:44.847;FESX.S.DEC24.MAR25.SPD;FUTURES_SPREAD;BLOCK;EUR;59;-26.75000000;3232;EXCHANGE_LAST;;1;1;XEUR;72060493140861185;675;
16.12.2024;12:12:44.847;FESX SI 20250321 CS;SIMPLE_INSTRUMENT;BLOCK;EUR;59;4975.75000000;3232;PRC_DECOMP_MEMBER;;;;XEUR;7793482;675;MEMBER
16.12.2024;12:12:44.847;FESX SI 20241220 CS;SIMPLE_INSTRUMENT;BLOCK;EUR;59;4949.00000000;3232;PRC_DECOMP_MEMBER;;;;XEUR;7793479;675;MEMBER
16.12.2024;12:25:01.095;FESX.S.DEC24.MAR25.SPD;FUTURES_SPREAD;BLOCK;EUR;60;-26.60000000;2021;EXCHANGE_LAST;;1;1;XEUR;72060493140861185;675;
16.12.2024;12:25:01.095;FESX SI 20241220 CS;SIMPLE_INSTRUMENT;BLOCK;EUR;60;4951.00000000;2021;PRC_DECOMP_MEMBER;;;;XEUR;7793479;675;MEMBER
16.12.2024;12:25:01.095;FESX SI 20250321 CS;SIMPLE_INSTRUMENT;BLOCK;EUR;60;4977.60000000;2021;PRC_DECOMP_MEMBER;;;;XEUR;7793482;675;MEMBER
16.12.2024;12:55:54.012;FESX.S.DEC24.MAR25.SPD;FUTURES_SPREAD;BLOCK;EUR;61;-26.45000000;7429;EXCHANGE_LAST;;1;1;XEUR;72060493140861185;675;
16.12.2024;12:55:54.012;FESX SI 20241220 CS;SIMPLE_INSTRUMENT;BLOCK;EUR;61;4947.00000000;7429;PRC_DECOMP_MEMBER;;;;XEUR;7793479;675;MEMBER
16.12.2024;12:55:54.012;FESX SI 20250321 CS;SIMPLE_INSTRUMENT;BLOCK;EUR;61;4973.45000000;7429;PRC_DECOMP_MEMBER;;;;XEUR;7793482;675;MEMBER
16.12.2024;12:59:57.002;FESX.S.DEC24.MAR25.SPD;FUTURES_SPREAD;BLOCK;EUR;62;-26.38000000;3565;EXCHANGE_LAST;;1;1;XEUR;72060493140861185;675;
16.12.2024;12:59:57.002;FESX SI 20241220 CS;SIMPLE_INSTRUMENT;BLOCK;EUR;62;4946.00000000;3565;PRC_DECOMP_MEMBER;;;;XEUR;7793479;675;MEMBER
16.12.2024;12:59:57.002;FESX SI 20250321 CS;SIMPLE_INSTRUMENT;BLOCK;EUR;62;4972.38000000;3565;PRC_DECOMP_MEMBER;;;;XEUR;7793482;675;MEMBER
16.12.2024;13:16:51.204;FESX.S.DEC24.MAR25.SPD;FUTURES_SPREAD;BLOCK;EUR;65;-26.37000000;2140;EXCHANGE_LAST;;1;1;XEUR;72060493140861185;675;
16.12.2024;13:16:51.204;FESX SI 20241220 CS;SIMPLE_INSTRUMENT;BLOCK;EUR;65;4950.63000000;2140;PRC_DECOMP_EXCHANGE;;;;XEUR;7793479;675;EXCHANGE
16.12.2024;13:16:51.204;FESX SI 20250321 CS;SIMPLE_INSTRUMENT;BLOCK;EUR;65;4977.00000000;2140;PRC_DECOMP_EXCHANGE;;;;XEUR;7793482;675;EXCHANGE
16.12.2024;13:16:57.735;FESX.S.DEC24.MAR25.SPD;FUTURES_SPREAD;BLOCK;EUR;66;-26.38000000;2140;EXCHANGE_LAST;;1;1;XEUR;72060493140861185;675;
16.12.2024;13:16:57.735;FESX SI 20250321 CS;SIMPLE_INSTRUMENT;BLOCK;EUR;66;4976.00000000;2140;PRC_DECOMP_EXCHANGE;;;;XEUR;7793482;675;EXCHANGE
16.12.2024;13:16:57.735;FESX SI 20241220 CS;SIMPLE_INSTRUMENT;BLOCK;EUR;66;4949.62000000;2140;PRC_DECOMP_EXCHANGE;;;;XEUR;7793479;675;EXCHANGE
16.12.2024;13:41:50.248;FESX.S.DEC24.MAR25.SPD;FUTURES_SPREAD;BLOCK;EUR;67;-26.62000000;2500;EXCHANGE_LAST;;1;1;XEUR;72060493140861185;675;
16.12.2024;13:41:50.248;FESX SI 20250321 CS;SIMPLE_INSTRUMENT;BLOCK;EUR;67;4974.62000000;2500;PRC_DECOMP_MEMBER;;;;XEUR;7793482;675;MEMBER
16.12.2024;13:41:50.248;FESX SI 20241220 CS;SIMPLE_INSTRUMENT;BLOCK;EUR;67;4948.00000000;2500;PRC_DECOMP_MEMBER;;;;XEUR;7793479;675;MEMBER
16.12.2024;13:42:02.913;FESX.S.DEC24.MAR25.SPD;FUTURES_SPREAD;BLOCK;EUR;68;-26.63000000;2500;EXCHANGE_LAST;;1;1;XEUR;72060493140861185;675;
16.12.2024;13:42:02.913;FESX SI 20241220 CS;SIMPLE_INSTRUMENT;BLOCK;EUR;68;4948.00000000;2500;PRC_DECOMP_MEMBER;;;;XEUR;7793479;675;MEMBER
16.12.2024;13:42:02.913;FESX SI 20250321 CS;SIMPLE_INSTRUMENT;BLOCK;EUR;68;4974.63000000;2500;PRC_DECOMP_MEMBER;;;;XEUR;7793482;675;MEMBER
16.12.2024;13:42:09.655;FESX.S.DEC24.MAR25.SPD;FUTURES_SPREAD;BLOCK;EUR;69;-26.62000000;3397;EXCHANGE_LAST;;1;1;XEUR;72060493140861185;675;
16.12.2024;13:42:09.655;FESX SI 20250321 CS;SIMPLE_INSTRUMENT;BLOCK;EUR;69;4975.00000000;3397;PRC_DECOMP_EXCHANGE;;;;XEUR;7793482;675;EXCHANGE
16.12.2024;13:42:09.655;FESX SI 20241220 CS;SIMPLE_INSTRUMENT;BLOCK;EUR;69;4948.38000000;3397;PRC_DECOMP_EXCHANGE;;;;XEUR;7793479;675;EXCHANGE
16.12.2024;13:42:09.680;FESX.S.DEC24.MAR25.SPD;FUTURES_SPREAD;BLOCK;EUR;70;-26.63000000;3397;EXCHANGE_LAST;;1;1;XEUR;72060493140861185;675;
16.12.2024;13:42:09.680;FESX SI 20250321 CS;SIMPLE_INSTRUMENT;BLOCK;EUR;70;4975.00000000;3397;PRC_DECOMP_EXCHANGE;;;;XEUR;7793482;675;EXCHANGE
16.12.2024;13:42:09.680;FESX SI 20241220 CS;SIMPLE_INSTRUMENT;BLOCK;EUR;70;4948.37000000;3397;PRC_DECOMP_EXCHANGE;;;;XEUR;7793479;675;EXCHANGE
16.12.2024;13:47:37.947;FESX SI 20241220 CS;SIMPLE_INSTRUMENT;BLOCK;EUR;71;4950.00000000;2000;EXCHANGE_LAST;;1;1;XEUR;7793479;675;
16.12.2024;13:52:36.091;FESX.S.DEC24.MAR25.SPD;FUTURES_SPREAD;BLOCK;EUR;72;-26.63000000;7910;EXCHANGE_LAST;;1;1;XEUR;72060493140861185;675;
16.12.2024;13:52:36.091;FESX SI 20250321 CS;SIMPLE_INSTRUMENT;BLOCK;EUR;72;4997.63000000;7910;PRC_DECOMP_MEMBER;;;;XEUR;7793482;675;MEMBER
16.12.2024;13:52:36.091;FESX SI 20241220 CS;SIMPLE_INSTRUMENT;BLOCK;EUR;72;4971.00000000;7910;PRC_DECOMP_MEMBER;;;;XEUR;7793479;675;MEMBER
16.12.2024;14:09:22.209;FESX.S.DEC24.MAR25.SPD;FUTURES_SPREAD;BLOCK;EUR;73;-26.65000000;7324;EXCHANGE_LAST;;1;1;XEUR;72060493140861185;675;
16.12.2024;14:09:22.209;FESX SI 20250321 CS;SIMPLE_INSTRUMENT;BLOCK;EUR;73;4977.65000000;7324;PRC_DECOMP_MEMBER;;;;XEUR;7793482;675;MEMBER
16.12.2024;14:09:22.209;FESX SI 20241220 CS;SIMPLE_INSTRUMENT;BLOCK;EUR;73;4951.00000000;7324;PRC_DECOMP_MEMBER;;;;XEUR;7793479;675;MEMBER
16.12.2024;14:42:14.811;FESX.S.DEC24.MAR25.SPD;FUTURES_SPREAD;BLOCK;EUR;75;-26.63000000;2085;EXCHANGE_LAST;;1;1;XEUR;72060493140861185;675;
16.12.2024;14:42:14.811;FESX SI 20250321 CS;SIMPLE_INSTRUMENT;BLOCK;EUR;75;4977.63000000;2085;PRC_DECOMP_MEMBER;;;;XEUR;7793482;675;MEMBER
16.12.2024;14:42:14.811;FESX SI 20241220 CS;SIMPLE_INSTRUMENT;BLOCK;EUR;75;4951.00000000;2085;PRC_DECOMP_MEMBER;;;;XEUR;7793479;675;MEMBER
16.12.2024;14:48:02.175;FESX SI 20241220 CS;SIMPLE_INSTRUMENT;BLOCK;EUR;76;4951.00000000;8215;EXCHANGE_LAST;;1;1;XEUR;7793479;675;
16.12.2024;14:48:29.176;FESX SI 20250321 CS;SIMPLE_INSTRUMENT;BLOCK;EUR;77;4977.00000000;3081;EXCHANGE_LAST;;1;1;XEUR;7793482;675;
16.12.2024;14:48:39.177;FESX SI 20250321 CS;SIMPLE_INSTRUMENT;BLOCK;EUR;78;4978.00000000;5134;EXCHANGE_LAST;;1;1;XEUR;7793482;675;
16.12.2024;14:47:09.381;FESX.S.DEC24.MAR25.SPD;FUTURES_SPREAD;BLOCK;EUR;79;-26.72000000;2815;EXCHANGE_LAST;;1;1;XEUR;72060493140861185;675;
16.12.2024;14:47:09.381;FESX SI 20241220 CS;SIMPLE_INSTRUMENT;BLOCK;EUR;79;4951.28000000;2815;PRC_DECOMP_EXCHANGE;;;;XEUR;7793479;675;EXCHANGE
16.12.2024;14:47:09.381;FESX SI 20250321 CS;SIMPLE_INSTRUMENT;BLOCK;EUR;79;4978.00000000;2815;PRC_DECOMP_EXCHANGE;;;;XEUR;7793482;675;EXCHANGE
16.12.2024;14:53:54.093;FESX SI 20241220 CS;SIMPLE_INSTRUMENT;BLOCK;EUR;80;4950.00000000;2000;EXCHANGE_LAST;;1;1;XEUR;7793479;675;
16.12.2024;14:55:32.693;FESX.S.DEC24.MAR25.SPD;FUTURES_SPREAD;BLOCK;EUR;81;-26.00000000;2265;EXCHANGE_LAST;;1;1;XEUR;72060493140861185;675;
16.12.2024;14:55:32.693;FESX SI 20241220 CS;SIMPLE_INSTRUMENT;BLOCK;EUR;81;4947.00000000;2265;PRC_DECOMP_MEMBER;;;;XEUR;7793479;675;MEMBER
16.12.2024;14:55:32.693;FESX SI 20250321 CS;SIMPLE_INSTRUMENT;BLOCK;EUR;81;4973.00000000;2265;PRC_DECOMP_MEMBER;;;;XEUR;7793482;675;MEMBER
16.12.2024;14:56:22.152;FESX.S.DEC24.MAR25.SPD;FUTURES_SPREAD;BLOCK;EUR;82;-27.00000000;3775;EXCHANGE_LAST;;1;1;XEUR;72060493140861185;675;
16.12.2024;14:56:22.152;FESX SI 20250321 CS;SIMPLE_INSTRUMENT;BLOCK;EUR;82;4974.00000000;3775;PRC_DECOMP_MEMBER;;;;XEUR;7793482;675;MEMBER
16.12.2024;14:56:22.152;FESX SI 20241220 CS;SIMPLE_INSTRUMENT;BLOCK;EUR;82;4947.00000000;3775;PRC_DECOMP_MEMBER;;;;XEUR;7793479;675;MEMBER
16.12.2024;15:14:34.330;FESX SI 20241220 CS;SIMPLE_INSTRUMENT;EFP_IDX;EUR;83;4955.00000000;1000;EXCHANGE_LAST;;1;1;XEUR;7793479;675;
16.12.2024;15:18:58.117;FESX SI 20241220 CS;SIMPLE_INSTRUMENT;BLOCK;EUR;84;4955.00000000;2000;EXCHANGE_LAST;;1;1;XEUR;7793479;675;
16.12.2024;15:18:22.511;FESX.S.DEC24.MAR25.SPD;FUTURES_SPREAD;BLOCK;EUR;85;-26.80000000;5000;EXCHANGE_LAST;;1;1;XEUR;72060493140861185;675;
16.12.2024;15:18:22.511;FESX SI 20241220 CS;SIMPLE_INSTRUMENT;BLOCK;EUR;85;4956.00000000;5000;PRC_DECOMP_MEMBER;;;;XEUR;7793479;675;MEMBER
16.12.2024;15:18:22.511;FESX SI 20250321 CS;SIMPLE_INSTRUMENT;BLOCK;EUR;85;4982.80000000;5000;PRC_DECOMP_MEMBER;;;;XEUR;7793482;675;MEMBER
16.12.2024;15:22:07.436;FESX.S.DEC24.MAR25.SPD;FUTURES_SPREAD;BLOCK;EUR;86;-26.65000000;2000;EXCHANGE_LAST;;1;1;XEUR;72060493140861185;675;
16.12.2024;15:22:07.436;FESX SI 20250321 CS;SIMPLE_INSTRUMENT;BLOCK;EUR;86;4983.00000000;2000;PRC_DECOMP_EXCHANGE;;;;XEUR;7793482;675;EXCHANGE
16.12.2024;15:22:07.436;FESX SI 20241220 CS;SIMPLE_INSTRUMENT;BLOCK;EUR;86;4956.35000000;2000;PRC_DECOMP_EXCHANGE;;;;XEUR;7793479;675;EXCHANGE
16.12.2024;15:26:35.429;FESX.S.DEC24.MAR25.SPD;FUTURES_SPREAD;BLOCK;EUR;87;-26.85000000;2500;EXCHANGE_LAST;;1;1;XEUR;72060493140861185;675;
16.12.2024;15:26:35.429;FESX SI 20250321 CS;SIMPLE_INSTRUMENT;BLOCK;EUR;87;4986.00000000;2500;PRC_DECOMP_EXCHANGE;;;;XEUR;7793482;675;EXCHANGE
16.12.2024;15:26:35.429;FESX SI 20241220 CS;SIMPLE_INSTRUMENT;BLOCK;EUR;87;4959.15000000;2500;PRC_DECOMP_EXCHANGE;;;;XEUR;7793479;675;EXCHANGE
16.12.2024;15:46:38.843;FESX.S.DEC24.MAR25.SPD;FUTURES_SPREAD;BLOCK;EUR;89;-26.70000000;3544;EXCHANGE_LAST;;1;1;XEUR;72060493140861185;675;
16.12.2024;15:46:38.843;FESX SI 20250321 CS;SIMPLE_INSTRUMENT;BLOCK;EUR;89;4982.00000000;3544;PRC_DECOMP_EXCHANGE;;;;XEUR;7793482;675;EXCHANGE
16.12.2024;15:46:38.843;FESX SI 20241220 CS;SIMPLE_INSTRUMENT;BLOCK;EUR;89;4955.30000000;3544;PRC_DECOMP_EXCHANGE;;;;XEUR;7793479;675;EXCHANGE
16.12.2024;15:54:29.772;FESX SI 20241220 CS;SIMPLE_INSTRUMENT;BLOCK;EUR;90;4960.00000000;2000;EXCHANGE_LAST;;1;1;XEUR;7793479;675;
16.12.2024;15:58:03.182;FESX SI 20241220 CS;SIMPLE_INSTRUMENT;EFP_IDX;EUR;91;4960.00000000;1000;EXCHANGE_LAST;;1;1;XEUR;7793479;675;
16.12.2024;16:00:54.112;FESX SI 20241220 CS;SIMPLE_INSTRUMENT;BLOCK;EUR;93;4958.00000000;7516;EXCHANGE_LAST;;1;1;XEUR;7793479;675;
16.12.2024;16:01:28.305;FESX SI 20250321 CS;SIMPLE_INSTRUMENT;BLOCK;EUR;94;4985.00000000;4885;EXCHANGE_LAST;;1;1;XEUR;7793482;675;
16.12.2024;16:02:08.818;FESX SI 20250321 CS;SIMPLE_INSTRUMENT;BLOCK;EUR;95;4984.00000000;2631;EXCHANGE_LAST;;1;1;XEUR;7793482;675;
16.12.2024;16:15:06.744;FESX.S.DEC24.MAR25.SPD;FUTURES_SPREAD;BLOCK;EUR;96;-26.50000000;3565;EXCHANGE_LAST;;1;1;XEUR;72060493140861185;675;
16.12.2024;16:15:06.744;FESX SI 20250321 CS;SIMPLE_INSTRUMENT;BLOCK;EUR;96;4978.00000000;3565;PRC_DECOMP_EXCHANGE;;;;XEUR;7793482;675;EXCHANGE
16.12.2024;16:15:06.744;FESX SI 20241220 CS;SIMPLE_INSTRUMENT;BLOCK;EUR;96;4951.50000000;3565;PRC_DECOMP_EXCHANGE;;;;XEUR;7793479;675;EXCHANGE
16.12.2024;16:15:17.710;FESX.S.DEC24.MAR25.SPD;FUTURES_SPREAD;BLOCK;EUR;97;-26.75000000;3565;EXCHANGE_LAST;;1;1;XEUR;72060493140861185;675;
16.12.2024;16:15:17.710;FESX SI 20250321 CS;SIMPLE_INSTRUMENT;BLOCK;EUR;97;4978.00000000;3565;PRC_DECOMP_EXCHANGE;;;;XEUR;7793482;675;EXCHANGE
16.12.2024;16:15:17.710;FESX SI 20241220 CS;SIMPLE_INSTRUMENT;BLOCK;EUR;97;4951.25000000;3565;PRC_DECOMP_EXCHANGE;;;;XEUR;7793479;675;EXCHANGE
16.12.2024;16:24:35.535;FESX.S.DEC24.MAR25.SPD;FUTURES_SPREAD;BLOCK;EUR;98;-26.65000000;5974;EXCHANGE_LAST;;1;1;XEUR;72060493140861185;675;
16.12.2024;16:24:35.535;FESX SI 20250321 CS;SIMPLE_INSTRUMENT;BLOCK;EUR;98;4978.00000000;5974;PRC_DECOMP_EXCHANGE;;;;XEUR;7793482;675;EXCHANGE
16.12.2024;16:24:35.535;FESX SI 20241220 CS;SIMPLE_INSTRUMENT;BLOCK;EUR;98;4951.35000000;5974;PRC_DECOMP_EXCHANGE;;;;XEUR;7793479;675;EXCHANGE
16.12.2024;16:34:04.267;FESX.S.DEC24.MAR25.SPD;FUTURES_SPREAD;BLOCK;EUR;99;-26.82000000;4381;EXCHANGE_LAST;;1;1;XEUR;72060493140861185;675;
16.12.2024;16:34:04.267;FESX SI 20250321 CS;SIMPLE_INSTRUMENT;BLOCK;EUR;99;4974.00000000;4381;PRC_DECOMP_EXCHANGE;;;;XEUR;7793482;675;EXCHANGE
16.12.2024;16:34:04.267;FESX SI 20241220 CS;SIMPLE_INSTRUMENT;BLOCK;EUR;99;4947.18000000;4381;PRC_DECOMP_EXCHANGE;;;;XEUR;7793479;675;EXCHANGE
16.12.2024;16:34:39.891;FESX.S.DEC24.MAR25.SPD;FUTURES_SPREAD;BLOCK;EUR;100;-26.84000000;2820;EXCHANGE_LAST;;1;1;XEUR;72060493140861185;675;
16.12.2024;16:34:39.891;FESX SI 20250321 CS;SIMPLE_INSTRUMENT;BLOCK;EUR;100;4974.00000000;2820;PRC_DECOMP_EXCHANGE;;;;XEUR;7793482;675;EXCHANGE
16.12.2024;16:34:39.891;FESX SI 20241220 CS;SIMPLE_INSTRUMENT;BLOCK;EUR;100;4947.16000000;2820;PRC_DECOMP_EXCHANGE;;;;XEUR;7793479;675;EXCHANGE
16.12.2024;16:34:39.921;FESX.S.DEC24.MAR25.SPD;FUTURES_SPREAD;BLOCK;EUR;101;-26.79000000;2180;EXCHANGE_LAST;;1;1;XEUR;72060493140861185;675;
16.12.2024;16:34:39.921;FESX SI 20250321 CS;SIMPLE_INSTRUMENT;BLOCK;EUR;101;4974.00000000;2180;PRC_DECOMP_EXCHANGE;;;;XEUR;7793482;675;EXCHANGE
16.12.2024;16:34:39.921;FESX SI 20241220 CS;SIMPLE_INSTRUMENT;BLOCK;EUR;101;4947.21000000;2180;PRC_DECOMP_EXCHANGE;;;;XEUR;7793479;675;EXCHANGE
16.12.2024;16:39:09.160;FESX SI 20241220 CS;SIMPLE_INSTRUMENT;EFP_IDX;EUR;102;4950.00000000;178;EXCHANGE_LAST;;1;1;XEUR;7793479;675;
16.12.2024;16:39:19.467;FESX SI 20241220 CS;SIMPLE_INSTRUMENT;EFP_IDX;EUR;103;4951.00000000;122;EXCHANGE_LAST;;1;1;XEUR;7793479;675;
16.12.2024;16:42:39.110;FESX.S.DEC24.MAR25.SPD;FUTURES_SPREAD;BLOCK;EUR;104;-26.81000000;8019;EXCHANGE_LAST;;1;1;XEUR;72060493140861185;675;
16.12.2024;16:42:39.110;FESX SI 20250321 CS;SIMPLE_INSTRUMENT;BLOCK;EUR;104;4975.81000000;8019;PRC_DECOMP_MEMBER;;;;XEUR;7793482;675;MEMBER
16.12.2024;16:42:39.110;FESX SI 20241220 CS;SIMPLE_INSTRUMENT;BLOCK;EUR;104;4949.00000000;8019;PRC_DECOMP_MEMBER;;;;XEUR;7793479;675;MEMBER
16.12.2024;16:43:10.693;FESX.S.DEC24.MAR25.SPD;FUTURES_SPREAD;BLOCK;EUR;105;-26.82000000;36532;EXCHANGE_LAST;;1;1;XEUR;72060493140861185;675;
16.12.2024;16:43:10.693;FESX SI 20250321 CS;SIMPLE_INSTRUMENT;BLOCK;EUR;105;4975.82000000;36532;PRC_DECOMP_MEMBER;;;;XEUR;7793482;675;MEMBER
16.12.2024;16:43:10.693;FESX SI 20241220 CS;SIMPLE_INSTRUMENT;BLOCK;EUR;105;4949.00000000;36532;PRC_DECOMP_MEMBER;;;;XEUR;7793479;675;MEMBER
16.12.2024;16:49:50.304;FESX.S.DEC24.MAR25.SPD;FUTURES_SPREAD;BLOCK;EUR;106;-26.81000000;2308;EXCHANGE_LAST;;1;1;XEUR;72060493140861185;675;
16.12.2024;16:49:50.304;FESX SI 20250321 CS;SIMPLE_INSTRUMENT;BLOCK;EUR;106;4976.81000000;2308;PRC_DECOMP_MEMBER;;;;XEUR;7793482;675;MEMBER
16.12.2024;16:49:50.304;FESX SI 20241220 CS;SIMPLE_INSTRUMENT;BLOCK;EUR;106;4950.00000000;2308;PRC_DECOMP_MEMBER;;;;XEUR;7793479;675;MEMBER
16.12.2024;16:50:17.402;FESX.S.DEC24.MAR25.SPD;FUTURES_SPREAD;BLOCK;EUR;107;-26.82000000;5651;EXCHANGE_LAST;;1;1;XEUR;72060493140861185;675;
16.12.2024;16:50:17.402;FESX SI 20241220 CS;SIMPLE_INSTRUMENT;BLOCK;EUR;107;4950.00000000;5651;PRC_DECOMP_MEMBER;;;;XEUR;7793479;675;MEMBER
16.12.2024;16:50:17.402;FESX SI 20250321 CS;SIMPLE_INSTRUMENT;BLOCK;EUR;107;4976.82000000;5651;PRC_DECOMP_MEMBER;;;;XEUR;7793482;675;MEMBER
16.12.2024;16:54:36.380;FESX.S.DEC24.MAR25.SPD;FUTURES_SPREAD;BLOCK;EUR;108;-26.82000000;6383;EXCHANGE_LAST;;1;1;XEUR;72060493140861185;675;
16.12.2024;16:54:36.380;FESX SI 20250321 CS;SIMPLE_INSTRUMENT;BLOCK;EUR;108;4976.82000000;6383;PRC_DECOMP_MEMBER;;;;XEUR;7793482;675;MEMBER
16.12.2024;16:54:36.380;FESX SI 20241220 CS;SIMPLE_INSTRUMENT;BLOCK;EUR;108;4950.00000000;6383;PRC_DECOMP_MEMBER;;;;XEUR;7793479;675;MEMBER
16.12.2024;16:59:48.626;FESX SI 20241220 CS;SIMPLE_INSTRUMENT;EFP_IDX;EUR;109;4951.00000000;810;EXCHANGE_LAST;;1;1;XEUR;7793479;675;
16.12.2024;16:59:56.143;FESX SI 20241220 CS;SIMPLE_INSTRUMENT;EFP_IDX;EUR;110;4950.00000000;1190;EXCHANGE_LAST;;1;1;XEUR;7793479;675;
16.12.2024;16:55:04.440;FESX SI 20241220 CS;SIMPLE_INSTRUMENT;EFP_IDX;EUR;111;4951.00000000;121;EXCHANGE_LAST;;1;1;XEUR;7793479;675;
16.12.2024;16:55:13.933;FESX SI 20241220 CS;SIMPLE_INSTRUMENT;EFP_IDX;EUR;112;4950.00000000;179;EXCHANGE_LAST;;1;1;XEUR;7793479;675;
16.12.2024;08:47:02.491;FESX SI 20241220 CS;SIMPLE_INSTRUMENT;VOLA;EUR;637534213;4960.00000000;360;EXCHANGE_LAST;;1;1;XEUR;7793479;675;
16.12.2024;08:49:33.921;FESX SI 20241220 CS;SIMPLE_INSTRUMENT;VOLA;EUR;637534215;4960.00000000;300;EXCHANGE_LAST;;1;1;XEUR;7793479;675;
16.12.2024;11:31:23.744;FESX SI 20241220 CS;SIMPLE_INSTRUMENT;VOLA;EUR;637534251;4947.00000000;140;EXCHANGE_LAST;;1;1;XEUR;7793479;675;
16.12.2024;12:58:09.259;FESX SI 20241220 CS;SIMPLE_INSTRUMENT;VOLA;EUR;637534269;4954.00000000;680;EXCHANGE_LAST;;1;1;XEUR;7793479;675;
16.12.2024;15:28:51.294;FESX SI 20250321 CS;SIMPLE_INSTRUMENT;VOLA;EUR;637534305;4990.00000000;280;EXCHANGE_LAST;;1;1;XEUR;7793482;675;
16.12.2024;16:00:02.330;FESX SI 20241220 CS;SIMPLE_INSTRUMENT;VOLA;EUR;637534316;4956.00000000;600;EXCHANGE_LAST;;1;1;XEUR;7793479;675;
16.12.2024;15:53:36.996;FESX SI 20241220 CS;SIMPLE_INSTRUMENT;VOLA;EUR;637534317;4960.00000000;546;EXCHANGE_LAST;;1;1;XEUR;7793479;675;
16.12.2024;15:53:40.193;FESX SI 20241220 CS;SIMPLE_INSTRUMENT;VOLA;EUR;637534318;4956.00000000;900;EXCHANGE_LAST;;1;1;XEUR;7793479;675;
16.12.2024;16:14:24.861;FESX SI 20241220 CS;SIMPLE_INSTRUMENT;VOLA;EUR;637534330;4960.00000000;700;EXCHANGE_LAST;;1;1;XEUR;7793479;675;
16.12.2024;16:15:11.773;FESX SI 20241220 CS;SIMPLE_INSTRUMENT;VOLA;EUR;637534331;4960.00000000;440;EXCHANGE_LAST;;1;1;XEUR;7793479;675;
16.12.2024;16:37:24.991;FESX SI 20250321 CS;SIMPLE_INSTRUMENT;VOLA;EUR;637534341;4982.00000000;755;EXCHANGE_LAST;;1;1;XEUR;7793482;675;
16.12.2024;09:36:16.945;FEXD SI 20261218 CS;SIMPLE_INSTRUMENT;BLOCK;EUR;18;153.00000000;192;EXCHANGE_LAST;;1;1;XEUR;2163053;693;
16.12.2024;10:19:33.653;FEXD SI 20261218 CS;SIMPLE_INSTRUMENT;BLOCK;EUR;31;152.80000000;250;EXCHANGE_LAST;;1;1;XEUR;2163053;693;
16.12.2024;10:20:04.883;FEXD SI 20271217 CS;SIMPLE_INSTRUMENT;BLOCK;EUR;32;147.00000000;250;EXCHANGE_LAST;;1;1;XEUR;2848338;693;
16.12.2024;10:28:52.212;FEXD SI 20251219 CS;SIMPLE_INSTRUMENT;BLOCK;EUR;42;157.40000000;5506;EXCHANGE_LAST;;1;1;XEUR;1548120;693;
16.12.2024;10:29:43.433;FEXD SI 20251219 CS;SIMPLE_INSTRUMENT;BLOCK;EUR;44;157.60000000;6730;EXCHANGE_LAST;;1;1;XEUR;1548120;693;
16.12.2024;15:12:30.674;FEXD.S.DEC25.DEC27.SPD;FUTURES_SPREAD;BLOCK;EUR;158;11.00000000;1400;EXCHANGE_LAST;;1;2;XEUR;72060570450264152;693;
16.12.2024;15:12:30.674;FEXD SI 20271217 CS;SIMPLE_INSTRUMENT;BLOCK;EUR;158;146.80000000;1400;PRC_DECOMP_EXCHANGE;;;;XEUR;2848338;693;EXCHANGE
16.12.2024;15:12:30.674;FEXD SI 20251219 CS;SIMPLE_INSTRUMENT;BLOCK;EUR;158;157.80000000;1400;PRC_DECOMP_EXCHANGE;;;;XEUR;1548120;693;EXCHANGE
16.12.2024;15:23:32.588;FEXD.S.DEC25.DEC27.SPD;FUTURES_SPREAD;BLOCK;EUR;161;11.00000000;350;EXCHANGE_LAST;;1;1;XEUR;72060570450264152;693;
16.12.2024;15:23:32.588;FEXD SI 20271217 CS;SIMPLE_INSTRUMENT;BLOCK;EUR;161;146.80000000;350;PRC_DECOMP_MEMBER;;;;XEUR;2848338;693;MEMBER
16.12.2024;15:23:32.588;FEXD SI 20251219 CS;SIMPLE_INSTRUMENT;BLOCK;EUR;161;157.80000000;350;PRC_DECOMP_MEMBER;;;;XEUR;1548120;693;MEMBER
16.12.2024;16:45:39.522;FEXD SI 20271217 CS;SIMPLE_INSTRUMENT;BLOCK;EUR;184;146.70000000;250;EXCHANGE_LAST;;1;1;XEUR;2848338;693;
16.12.2024;16:59:10.826;FFOX SI 20241220 CS;SIMPLE_INSTRUMENT;BLOCK;EUR;107;4342.80000000;105;EXCHANGE_LAST;;1;1;XEUR;10839549;695;
16.12.2024;07:43:06.766;FGBL SI 20250306 PS;SIMPLE_INSTRUMENT;EFS;EUR;1;134.53000000;464;EXCHANGE_LAST;;1;1;XEUR;11286679;688;
16.12.2024;07:54:27.390;FGBL SI 20250306 PS;SIMPLE_INSTRUMENT;EFS;EUR;2;134.53000000;171;EXCHANGE_LAST;;1;1;XEUR;11286679;688;
16.12.2024;08:10:29.254;FGBL SI 20250306 PS;SIMPLE_INSTRUMENT;EFS;EUR;3;134.61000000;660;EXCHANGE_LAST;;1;1;XEUR;11286679;688;
16.12.2024;08:37:41.515;FGBL SI 20250306 PS;SIMPLE_INSTRUMENT;EFS;EUR;4;134.53000000;243;EXCHANGE_LAST;;1;1;XEUR;11286679;688;
16.12.2024;08:43:09.454;FGBL SI 20250306 PS;SIMPLE_INSTRUMENT;EFS;EUR;5;134.55000000;403;EXCHANGE_LAST;;1;1;XEUR;11286679;688;
16.12.2024;08:59:35.015;FGBL SI 20250306 PS;SIMPLE_INSTRUMENT;EFP_FIN;EUR;6;134.46000000;713;EXCHANGE_LAST;;1;1;XEUR;11286679;688;
16.12.2024;09:05:01.642;FGBL SI 20250306 PS;SIMPLE_INSTRUMENT;EFP_FIN;EUR;7;134.60000000;155;EXCHANGE_LAST;;1;1;XEUR;11286679;688;
16.12.2024;09:05:04.374;FGBL SI 20250306 PS;SIMPLE_INSTRUMENT;EFS;EUR;8;134.50000000;210;EXCHANGE_LAST;;1;1;XEUR;11286679;688;
16.12.2024;09:16:17.956;FGBL SI 20250306 PS;SIMPLE_INSTRUMENT;EFS;EUR;9;134.61000000;260;EXCHANGE_LAST;;1;1;XEUR;11286679;688;
16.12.2024;09:18:47.712;FGBL SI 20250306 PS;SIMPLE_INSTRUMENT;EFS;EUR;10;134.68000000;878;EXCHANGE_LAST;;1;1;XEUR;11286679;688;
16.12.2024;09:27:31.614;FGBL SI 20250306 PS;SIMPLE_INSTRUMENT;EFS;EUR;11;134.55000000;1052;EXCHANGE_LAST;;1;1;XEUR;11286679;688;
16.12.2024;09:34:28.245;FGBL SI 20250306 PS;SIMPLE_INSTRUMENT;EFS;EUR;12;134.58000000;162;EXCHANGE_LAST;;1;1;XEUR;11286679;688;
16.12.2024;09:36:21.100;FGBL SI 20250306 PS;SIMPLE_INSTRUMENT;EFS;EUR;13;134.60000000;243;EXCHANGE_LAST;;1;1;XEUR;11286679;688;
16.12.2024;09:41:07.097;FGBL SI 20250306 PS;SIMPLE_INSTRUMENT;EFS;EUR;14;134.61000000;213;EXCHANGE_LAST;;1;1;XEUR;11286679;688;
16.12.2024;09:48:11.904;FGBL SI 20250306 PS;SIMPLE_INSTRUMENT;EFP_FIN;EUR;15;134.60000000;371;EXCHANGE_LAST;;1;1;XEUR;11286679;688;
