#Date;TrdTime;Contract;ContractType;TrdTyp;Currency;TesId;Prc;Qty;TrdInd;Aggressor;Buy;Sell;Exch;InstrumentId;RelatedProdId;PrcDecomp
05.02.2025;10:37:24.904;A2LV SI 20251219 CS;SIMPLE_INSTRUMENT;BLOCK;EUR;12;15.20000000;85;EXCHANGE_LAST;;1;1;XEUR;3681050;12;
05.02.2025;16:08:38.362;A2LV SI 20251219 CS;SIMPLE_INSTRUMENT;BLOCK;EUR;70;15.16000000;50;EXCHANGE_LAST;;3;1;XEUR;3681050;12;
05.02.2025;13:09:33.715;A2XA SI 20251219 CS;SIMPLE_INSTRUMENT;BLOCK;EUR;38;2.28000000;350;EXCHANGE_LAST;;1;2;XEUR;3681055;17;
05.02.2025;13:56:57.965;A2XA SI 20261218 CS;SIMPLE_INSTRUMENT;BLOCK;EUR;42;2.26000000;675;EXCHANGE_LAST;;1;2;XEUR;4632093;17;
05.02.2025;14:37:45.241;A2XA SI 20261218 CS;SIMPLE_INSTRUMENT;BLOCK;EUR;48;2.26000000;200;EXCHANGE_LAST;;1;1;XEUR;4632093;17;
05.02.2025;16:27:42.254;A2XA SI 20251219 CS;SIMPLE_INSTRUMENT;BLOCK;EUR;77;2.31000000;350;EXCHANGE_LAST;;1;2;XEUR;3681055;17;
05.02.2025;16:57:49.372;A2XA SI 20251219 CS;SIMPLE_INSTRUMENT;BLOCK;EUR;83;2.31000000;50;EXCHANGE_LAST;;1;1;XEUR;3681055;17;
05.02.2025;15:05:01.222;AAR SI 20251219 PS AM P 12.00 0;SIMPLE_INSTRUMENT;BLOCK;EUR;30;0.39000000;3000;EXCHANGE_LAST;;1;1;XEUR;5991114;48150;
05.02.2025;13:57:35.653;ABBN SI 20251219 PS AM P 50.00 0;SIMPLE_INSTRUMENT;BLOCK;CHF;35;5.11000000;1250;EXCHANGE_LAST;;1;1;XEUR;11849000;574517;
05.02.2025;14:33:10.623;ABBN SI 20251219 PS AM P 36.00 0;SIMPLE_INSTRUMENT;BLOCK;CHF;41;0.67000000;2000;EXCHANGE_LAST;;1;1;XEUR;8509428;574517;
05.02.2025;15:12:11.364;ABBN SI 20250221 PS AM C 50.00 0;SIMPLE_INSTRUMENT;BLOCK;CHF;47;0.53000000;1250;EXCHANGE_LAST;;1;1;XEUR;12279679;574517;
05.02.2025;16:07:22.951;ABBN SI 20250221 PS AM C 50.50 0;SIMPLE_INSTRUMENT;BLOCK;CHF;54;0.43000000;1000;EXCHANGE_LAST;;1;1;XEUR;12279672;574517;
05.02.2025;10:38:43.167;ADEN SI 20260619 PS AM P 16.00 0;SIMPLE_INSTRUMENT;BLOCK;CHF;11;1.50000000;1000;EXCHANGE_LAST;;1;1;XEUR;9536147;44;
05.02.2025;10:38:43.914;ADEN SI 20260619 PS AM C 24.00 0;SIMPLE_INSTRUMENT;BLOCK;CHF;12;1.20000000;1000;EXCHANGE_LAST;;1;1;XEUR;9536120;44;
05.02.2025;11:05:44.918;ADEN SI 20250620 PS AM P 19.00 0;SIMPLE_INSTRUMENT;BLOCK;CHF;17;0.85000000;2000;EXCHANGE_LAST;;1;1;XEUR;11347912;44;
05.02.2025;10:15:10.194;ADS SI 20250221 PS AM P 245.00 0;SIMPLE_INSTRUMENT;BLOCK;EUR;6;3.00000000;250;EXCHANGE_LAST;;1;1;XEUR;12237472;50;
05.02.2025;13:56:49.781;AIR.O.250205.STD.000001;STANDARD_OPTION_STRATEGY;BLOCK;EUR;34;33.50000000;300;EXCHANGE_LAST;;1;1;XEUR;72057868915849801;64;
05.02.2025;13:56:49.781;AIR SI 20261218 PS AM C 160.00 0;SIMPLE_INSTRUMENT;BLOCK;EUR;34;21.27000000;300;PRC_DECOMP_EXCHANGE;;;;XEUR;11290369;64;EXCHANGE
05.02.2025;13:56:49.781;AIR SI 20261218 PS AM P 160.00 0;SIMPLE_INSTRUMENT;BLOCK;EUR;34;12.23000000;300;PRC_DECOMP_EXCHANGE;;;;XEUR;11290370;64;EXCHANGE
05.02.2025;14:21:23.695;AIR SI 20250620 PS AM P 160.00 0;SIMPLE_INSTRUMENT;BLOCK;EUR;37;4.88000000;300;EXCHANGE_LAST;;1;1;XEUR;11290294;64;
05.02.2025;13:17:36.596;ALV.N.250205.000010;NON_STANDARD_OPTION_STRATEGY;BLOCK;EUR;3;59.50000000;300;EXCHANGE_LAST;;1;1;XEUR;72057911865569235;74;
05.02.2025;13:17:36.596;ALV SI 20250417 PS AM C 320.00 0;SIMPLE_INSTRUMENT;BLOCK;EUR;3;6.70000000;600;PRC_DECOMP_MEMBER;;;;XEUR;12614184;74;MEMBER
05.02.2025;13:17:36.596;ALV SI 20270618 PS AM C 320.00 0;SIMPLE_INSTRUMENT;BLOCK;EUR;3;24.30000000;900;PRC_DECOMP_MEMBER;;;;XEUR;11349423;74;MEMBER
05.02.2025;14:05:16.257;ALV SI 20271217 PS AM P 280.00 0;SIMPLE_INSTRUMENT;BLOCK;EUR;4;28.00000000;150;EXCHANGE_LAST;;1;1;XEUR;8772895;74;
05.02.2025;15:58:30.230;ALV SI 20250919 PS AM P 260.00 0;SIMPLE_INSTRUMENT;BLOCK;EUR;5;4.90000000;300;EXCHANGE_LAST;;1;1;XEUR;11871535;74;
05.02.2025;10:56:06.170;AOM SI 20260619 PS AM P 16.00 0;SIMPLE_INSTRUMENT;BLOCK;EUR;9;1.57000000;1000;EXCHANGE_LAST;;1;1;XEUR;11249219;88;
05.02.2025;12:41:05.102;ASM SI 20250620 PS AM P 640.00 0;SIMPLE_INSTRUMENT;BLOCK;EUR;11;31.80000000;150;EXCHANGE_LAST;;1;1;XEUR;7898589;107;
05.02.2025;09:49:33.101;AXA.O.250205.PDIA.000002;STANDARD_OPTION_STRATEGY;BLOCK;EUR;2;-0.21000000;1250;EXCHANGE_LAST;;1;1;XEUR;72058139498795274;127;
05.02.2025;09:49:33.101;AXA SI 20250620 PS AM P 26.00 0;SIMPLE_INSTRUMENT;BLOCK;EUR;2;0.22000000;1250;PRC_DECOMP_EXCHANGE;;;;XEUR;9735899;127;EXCHANGE
05.02.2025;09:49:33.101;AXA SI 20250417 PS AM P 34.00 0;SIMPLE_INSTRUMENT;BLOCK;EUR;2;0.43000000;1250;PRC_DECOMP_EXCHANGE;;;;XEUR;12614929;127;EXCHANGE
05.02.2025;13:06:24.694;AXA SI 20261218 PS AM P 30.00 0;SIMPLE_INSTRUMENT;BLOCK;EUR;23;2.14000000;1250;EXCHANGE_LAST;;1;1;XEUR;11479918;127;
05.02.2025;14:22:55.084;AXA.O.250205.STD.000006;STANDARD_OPTION_STRATEGY;BLOCK;EUR;38;5.62000000;2500;EXCHANGE_LAST;;2;1;XEUR;72058139498795278;127;
05.02.2025;14:22:55.084;AXA SI 20251219 PS AM C 36.00 0;SIMPLE_INSTRUMENT;BLOCK;EUR;38;2.75000000;2500;PRC_DECOMP_EXCHANGE;;;;XEUR;6271799;127;EXCHANGE
05.02.2025;14:22:55.084;AXA SI 20251219 PS AM P 36.00 0;SIMPLE_INSTRUMENT;BLOCK;EUR;38;2.87000000;2500;PRC_DECOMP_EXCHANGE;;;;XEUR;6271800;127;EXCHANGE
05.02.2025;09:29:41.448;B2NP SI 20271217 CS;SIMPLE_INSTRUMENT;BLOCK;EUR;3;4.30000000;100;EXCHANGE_LAST;;1;1;XEUR;7086925;131;
05.02.2025;09:43:09.880;B2NP SI 20281215 CS;SIMPLE_INSTRUMENT;BLOCK;EUR;7;3.75000000;100;EXCHANGE_LAST;;2;1;XEUR;7086921;131;
05.02.2025;12:39:27.757;B2NP SI 20251219 CS;SIMPLE_INSTRUMENT;BLOCK;EUR;32;7.30000000;150;EXCHANGE_LAST;;1;1;XEUR;5914355;131;
05.02.2025;12:50:09.913;B2NP SI 20261218 CS;SIMPLE_INSTRUMENT;BLOCK;EUR;36;4.76000000;100;EXCHANGE_LAST;;1;1;XEUR;6798320;131;
05.02.2025;13:27:29.644;B2NP SI 20261218 CS;SIMPLE_INSTRUMENT;BLOCK;EUR;41;4.76000000;155;EXCHANGE_LAST;;1;2;XEUR;6798320;131;
05.02.2025;14:40:50.532;B2NP SI 20251219 CS;SIMPLE_INSTRUMENT;BLOCK;EUR;47;7.26000000;125;EXCHANGE_LAST;;1;1;XEUR;5914355;131;
05.02.2025;15:24:08.991;B2NP SI 20251219 CS;SIMPLE_INSTRUMENT;BLOCK;EUR;53;7.26000000;125;EXCHANGE_LAST;;2;1;XEUR;5914355;131;
05.02.2025;15:33:04.711;B2NP SI 20251219 CS;SIMPLE_INSTRUMENT;BLOCK;EUR;54;7.26000000;100;EXCHANGE_LAST;;1;1;XEUR;5914355;131;
05.02.2025;15:50:50.292;B2NP SI 20261218 CS;SIMPLE_INSTRUMENT;BLOCK;EUR;64;4.76000000;200;EXCHANGE_LAST;;1;1;XEUR;6798320;131;
05.02.2025;16:19:17.463;BAEE.O.250205.COMBO.000002;STANDARD_OPTION_STRATEGY;BLOCK;CHF;55;0.39000000;1500;EXCHANGE_LAST;;1;1;XEUR;75170371585703962;724750;
05.02.2025;16:19:17.463;BAEE SI 20250919 PS EU C 60.00 0;SIMPLE_INSTRUMENT;BLOCK;CHF;55;2.02000000;1500;PRC_DECOMP_EXCHANGE;;;;XEUR;11933134;724750;EXCHANGE
05.02.2025;16:19:17.463;BAEE SI 20250919 PS EU P 50.00 0;SIMPLE_INSTRUMENT;BLOCK;CHF;55;2.41000000;1500;PRC_DECOMP_EXCHANGE;;;;XEUR;11933231;724750;EXCHANGE
05.02.2025;10:38:45.360;BAEN.O.250205.PDIA.000002;STANDARD_OPTION_STRATEGY;BLOCK;CHF;13;1.52000000;800;EXCHANGE_LAST;;1;1;XEUR;72058276937746672;159;
05.02.2025;10:38:45.360;BAEN SI 20260619 PS AM P 40.00 0;SIMPLE_INSTRUMENT;BLOCK;CHF;13;1.97000000;800;PRC_DECOMP_EXCHANGE;;;;XEUR;9539194;159;EXCHANGE
05.02.2025;10:38:45.360;BAEN SI 20250221 PS AM P 54.00 0;SIMPLE_INSTRUMENT;BLOCK;CHF;13;0.45000000;800;PRC_DECOMP_EXCHANGE;;;;XEUR;12238999;159;EXCHANGE
05.02.2025;14:17:18.482;BAEN SI 20260619 PS AM P 40.00 0;SIMPLE_INSTRUMENT;BLOCK;CHF;39;1.93000000;400;EXCHANGE_LAST;;1;1;XEUR;9539194;159;
05.02.2025;11:09:55.623;BAS SI 20250221 PS AM P 44.00 0;SIMPLE_INSTRUMENT;BLOCK;EUR;4;0.66000000;3000;EXCHANGE_LAST;;1;1;XEUR;12239047;150;
05.02.2025;11:03:43.826;BAS SI 20250321 PS AM P 46.00 0;SIMPLE_INSTRUMENT;BLOCK;EUR;5;2.45000000;1000;EXCHANGE_LAST;;1;1;XEUR;10831044;150;
05.02.2025;13:15:02.319;BAS SI 20250321 PS AM P 46.00 0;SIMPLE_INSTRUMENT;BLOCK;EUR;7;2.45000000;500;EXCHANGE_LAST;;1;1;XEUR;10831044;150;
05.02.2025;16:21:38.651;BAS SI 20250221 PS AM C 46.50 0;SIMPLE_INSTRUMENT;BLOCK;EUR;8;0.46000000;1120;EXCHANGE_LAST;;1;1;XEUR;12238982;150;
05.02.2025;16:21:41.079;BAS SI 20250221 PS AM C 46.50 0;SIMPLE_INSTRUMENT;BLOCK;EUR;9;0.45000000;1120;EXCHANGE_LAST;;1;1;XEUR;12238982;150;
05.02.2025;10:55:21.974;BAYE SI 20291221 PS EU P 20.00 0;SIMPLE_INSTRUMENT;BLOCK;EUR;2;4.96000000;1000;EXCHANGE_LAST;;1;1;XEUR;12433917;175;
05.02.2025;10:02:20.771;BGNF SI 20250320 CS;SIMPLE_INSTRUMENT;BLOCK;EUR;9;48.61850000;5000;EXCHANGE_LAST;;1;1;XEUR;10690905;626574;
05.02.2025;11:18:29.381;BMWF SI 20250321 CS;SIMPLE_INSTRUMENT;BLOCK;EUR;19;77.09750000;4000;EXCHANGE_LAST;;1;1;XEUR;10695616;239;
05.02.2025;12:59:42.946;BNP.O.250205.STD.000006;STANDARD_OPTION_STRATEGY;BLOCK;EUR;21;15.00000000;1000;EXCHANGE_LAST;;2;1;XEUR;72058611945199874;237;
05.02.2025;12:59:42.946;BNP SI 20260619 PS AM P 66.00 0;SIMPLE_INSTRUMENT;BLOCK;EUR;21;10.05000000;1000;PRC_DECOMP_EXCHANGE;;;;XEUR;12372394;237;EXCHANGE
05.02.2025;12:59:42.946;BNP SI 20260619 PS AM C 66.00 0;SIMPLE_INSTRUMENT;BLOCK;EUR;21;4.95000000;1000;PRC_DECOMP_EXCHANGE;;;;XEUR;12372395;237;EXCHANGE
05.02.2025;15:43:41.998;BNPH SI 20250321 CS;SIMPLE_INSTRUMENT;BLOCK;EUR;58;66.41000000;750;EXCHANGE_LAST;;1;1;XEUR;10695531;236;
05.02.2025;15:50:23.312;BNPH SI 20250321 CS;SIMPLE_INSTRUMENT;BLOCK;EUR;63;66.41000000;3000;EXCHANGE_LAST;;1;1;XEUR;10695531;236;
05.02.2025;15:51:30.981;BRNT SI 20250321 PS EU C 64.00 0;SIMPLE_INSTRUMENT;BLOCK;USD;2;0.16000000;12036;EXCHANGE_LAST;;1;1;XEUR;7605830;367244;
05.02.2025;15:51:31.011;BRNT SI 20250321 PS EU C 64.00 0;SIMPLE_INSTRUMENT;BLOCK;USD;3;0.17000000;12036;EXCHANGE_LAST;;1;1;XEUR;7605830;367244;
05.02.2025;14:47:58.953;BUCN SI 20250620 PS AM P 320.00 0;SIMPLE_INSTRUMENT;BLOCK;CHF;45;7.10000000;500;EXCHANGE_LAST;;1;1;XEUR;9583106;108037;
05.02.2025;15:23:10.959;C3AR SI 20261218 CS;SIMPLE_INSTRUMENT;BLOCK;EUR;52;0.87000000;900;EXCHANGE_LAST;;1;2;XEUR;6799833;256;
05.02.2025;11:08:33.891;C4RI SI 20251219 CS;SIMPLE_INSTRUMENT;BLOCK;EUR;14;2.70000000;300;EXCHANGE_LAST;;1;2;XEUR;5914459;50862;
05.02.2025;12:55:44.660;C4RI SI 20251219 CS;SIMPLE_INSTRUMENT;BLOCK;EUR;37;2.70000000;200;EXCHANGE_LAST;;1;1;XEUR;5914459;50862;
05.02.2025;14:35:59.749;CBK.O.250205.STD.000014;STANDARD_OPTION_STRATEGY;BLOCK;EUR;8;1.01000000;2500;EXCHANGE_LAST;;1;1;XEUR;72058745089203516;268;
05.02.2025;14:35:59.749;CBK SI 20250221 PS AM P 18.40 0;SIMPLE_INSTRUMENT;BLOCK;EUR;8;0.41000000;2500;PRC_DECOMP_EXCHANGE;;;;XEUR;12295532;268;EXCHANGE
05.02.2025;14:35:59.749;CBK SI 20250221 PS AM C 18.40 0;SIMPLE_INSTRUMENT;BLOCK;EUR;8;0.60000000;2500;PRC_DECOMP_EXCHANGE;;;;XEUR;12295530;268;EXCHANGE
05.02.2025;12:45:31.310;CFR.O.250205.COMBO.000006;STANDARD_OPTION_STRATEGY;BLOCK;CHF;26;-3.60000000;1000;EXCHANGE_LAST;;1;2;XEUR;72058938362728509;313;
05.02.2025;12:45:31.310;CFR SI 20250620 PS AM P 150.00 0;SIMPLE_INSTRUMENT;BLOCK;CHF;26;3.42000000;1000;PRC_DECOMP_EXCHANGE;;;;XEUR;11354569;313;EXCHANGE
05.02.2025;12:45:31.310;CFR SI 20250620 PS AM C 190.00 0;SIMPLE_INSTRUMENT;BLOCK;CHF;26;7.02000000;1000;PRC_DECOMP_EXCHANGE;;;;XEUR;11354560;313;EXCHANGE
05.02.2025;13:27:38.084;CFR SI 20250221 PS AM P 170.00 0;SIMPLE_INSTRUMENT;BLOCK;CHF;32;1.22000000;1000;EXCHANGE_LAST;;2;1;XEUR;12607526;313;
05.02.2025;14:42:42.902;CFR SI 20251219 PS AM P 160.00 0;SIMPLE_INSTRUMENT;BLOCK;CHF;42;12.15000000;300;EXCHANGE_LAST;;1;1;XEUR;9996452;313;
05.02.2025;14:45:35.654;CFR SI 20251219 PS AM P 160.00 0;SIMPLE_INSTRUMENT;BLOCK;CHF;46;12.15000000;300;EXCHANGE_LAST;;1;1;XEUR;9996452;313;
05.02.2025;13:04:35.151;CLX SI 20250919 PS AM P 28.00 0;SIMPLE_INSTRUMENT;BLOCK;EUR;14;0.95000000;10000;EXCHANGE_LAST;;1;1;XEUR;9207086;626615;
05.02.2025;13:04:37.579;CLX SI 20250919 PS AM P 26.00 0;SIMPLE_INSTRUMENT;BLOCK;EUR;15;0.57000000;10000;EXCHANGE_LAST;;1;1;XEUR;10887618;626615;
05.02.2025;13:35:09.280;CLX SI 20250919 PS AM C 33.00 0;SIMPLE_INSTRUMENT;BLOCK;EUR;23;2.80000000;10000;EXCHANGE_LAST;;1;1;XEUR;11928595;626615;
05.02.2025;13:35:17.194;CLX SI 20250919 PS AM C 36.00 0;SIMPLE_INSTRUMENT;BLOCK;EUR;24;1.55000000;6500;EXCHANGE_LAST;;1;1;XEUR;9207076;626615;
05.02.2025;13:35:23.551;CLX SI 20250919 PS AM C 36.00 0;SIMPLE_INSTRUMENT;BLOCK;EUR;25;1.57000000;7500;EXCHANGE_LAST;;1;1;XEUR;9207076;626615;
05.02.2025;11:54:56.027;CRI5 SI 20251218 PS AM P 32.00 0;SIMPLE_INSTRUMENT;BLOCK;EUR;10;1.25000000;2000;EXCHANGE_LAST;;1;2;XEUR;9004518;320;
05.02.2025;13:21:50.638;D3AI SI 20251219 CS;SIMPLE_INSTRUMENT;BLOCK;EUR;40;4.23000000;850;EXCHANGE_LAST;;3;4;XEUR;7144062;443197;
05.02.2025;15:35:19.884;D3AI SI 20261218 CS;SIMPLE_INSTRUMENT;BLOCK;EUR;55;3.49000000;450;EXCHANGE_LAST;;1;2;XEUR;7144051;443197;
05.02.2025;10:25:29.620;DAI.N.250205.000003;NON_STANDARD_OPTION_STRATEGY;BLOCK;EUR;1;1.54000000;500;EXCHANGE_LAST;;1;1;XEUR;73961106363663903;443196;
05.02.2025;10:25:29.620;DAI SI 20250221 PS AM P 52.00 0;SIMPLE_INSTRUMENT;BLOCK;EUR;1;0.37000000;1500;PRC_DECOMP_MEMBER;;;;XEUR;12277941;443196;MEMBER
05.02.2025;10:25:29.620;DAI SI 20250221 PS AM C 58.00 0;SIMPLE_INSTRUMENT;BLOCK;EUR;1;1.31000000;1000;PRC_DECOMP_MEMBER;;;;XEUR;12277882;443196;MEMBER
05.02.2025;10:25:29.620;DAI SI 20250221 PS AM P 44.00 0;SIMPLE_INSTRUMENT;BLOCK;EUR;1;0.01000000;1500;PRC_DECOMP_MEMBER;;;;XEUR;12307480;443196;MEMBER
05.02.2025;11:09:10.526;DAI SI 20260619 PS AM P 52.00 0;SIMPLE_INSTRUMENT;BLOCK;EUR;3;6.18000000;750;EXCHANGE_LAST;;1;1;XEUR;9598266;443196;
05.02.2025;13:43:42.079;DAI.O.250205.BR23.000005;STANDARD_OPTION_STRATEGY;BLOCK;EUR;6;-12.24000000;5000;EXCHANGE_LAST;;2;3;XEUR;73961106363663905;443196;
05.02.2025;13:43:42.079;DAI SI 20281215 PS AM P 56.00 0;SIMPLE_INSTRUMENT;BLOCK;EUR;6;13.20000000;10000;PRC_DECOMP_EXCHANGE;;;;XEUR;11961685;443196;EXCHANGE
05.02.2025;13:43:42.079;DAI SI 20281215 PS AM P 36.00 0;SIMPLE_INSTRUMENT;BLOCK;EUR;6;4.72000000;15000;PRC_DECOMP_EXCHANGE;;;;XEUR;10455502;443196;EXCHANGE
05.02.2025;09:00:02.234;DBK SI 20251219 PS AM P 10.00 0;SIMPLE_INSTRUMENT;BLOCK;EUR;3;0.14000000;5000;EXCHANGE_LAST;;1;1;XEUR;5926086;362;
05.02.2025;09:00:16.502;DBK SI 20251219 PS AM P 10.00 0;SIMPLE_INSTRUMENT;BLOCK;EUR;4;0.15000000;5000;EXCHANGE_LAST;;1;1;XEUR;5926086;362;
05.02.2025;14:40:35.077;DHE.O.250205.COMBO.000003;STANDARD_OPTION_STRATEGY;BLOCK;EUR;11;2.88000000;2000;EXCHANGE_LAST;;2;1;XEUR;72302986994400281;57135;
05.02.2025;14:40:35.077;DHE SI 20260619 PS AM C 32.00 0;SIMPLE_INSTRUMENT;BLOCK;EUR;11;5.72000000;2000;PRC_DECOMP_EXCHANGE;;;;XEUR;9580483;57135;EXCHANGE
05.02.2025;14:40:35.077;DHE SI 20260619 PS AM P 28.00 0;SIMPLE_INSTRUMENT;BLOCK;EUR;11;8.60000000;2000;PRC_DECOMP_EXCHANGE;;;;XEUR;9580478;57135;EXCHANGE
05.02.2025;13:29:04.163;DPW SI 20260619 PS AM P 24.00 0;SIMPLE_INSTRUMENT;BLOCK;EUR;9;0.88000000;4000;EXCHANGE_LAST;;2;1;XEUR;9545204;445;
05.02.2025;13:58:54.996;DPW SI 20260619 PS AM P 24.00 0;SIMPLE_INSTRUMENT;BLOCK;EUR;10;0.88000000;2000;EXCHANGE_LAST;;2;1;XEUR;9545204;445;
05.02.2025;10:06:39.513;DTE SI 20251219 PS AM P 26.00 0;SIMPLE_INSTRUMENT;BLOCK;EUR;2;0.52000000;2500;EXCHANGE_LAST;;1;1;XEUR;12057162;424;
05.02.2025;10:06:30.043;DTE SI 20251219 PS AM P 26.00 0;SIMPLE_INSTRUMENT;BLOCK;EUR;3;0.53000000;2500;EXCHANGE_LAST;;1;1;XEUR;12057162;424;
05.02.2025;10:36:03.400;DTE SI 20251219 PS AM P 28.00 0;SIMPLE_INSTRUMENT;BLOCK;EUR;4;0.82000000;2000;EXCHANGE_LAST;;1;1;XEUR;6268407;424;
05.02.2025;16:35:58.593;DTE.O.250205.COMBO.000023;STANDARD_OPTION_STRATEGY;BLOCK;EUR;13;-1.01000000;3000;EXCHANGE_LAST;;1;1;XEUR;72059415104107544;424;
05.02.2025;16:35:58.593;DTE SI 20250919 PS AM C 32.00 0;SIMPLE_INSTRUMENT;BLOCK;EUR;13;2.02000000;3000;PRC_DECOMP_EXCHANGE;;;;XEUR;11878534;424;EXCHANGE
05.02.2025;16:35:58.593;DTE SI 20250919 PS AM P 30.00 0;SIMPLE_INSTRUMENT;BLOCK;EUR;13;1.01000000;3000;PRC_DECOMP_EXCHANGE;;;;XEUR;11878508;424;EXCHANGE
05.02.2025;14:51:28.049;DTEF SI 20250321 CS;SIMPLE_INSTRUMENT;BLOCK;EUR;50;32.71800000;3000;EXCHANGE_LAST;;1;1;XEUR;10698021;430;
05.02.2025;15:48:37.248;E2NL SI 20261218 CS;SIMPLE_INSTRUMENT;BLOCK;EUR;60;0.45700000;1125;EXCHANGE_LAST;;2;1;XEUR;4632356;471;
05.02.2025;15:48:52.569;E2NL SI 20261218 CS;SIMPLE_INSTRUMENT;BLOCK;EUR;61;0.45800000;1125;EXCHANGE_LAST;;2;1;XEUR;4632356;471;
05.02.2025;15:46:25.358;E2NL SI 20261218 CS;SIMPLE_INSTRUMENT;BLOCK;EUR;62;0.45700000;200;EXCHANGE_LAST;;1;1;XEUR;4632356;471;
05.02.2025;10:20:27.705;EAD SI 20250221 PS AM C 175.00 0;SIMPLE_INSTRUMENT;BLOCK;EUR;7;1.07000000;700;EXCHANGE_LAST;;1;1;XEUR;12244205;465;
05.02.2025;13:05:11.122;EAD SI 20261218 PS AM P 155.00 0;SIMPLE_INSTRUMENT;BLOCK;EUR;22;15.91000000;300;EXCHANGE_LAST;;1;1;XEUR;12602605;465;
05.02.2025;14:01:23.683;EAD SI 20250321 PS AM P 155.00 0;SIMPLE_INSTRUMENT;BLOCK;EUR;35;1.83000000;750;EXCHANGE_LAST;;1;1;XEUR;12440445;465;
05.02.2025;14:33:01.195;ENL5 SI 20251218 PS AM P 7.00 0;SIMPLE_INSTRUMENT;BLOCK;EUR;29;0.53500000;550;EXCHANGE_LAST;;1;1;XEUR;6960713;500;
05.02.2025;12:51:18.178;ENT5.O.250205.BER.000002;STANDARD_OPTION_STRATEGY;BLOCK;EUR;13;1.54000000;1000;EXCHANGE_LAST;;1;1;XEUR;72059728636684220;497;
05.02.2025;12:51:18.178;ENT5 SI 20260618 PS AM P 10.00 0;SIMPLE_INSTRUMENT;BLOCK;EUR;13;0.30000000;1000;PRC_DECOMP_MEMBER;;;;XEUR;9531344;497;MEMBER
05.02.2025;12:51:18.178;ENT5 SI 20260618 PS AM P 14.00 0;SIMPLE_INSTRUMENT;BLOCK;EUR;13;1.84000000;1000;PRC_DECOMP_MEMBER;;;;XEUR;9531317;497;MEMBER
05.02.2025;15:23:15.769;ENT5 SI 20250320 PS AM C 14.00 0;SIMPLE_INSTRUMENT;BLOCK;EUR;31;0.28500000;1000;EXCHANGE_LAST;;1;1;XEUR;10822837;497;
05.02.2025;13:04:18.468;EOA SI 20261218 PS AM P 10.00 0;SIMPLE_INSTRUMENT;BLOCK;EUR;5;0.78000000;3000;EXCHANGE_LAST;;1;1;XEUR;7177810;49065;
05.02.2025;11:17:31.587;F3IA SI 20251219 CS;SIMPLE_INSTRUMENT;BLOCK;EUR;18;0.54000000;1000;EXCHANGE_LAST;;1;2;XEUR;6633988;390387;
05.02.2025;11:52:56.960;F3TE SI 20261218 CS;SIMPLE_INSTRUMENT;BLOCK;EUR;25;0.73000000;750;EXCHANGE_LAST;;1;1;XEUR;6633899;390379;
05.02.2025;17:03:50.815;FATX SI 20250321 CS;SIMPLE_INSTRUMENT;EFP_IDX;EUR;20;3799.00000000;4;EXCHANGE_LAST;;1;1;XEUR;11385582;28699;
05.02.2025;17:04:03.431;FATX SI 20250321 CS;SIMPLE_INSTRUMENT;EFP_IDX;EUR;21;3799.50000000;22;EXCHANGE_LAST;;1;1;XEUR;11385582;28699;
05.02.2025;08:39:41.368;FBTP SI 20250306 PS;SIMPLE_INSTRUMENT;BLOCK;EUR;1;120.51000000;1156;EXCHANGE_LAST;;1;1;XEUR;11286675;636;
05.02.2025;09:25:25.507;FBTP SI 20250306 PS;SIMPLE_INSTRUMENT;EFP_FIN;EUR;3;120.69000000;696;EXCHANGE_LAST;;1;1;XEUR;11286675;636;
05.02.2025;09:34:21.848;FBTP SI 20250306 PS;SIMPLE_INSTRUMENT;EFP_FIN;EUR;4;120.56000000;1695;EXCHANGE_LAST;;1;1;XEUR;11286675;636;
05.02.2025;09:54:57.076;FBTP SI 20250306 PS;SIMPLE_INSTRUMENT;EFP_FIN;EUR;5;120.63000000;1343;EXCHANGE_LAST;;1;1;XEUR;11286675;636;
05.02.2025;10:23:32.465;FBTP SI 20250306 PS;SIMPLE_INSTRUMENT;EFP_FIN;EUR;6;120.65000000;448;EXCHANGE_LAST;;1;1;XEUR;11286675;636;
05.02.2025;11:00:08.530;FBTP SI 20250306 PS;SIMPLE_INSTRUMENT;EFP_FIN;EUR;7;120.66000000;248;EXCHANGE_LAST;;1;1;XEUR;11286675;636;
05.02.2025;11:00:35.146;FBTP SI 20250306 PS;SIMPLE_INSTRUMENT;EFP_FIN;EUR;8;120.66000000;248;EXCHANGE_LAST;;1;1;XEUR;11286675;636;
05.02.2025;11:20:16.470;FBTP SI 20250306 PS;SIMPLE_INSTRUMENT;EFP_FIN;EUR;9;120.66000000;369;EXCHANGE_LAST;;1;1;XEUR;11286675;636;
05.02.2025;11:23:42.473;FBTP SI 20250306 PS;SIMPLE_INSTRUMENT;BLOCK;EUR;10;120.65000000;750;EXCHANGE_LAST;;1;1;XEUR;11286675;636;
05.02.2025;11:24:04.000;FBTP SI 20250306 PS;SIMPLE_INSTRUMENT;BLOCK;EUR;11;120.66000000;750;EXCHANGE_LAST;;1;1;XEUR;11286675;636;
05.02.2025;11:46:29.041;FBTP SI 20250306 PS;SIMPLE_INSTRUMENT;EFP_FIN;EUR;12;120.72000000;179;EXCHANGE_LAST;;1;1;XEUR;11286675;636;
05.02.2025;11:57:47.308;FBTP SI 20250306 PS;SIMPLE_INSTRUMENT;BLOCK;EUR;13;120.71000000;928;EXCHANGE_LAST;;1;1;XEUR;11286675;636;
05.02.2025;12:15:51.302;FBTP SI 20250306 PS;SIMPLE_INSTRUMENT;EFP_FIN;EUR;14;120.70000000;117;EXCHANGE_LAST;;1;1;XEUR;11286675;636;
05.02.2025;12:37:41.713;FBTP SI 20250306 PS;SIMPLE_INSTRUMENT;EFP_FIN;EUR;15;120.70000000;696;EXCHANGE_LAST;;1;1;XEUR;11286675;636;
05.02.2025;12:38:20.355;FBTP SI 20250306 PS;SIMPLE_INSTRUMENT;EFP_FIN;EUR;18;120.87000000;50;EXCHANGE_LAST;;1;1;XEUR;11286675;636;
05.02.2025;12:54:11.229;FBTP SI 20250306 PS;SIMPLE_INSTRUMENT;EFP_FIN;EUR;19;120.71000000;359;EXCHANGE_LAST;;1;1;XEUR;11286675;636;
05.02.2025;12:54:25.327;FBTP SI 20250306 PS;SIMPLE_INSTRUMENT;EFP_FIN;EUR;20;120.71000000;89;EXCHANGE_LAST;;1;1;XEUR;11286675;636;
05.02.2025;12:51:01.228;FBTP SI 20250306 PS;SIMPLE_INSTRUMENT;EFP_FIN;EUR;21;120.84000000;248;EXCHANGE_LAST;;1;1;XEUR;11286675;636;
05.02.2025;12:51:07.272;FBTP SI 20250306 PS;SIMPLE_INSTRUMENT;EFP_FIN;EUR;22;120.71000000;448;EXCHANGE_LAST;;1;1;XEUR;11286675;636;
05.02.2025;12:51:07.272;FBTP SI 20250306 PS;SIMPLE_INSTRUMENT;EFP_FIN;EUR;23;120.71000000;1343;EXCHANGE_LAST;;1;1;XEUR;11286675;636;
05.02.2025;13:05:14.383;FBTP SI 20250306 PS;SIMPLE_INSTRUMENT;EFP_FIN;EUR;24;120.71000000;671;EXCHANGE_LAST;;1;1;XEUR;11286675;636;
05.02.2025;13:02:55.159;FBTP SI 20250306 PS;SIMPLE_INSTRUMENT;BLOCK;EUR;25;120.87000000;575;EXCHANGE_LAST;;1;1;XEUR;11286675;636;
05.02.2025;13:07:23.742;FBTP SI 20250306 PS;SIMPLE_INSTRUMENT;EFP_FIN;EUR;27;120.71000000;106;EXCHANGE_LAST;;1;1;XEUR;11286675;636;
05.02.2025;13:11:37.118;FBTP SI 20250306 PS;SIMPLE_INSTRUMENT;EFP_FIN;EUR;28;120.84000000;403;EXCHANGE_LAST;;1;1;XEUR;11286675;636;
05.02.2025;13:26:02.686;FBTP SI 20250306 PS;SIMPLE_INSTRUMENT;EFP_FIN;EUR;29;120.89000000;156;EXCHANGE_LAST;;1;1;XEUR;11286675;636;
05.02.2025;13:29:45.608;FBTP SI 20250306 PS;SIMPLE_INSTRUMENT;EFP_FIN;EUR;30;120.72000000;179;EXCHANGE_LAST;;1;1;XEUR;11286675;636;
05.02.2025;13:34:42.348;FBTP SI 20250306 PS;SIMPLE_INSTRUMENT;EFP_FIN;EUR;31;120.88000000;186;EXCHANGE_LAST;;1;1;XEUR;11286675;636;
05.02.2025;13:44:38.039;FBTP SI 20250306 PS;SIMPLE_INSTRUMENT;EFP_FIN;EUR;32;120.83000000;174;EXCHANGE_LAST;;1;1;XEUR;11286675;636;
05.02.2025;13:48:17.565;FBTP SI 20250306 PS;SIMPLE_INSTRUMENT;BLOCK;EUR;33;120.82000000;300;EXCHANGE_LAST;;1;1;XEUR;11286675;636;
05.02.2025;13:55:50.584;FBTP SI 20250306 PS;SIMPLE_INSTRUMENT;EFP_FIN;EUR;34;120.83000000;1151;EXCHANGE_LAST;;1;1;XEUR;11286675;636;
05.02.2025;14:19:08.099;FBTP SI 20250306 PS;SIMPLE_INSTRUMENT;EFP_FIN;EUR;35;120.69000000;313;EXCHANGE_LAST;;1;1;XEUR;11286675;636;
05.02.2025;14:28:59.986;FBTP SI 20250306 PS;SIMPLE_INSTRUMENT;EFP_FIN;EUR;36;120.68000000;77;EXCHANGE_LAST;;1;1;XEUR;11286675;636;
05.02.2025;15:49:27.283;FBTP SI 20250306 PS;SIMPLE_INSTRUMENT;EFP_FIN;EUR;37;120.84000000;384;EXCHANGE_LAST;;1;1;XEUR;11286675;636;
05.02.2025;16:17:36.058;FBTP SI 20250306 PS;SIMPLE_INSTRUMENT;EFP_FIN;EUR;38;120.78000000;175;EXCHANGE_LAST;;1;1;XEUR;11286675;636;
05.02.2025;16:22:45.194;FBTP SI 20250306 PS;SIMPLE_INSTRUMENT;EFP_FIN;EUR;39;120.75000000;224;EXCHANGE_LAST;;1;1;XEUR;11286675;636;
05.02.2025;16:30:47.529;FBTP SI 20250306 PS;SIMPLE_INSTRUMENT;EFP_FIN;EUR;40;120.78000000;92;EXCHANGE_LAST;;1;1;XEUR;11286675;636;
05.02.2025;16:32:25.449;FBTP SI 20250306 PS;SIMPLE_INSTRUMENT;EFP_FIN;EUR;41;120.78000000;299;EXCHANGE_LAST;;1;1;XEUR;11286675;636;
05.02.2025;16:57:41.845;FBTP SI 20250306 PS;SIMPLE_INSTRUMENT;EFP_FIN;EUR;42;120.75000000;343;EXCHANGE_LAST;;1;1;XEUR;11286675;636;
05.02.2025;13:44:28.770;FBTP SI 20250306 PS;SIMPLE_INSTRUMENT;VOLA;EUR;268435554;120.85000000;146;EXCHANGE_LAST;;1;1;XEUR;11286675;636;
05.02.2025;08:56:17.214;FBTS SI 20250306 PS;SIMPLE_INSTRUMENT;EFP_FIN;EUR;2;107.60000000;908;EXCHANGE_LAST;;1;1;XEUR;11286677;639;
05.02.2025;09:00:47.068;FBTS SI 20250306 PS;SIMPLE_INSTRUMENT;EFP_FIN;EUR;3;107.58000000;227;EXCHANGE_LAST;;1;1;XEUR;11286677;639;
05.02.2025;09:00:19.534;FBTS SI 20250306 PS;SIMPLE_INSTRUMENT;EFP_FIN;EUR;4;107.58000000;408;EXCHANGE_LAST;;1;1;XEUR;11286677;639;
05.02.2025;09:53:54.002;FBTS SI 20250306 PS;SIMPLE_INSTRUMENT;EFP_FIN;EUR;7;107.60000000;861;EXCHANGE_LAST;;1;1;XEUR;11286677;639;
05.02.2025;09:58:02.116;FBTS SI 20250306 PS;SIMPLE_INSTRUMENT;EFP_FIN;EUR;8;107.59000000;182;EXCHANGE_LAST;;1;1;XEUR;11286677;639;
05.02.2025;10:10:35.034;FBTS SI 20250306 PS;SIMPLE_INSTRUMENT;EFP_FIN;EUR;9;107.59000000;227;EXCHANGE_LAST;;1;1;XEUR;11286677;639;
05.02.2025;10:16:36.767;FBTS SI 20250306 PS;SIMPLE_INSTRUMENT;EFP_FIN;EUR;10;107.61000000;160;EXCHANGE_LAST;;1;1;XEUR;11286677;639;
05.02.2025;10:17:13.028;FBTS SI 20250306 PS;SIMPLE_INSTRUMENT;EFP_FIN;EUR;11;107.61000000;136;EXCHANGE_LAST;;1;1;XEUR;11286677;639;
05.02.2025;10:18:00.670;FBTS SI 20250306 PS;SIMPLE_INSTRUMENT;EFP_FIN;EUR;12;107.59000000;521;EXCHANGE_LAST;;1;1;XEUR;11286677;639;
05.02.2025;10:36:17.061;FBTS SI 20250306 PS;SIMPLE_INSTRUMENT;EFP_FIN;EUR;13;107.61000000;318;EXCHANGE_LAST;;1;1;XEUR;11286677;639;
05.02.2025;11:26:35.538;FBTS SI 20250306 PS;SIMPLE_INSTRUMENT;EFP_FIN;EUR;17;107.59000000;858;EXCHANGE_LAST;;1;1;XEUR;11286677;639;
05.02.2025;12:33:03.114;FBTS SI 20250306 PS;SIMPLE_INSTRUMENT;EFP_FIN;EUR;20;107.60000000;418;EXCHANGE_LAST;;1;1;XEUR;11286677;639;
05.02.2025;13:39:16.533;FBTS SI 20250306 PS;SIMPLE_INSTRUMENT;EFP_FIN;EUR;22;107.61000000;816;EXCHANGE_LAST;;1;1;XEUR;11286677;639;
05.02.2025;13:59:19.897;FBTS SI 20250306 PS;SIMPLE_INSTRUMENT;EFP_FIN;EUR;25;107.60000000;876;EXCHANGE_LAST;;1;1;XEUR;11286677;639;
05.02.2025;14:58:15.371;FBTS SI 20250306 PS;SIMPLE_INSTRUMENT;EFP_FIN;EUR;27;107.50000000;908;EXCHANGE_LAST;;1;1;XEUR;11286677;639;
05.02.2025;15:05:48.499;FBTS SI 20250306 PS;SIMPLE_INSTRUMENT;EFP_FIN;EUR;28;107.56000000;247;EXCHANGE_LAST;;1;1;XEUR;11286677;639;
05.02.2025;15:07:11.644;FBTS SI 20250306 PS;SIMPLE_INSTRUMENT;BLOCK;EUR;29;107.58000000;227;EXCHANGE_LAST;;1;1;XEUR;11286677;639;
05.02.2025;16:20:04.066;FBTS SI 20250306 PS;SIMPLE_INSTRUMENT;EFP_FIN;EUR;32;107.57000000;670;EXCHANGE_LAST;;1;1;XEUR;11286677;639;
05.02.2025;16:34:05.191;FBTS SI 20250306 PS;SIMPLE_INSTRUMENT;BLOCK;EUR;34;107.57000000;454;EXCHANGE_LAST;;1;1;XEUR;11286677;639;
05.02.2025;16:34:13.446;FBTS SI 20250306 PS;SIMPLE_INSTRUMENT;EFP_FIN;EUR;35;107.57000000;907;EXCHANGE_LAST;;1;1;XEUR;11286677;639;
05.02.2025;16:35:58.139;FBTS SI 20250306 PS;SIMPLE_INSTRUMENT;BLOCK;EUR;36;107.55000000;1139;EXCHANGE_LAST;;1;1;XEUR;11286677;639;
05.02.2025;16:38:02.254;FBTS SI 20250306 PS;SIMPLE_INSTRUMENT;EFP_FIN;EUR;37;107.56000000;454;EXCHANGE_LAST;;1;1;XEUR;11286677;639;
05.02.2025;16:41:28.487;FBTS SI 20250306 PS;SIMPLE_INSTRUMENT;EFP_FIN;EUR;38;107.56000000;227;EXCHANGE_LAST;;1;1;XEUR;11286677;639;
05.02.2025;16:55:27.145;FBTS SI 20250306 PS;SIMPLE_INSTRUMENT;EFP_FIN;EUR;39;107.56000000;908;EXCHANGE_LAST;;1;1;XEUR;11286677;639;
05.02.2025;17:01:31.326;FBTS SI 20250306 PS;SIMPLE_INSTRUMENT;EFP_FIN;EUR;40;107.56000000;908;EXCHANGE_LAST;;1;1;XEUR;11286677;639;
05.02.2025;17:03:40.239;FBTS SI 20250306 PS;SIMPLE_INSTRUMENT;EFP_FIN;EUR;41;107.56000000;907;EXCHANGE_LAST;;1;1;XEUR;11286677;639;
05.02.2025;17:06:30.073;FBTS SI 20250306 PS;SIMPLE_INSTRUMENT;EFP_FIN;EUR;42;107.56000000;529;EXCHANGE_LAST;;1;1;XEUR;11286677;639;
05.02.2025;09:21:41.777;FCEU SI 20250317 PS;SIMPLE_INSTRUMENT;BLOCK;USD;1;1.04340000;61;EXCHANGE_LAST;;1;1;XEUR;9136240;369376;
05.02.2025;12:16:46.144;FCEU SI 20251215 PS;SIMPLE_INSTRUMENT;BLOCK;USD;2;1.05754000;760;EXCHANGE_LAST;;1;1;XEUR;8839526;369376;
05.02.2025;08:05:46.629;FCIN SI 20250328 CS;SIMPLE_INSTRUMENT;BLOCK;USD;1;144.00000000;15;EXCHANGE_LAST;;1;1;XEUR;10945396;580;
05.02.2025;08:06:34.376;FCXB SI 20250328 CS;SIMPLE_INSTRUMENT;BLOCK;USD;2;125.27000000;14;EXCHANGE_LAST;;1;1;XEUR;10948696;23778;
05.02.2025;14:24:48.744;FD3D SI 20281215 CS;SIMPLE_INSTRUMENT;BLOCK;EUR;42;99.00000000;300;EXCHANGE_LAST;;1;1;XEUR;10404969;588;
05.02.2025;10:47:46.485;FDAX SI 20250321 CS;SIMPLE_INSTRUMENT;VOLA;EUR;671088645;21540.00000000;2;EXCHANGE_LAST;;1;1;XEUR;7561255;589;
05.02.2025;08:58:27.839;FEBD SI 20251219 CS;SIMPLE_INSTRUMENT;BLOCK;EUR;1;10.82000000;250;EXCHANGE_LAST;;1;1;XEUR;5914075;597;
05.02.2025;09:08:24.276;FEBD SI 20251219 CS;SIMPLE_INSTRUMENT;BLOCK;EUR;3;10.82000000;2000;EXCHANGE_LAST;;1;1;XEUR;5914075;597;
05.02.2025;09:19:38.334;FEBD SI 20251219 CS;SIMPLE_INSTRUMENT;BLOCK;EUR;6;10.82000000;750;EXCHANGE_LAST;;1;1;XEUR;5914075;597;
05.02.2025;09:23:05.982;FEBD SI 20251219 CS;SIMPLE_INSTRUMENT;BLOCK;EUR;7;10.81000000;1000;EXCHANGE_LAST;;1;1;XEUR;5914075;597;
05.02.2025;09:59:03.678;FEBD SI 20261218 CS;SIMPLE_INSTRUMENT;BLOCK;EUR;9;10.16000000;250;EXCHANGE_LAST;;1;1;XEUR;7158212;597;
05.02.2025;11:11:14.110;FEBD.S.DEC25.DEC26.SPD;FUTURES_SPREAD;BLOCK;EUR;19;0.63000000;250;EXCHANGE_LAST;;1;1;XEUR;72060158133406997;597;
05.02.2025;11:11:14.110;FEBD SI 20261218 CS;SIMPLE_INSTRUMENT;BLOCK;EUR;19;10.19000000;250;PRC_DECOMP_MEMBER;;;;XEUR;7158212;597;MEMBER
05.02.2025;11:11:14.110;FEBD SI 20251219 CS;SIMPLE_INSTRUMENT;BLOCK;EUR;19;10.82000000;250;PRC_DECOMP_MEMBER;;;;XEUR;5914075;597;MEMBER
05.02.2025;15:12:50.494;FEBD SI 20251219 CS;SIMPLE_INSTRUMENT;BLOCK;EUR;55;10.85000000;500;EXCHANGE_LAST;;1;1;XEUR;5914075;597;
05.02.2025;15:45:41.505;FEBD SI 20261218 CS;SIMPLE_INSTRUMENT;BLOCK;EUR;72;10.19000000;900;EXCHANGE_LAST;;1;1;XEUR;7158212;597;
05.02.2025;16:00:59.662;FECX SI 20250321 CS;SIMPLE_INSTRUMENT;BLOCK;EUR;75;166.98000000;120;EXCHANGE_LAST;;1;1;XEUR;11427948;410158;
05.02.2025;16:20:14.012;FECX SI 20250321 CS;SIMPLE_INSTRUMENT;BLOCK;EUR;77;166.89000000;573;EXCHANGE_LAST;;1;1;XEUR;11427948;410158;
05.02.2025;16:19:16.898;FES1 SI 20250321 PS;SIMPLE_INSTRUMENT;BLOCK;EUR;76;10.10000000;300;EXCHANGE_LAST;;1;1;XEUR;11391470;58959;
05.02.2025;17:36:43.478;FESA SI 20250321 CS;SIMPLE_INSTRUMENT;EFP_IDX;EUR;24;552.00000000;225;EXCHANGE_LAST;;1;1;XEUR;11359074;606;
05.02.2025;17:37:44.909;FESA SI 20250321 CS;SIMPLE_INSTRUMENT;EFP_IDX;EUR;25;552.80000000;525;EXCHANGE_LAST;;1;1;XEUR;11359074;606;
05.02.2025;12:07:08.855;FESB SI 20250321 CS;SIMPLE_INSTRUMENT;BLOCK;EUR;35;162.40000000;2610;EXCHANGE_LAST;;1;1;XEUR;11359072;605;
05.02.2025;13:38:36.984;FESB SI 20250321 CS;SIMPLE_INSTRUMENT;BLOCK;EUR;41;162.50000000;3000;EXCHANGE_LAST;;1;1;XEUR;11359072;605;
05.02.2025;13:38:44.583;FESB SI 20250321 CS;SIMPLE_INSTRUMENT;BLOCK;EUR;42;162.55000000;3000;EXCHANGE_LAST;;1;1;XEUR;11359072;605;
05.02.2025;14:20:29.871;FESB SI 20250321 CS;SIMPLE_INSTRUMENT;BLOCK;EUR;45;162.50000000;2580;EXCHANGE_LAST;;1;1;XEUR;11359072;605;
05.02.2025;10:19:30.149;FESB SI 20250321 CS;SIMPLE_INSTRUMENT;VOLA;EUR;603979796;163.50000000;120;EXCHANGE_LAST;;1;1;XEUR;11359072;605;
05.02.2025;11:02:40.259;FESB SI 20250321 CS;SIMPLE_INSTRUMENT;VOLA;EUR;603979808;162.70000000;300;EXCHANGE_LAST;;1;1;XEUR;11359072;605;
05.02.2025;11:36:40.089;FESB SI 20250321 CS;SIMPLE_INSTRUMENT;VOLA;EUR;603979812;162.00000000;500;EXCHANGE_LAST;;1;1;XEUR;11359072;605;
05.02.2025;10:19:21.336;FESS SI 20250321 CS;SIMPLE_INSTRUMENT;VOLA;EUR;603979798;187.40000000;110;EXCHANGE_LAST;;1;1;XEUR;11359603;679;
05.02.2025;09:09:55.210;FESX SI 20250321 CS;SIMPLE_INSTRUMENT;BLOCK;EUR;1;5260.00000000;2500;EXCHANGE_LAST;;1;1;XEUR;7793482;675;
05.02.2025;16:09:10.396;FESX SI 20250321 CS;SIMPLE_INSTRUMENT;BLOCK;EUR;2;5270.00000000;2225;EXCHANGE_LAST;;1;1;XEUR;7793482;675;
05.02.2025;16:50:41.809;FESX SI 20250321 CS;SIMPLE_INSTRUMENT;EFP_IDX;EUR;3;5280.00000000;853;EXCHANGE_LAST;;1;1;XEUR;7793482;675;
05.02.2025;16:51:02.305;FESX SI 20250321 CS;SIMPLE_INSTRUMENT;EFP_IDX;EUR;4;5283.00000000;819;EXCHANGE_LAST;;1;1;XEUR;7793482;675;
05.02.2025;17:01:31.426;FESX SI 20250321 CS;SIMPLE_INSTRUMENT;EFP_IDX;EUR;5;5281.00000000;158;EXCHANGE_LAST;;1;1;XEUR;7793482;675;
05.02.2025;17:01:42.563;FESX SI 20250321 CS;SIMPLE_INSTRUMENT;EFP_IDX;EUR;6;5281.00000000;236;EXCHANGE_LAST;;1;1;XEUR;7793482;675;
05.02.2025;17:01:51.088;FESX SI 20250321 CS;SIMPLE_INSTRUMENT;EFP_IDX;EUR;7;5282.00000000;139;EXCHANGE_LAST;;1;1;XEUR;7793482;675;
05.02.2025;17:02:00.529;FESX SI 20250321 CS;SIMPLE_INSTRUMENT;EFP_IDX;EUR;8;5282.00000000;92;EXCHANGE_LAST;;1;1;XEUR;7793482;675;
05.02.2025;16:57:28.523;FESX SI 20250321 CS;SIMPLE_INSTRUMENT;EFP_IDX;EUR;9;5283.00000000;1000;EXCHANGE_LAST;;1;1;XEUR;7793482;675;
05.02.2025;17:12:22.222;FESX SI 20250321 CS;SIMPLE_INSTRUMENT;EFP_IDX;EUR;10;5285.00000000;1000;EXCHANGE_LAST;;1;1;XEUR;7793482;675;
05.02.2025;09:10:08.338;FESX SI 20250321 CS;SIMPLE_INSTRUMENT;VOLA;EUR;637534218;5263.00000000;20;EXCHANGE_LAST;;1;1;XEUR;7793482;675;
05.02.2025;09:33:09.401;FESX SI 20250321 CS;SIMPLE_INSTRUMENT;VOLA;EUR;637534222;5257.00000000;1;EXCHANGE_LAST;;1;1;XEUR;7793482;675;
05.02.2025;10:14:09.526;FESX SI 20250321 CS;SIMPLE_INSTRUMENT;VOLA;EUR;637534233;5260.00000000;20;EXCHANGE_LAST;;1;1;XEUR;7793482;675;
05.02.2025;10:13:20.956;FESX SI 20250321 CS;SIMPLE_INSTRUMENT;VOLA;EUR;637534237;5256.00000000;91;EXCHANGE_LAST;;1;1;XEUR;7793482;675;
05.02.2025;10:28:38.129;FESX SI 20250321 CS;SIMPLE_INSTRUMENT;VOLA;EUR;637534243;5260.00000000;237;EXCHANGE_LAST;;1;1;XEUR;7793482;675;
05.02.2025;10:29:21.077;FESX SI 20250321 CS;SIMPLE_INSTRUMENT;VOLA;EUR;637534244;5260.00000000;185;EXCHANGE_LAST;;1;1;XEUR;7793482;675;
05.02.2025;11:30:01.480;FESX SI 20250321 CS;SIMPLE_INSTRUMENT;VOLA;EUR;637534252;5270.00000000;90;EXCHANGE_LAST;;1;1;XEUR;7793482;675;
05.02.2025;13:04:38.401;FESX SI 20250321 CS;SIMPLE_INSTRUMENT;VOLA;EUR;637534263;5265.00000000;60;EXCHANGE_LAST;;1;1;XEUR;7793482;675;
05.02.2025;14:10:12.895;FESX SI 20250321 CS;SIMPLE_INSTRUMENT;VOLA;EUR;637534275;5275.00000000;10;EXCHANGE_LAST;;1;1;XEUR;7793482;675;
05.02.2025;14:18:01.754;FESX SI 20250321 CS;SIMPLE_INSTRUMENT;VOLA;EUR;637534279;5272.00000000;84;EXCHANGE_LAST;;1;1;XEUR;7793482;675;
05.02.2025;10:16:21.037;FEXD SI 20271217 CS;SIMPLE_INSTRUMENT;BLOCK;EUR;11;152.30000000;160;EXCHANGE_LAST;;1;1;XEUR;2848338;693;
05.02.2025;10:19:36.047;FEXD SI 20261218 CS;SIMPLE_INSTRUMENT;BLOCK;EUR;12;158.00000000;245;EXCHANGE_LAST;;1;1;XEUR;2163053;693;
05.02.2025;10:38:19.134;FEXD.S.DEC25.DEC26.SPD;FUTURES_SPREAD;BLOCK;EUR;13;6.00000000;246;EXCHANGE_LAST;;1;1;XEUR;72060570450264144;693;
05.02.2025;10:38:19.134;FEXD SI 20261218 CS;SIMPLE_INSTRUMENT;BLOCK;EUR;13;158.20000000;246;PRC_DECOMP_EXCHANGE;;;;XEUR;2163053;693;EXCHANGE
05.02.2025;10:38:19.134;FEXD SI 20251219 CS;SIMPLE_INSTRUMENT;BLOCK;EUR;13;164.20000000;246;PRC_DECOMP_EXCHANGE;;;;XEUR;1548120;693;EXCHANGE
05.02.2025;13:35:19.262;FEXD SI 20271217 CS;SIMPLE_INSTRUMENT;BLOCK;EUR;35;152.30000000;500;EXCHANGE_LAST;;1;1;XEUR;2848338;693;
05.02.2025;13:35:26.860;FEXD SI 20271217 CS;SIMPLE_INSTRUMENT;BLOCK;EUR;36;152.40000000;500;EXCHANGE_LAST;;1;1;XEUR;2848338;693;
05.02.2025;13:35:33.690;FEXD SI 20281215 CS;SIMPLE_INSTRUMENT;BLOCK;EUR;37;147.70000000;1000;EXCHANGE_LAST;;1;1;XEUR;3680985;693;
05.02.2025;14:51:01.783;FEXD SI 20271217 CS;SIMPLE_INSTRUMENT;BLOCK;EUR;44;152.30000000;125;EXCHANGE_LAST;;1;1;XEUR;2848338;693;
05.02.2025;14:50:55.112;FEXD SI 20271217 CS;SIMPLE_INSTRUMENT;BLOCK;EUR;45;152.40000000;125;EXCHANGE_LAST;;1;1;XEUR;2848338;693;
05.02.2025;14:51:18.052;FEXD SI 20281215 CS;SIMPLE_INSTRUMENT;BLOCK;EUR;47;147.70000000;250;EXCHANGE_LAST;;1;1;XEUR;3680985;693;
05.02.2025;14:48:56.416;FEXD SI 20261218 CS;SIMPLE_INSTRUMENT;BLOCK;EUR;48;158.30000000;200;EXCHANGE_LAST;;1;1;XEUR;2163053;693;
05.02.2025;15:03:15.826;FEXD SI 20271217 CS;SIMPLE_INSTRUMENT;BLOCK;EUR;51;152.30000000;500;EXCHANGE_LAST;;1;1;XEUR;2848338;693;
05.02.2025;15:15:17.142;FEXD SI 20281215 CS;SIMPLE_INSTRUMENT;BLOCK;EUR;53;147.70000000;1000;EXCHANGE_LAST;;1;1;XEUR;3680985;693;
05.02.2025;15:11:40.912;FEXD SI 20261218 CS;SIMPLE_INSTRUMENT;BLOCK;EUR;54;158.30000000;250;EXCHANGE_LAST;;1;1;XEUR;2163053;693;
05.02.2025;15:25:56.872;FEXD SI 20271217 CS;SIMPLE_INSTRUMENT;BLOCK;EUR;56;152.40000000;500;EXCHANGE_LAST;;1;1;XEUR;2848338;693;
05.02.2025;15:41:04.670;FEXD SI 20251219 CS;SIMPLE_INSTRUMENT;BLOCK;EUR;65;164.20000000;450;EXCHANGE_LAST;;1;1;XEUR;1548120;693;
05.02.2025;15:41:14.811;FEXD SI 20261218 CS;SIMPLE_INSTRUMENT;BLOCK;EUR;66;158.00000000;450;EXCHANGE_LAST;;1;1;XEUR;2163053;693;
05.02.2025;15:41:28.404;FEXD SI 20271217 CS;SIMPLE_INSTRUMENT;BLOCK;EUR;67;152.10000000;450;EXCHANGE_LAST;;1;1;XEUR;2848338;693;
05.02.2025;15:41:48.080;FEXD SI 20281215 CS;SIMPLE_INSTRUMENT;BLOCK;EUR;68;147.70000000;450;EXCHANGE_LAST;;1;1;XEUR;3680985;693;
05.02.2025;15:41:59.324;FEXD SI 20291221 CS;SIMPLE_INSTRUMENT;BLOCK;EUR;70;144.00000000;450;EXCHANGE_LAST;;1;1;XEUR;4631968;693;
05.02.2025;16:47:10.196;FEXD SI 20261218 CS;SIMPLE_INSTRUMENT;BLOCK;EUR;88;158.40000000;300;EXCHANGE_LAST;;1;1;XEUR;2163053;693;
05.02.2025;08:25:32.893;FGBL SI 20250306 PS;SIMPLE_INSTRUMENT;EFS;EUR;1;133.33000000;414;EXCHANGE_LAST;;1;1;XEUR;11286679;688;
05.02.2025;08:26:20.237;FGBL SI 20250306 PS;SIMPLE_INSTRUMENT;EFS;EUR;2;133.35000000;413;EXCHANGE_LAST;;1;1;XEUR;11286679;688;
05.02.2025;08:29:55.382;FGBL SI 20250306 PS;SIMPLE_INSTRUMENT;EFP_FIN;EUR;3;133.36000000;1114;EXCHANGE_LAST;;1;1;XEUR;11286679;688;
05.02.2025;08:30:11.202;FGBL SI 20250306 PS;SIMPLE_INSTRUMENT;EFS;EUR;4;133.41000000;413;EXCHANGE_LAST;;1;1;XEUR;11286679;688;
05.02.2025;08:32:19.362;FGBL SI 20250306 PS;SIMPLE_INSTRUMENT;EFS;EUR;5;133.42000000;100;EXCHANGE_LAST;;1;1;XEUR;11286679;688;
05.02.2025;08:34:00.910;FGBL SI 20250306 PS;SIMPLE_INSTRUMENT;EFS;EUR;6;133.43000000;207;EXCHANGE_LAST;;1;1;XEUR;11286679;688;
05.02.2025;08:41:55.373;FGBL SI 20250306 PS;SIMPLE_INSTRUMENT;EFP_FIN;EUR;7;133.32000000;929;EXCHANGE_LAST;;1;1;XEUR;11286679;688;
05.02.2025;08:48:01.259;FGBL SI 20250306 PS;SIMPLE_INSTRUMENT;EFS;EUR;8;133.47000000;414;EXCHANGE_LAST;;1;1;XEUR;11286679;688;
05.02.2025;08:48:11.268;FGBL SI 20250306 PS;SIMPLE_INSTRUMENT;EFS;EUR;9;133.47000000;414;EXCHANGE_LAST;;1;1;XEUR;11286679;688;
05.02.2025;08:48:16.272;FGBL SI 20250306 PS;SIMPLE_INSTRUMENT;EFS;EUR;10;133.47000000;414;EXCHANGE_LAST;;1;1;XEUR;11286679;688;
05.02.2025;08:49:33.035;FGBL SI 20250306 PS;SIMPLE_INSTRUMENT;EFS;EUR;11;133.49000000;233;EXCHANGE_LAST;;1;1;XEUR;11286679;688;
05.02.2025;08:59:59.394;FGBL SI 20250306 PS;SIMPLE_INSTRUMENT;EFS;EUR;12;133.50000000;468;EXCHANGE_LAST;;1;1;XEUR;11286679;688;
05.02.2025;09:00:42.248;FGBL SI 20250306 PS;SIMPLE_INSTRUMENT;EFS;EUR;13;133.46000000;1380;EXCHANGE_LAST;;1;1;XEUR;11286679;688;
05.02.2025;09:02:05.337;FGBL SI 20250306 PS;SIMPLE_INSTRUMENT;EFS;EUR;14;133.48000000;413;EXCHANGE_LAST;;1;1;XEUR;11286679;688;
05.02.2025;09:05:21.541;FGBL SI 20250306 PS;SIMPLE_INSTRUMENT;EFP_FIN;EUR;15;133.40000000;927;EXCHANGE_LAST;;1;1;XEUR;11286679;688;
05.02.2025;09:15:52.033;FGBL SI 20250306 PS;SIMPLE_INSTRUMENT;EFS;EUR;16;133.60000000;207;EXCHANGE_LAST;;1;1;XEUR;11286679;688;
05.02.2025;09:18:25.320;FGBL SI 20250306 PS;SIMPLE_INSTRUMENT;EFS;EUR;17;133.60000000;207;EXCHANGE_LAST;;1;1;XEUR;11286679;688;
05.02.2025;09:19:25.318;FGBL SI 20250306 PS;SIMPLE_INSTRUMENT;EFS;EUR;18;133.58000000;413;EXCHANGE_LAST;;1;1;XEUR;11286679;688;
05.02.2025;09:20:16.225;FGBL SI 20250306 PS;SIMPLE_INSTRUMENT;EFS;EUR;19;133.58000000;207;EXCHANGE_LAST;;1;1;XEUR;11286679;688;
05.02.2025;09:23:50.572;FGBL SI 20250306 PS;SIMPLE_INSTRUMENT;EFS;EUR;20;133.58000000;207;EXCHANGE_LAST;;1;1;XEUR;11286679;688;
05.02.2025;09:33:36.917;FGBL SI 20250306 PS;SIMPLE_INSTRUMENT;EFP_FIN;EUR;21;133.50000000;694;EXCHANGE_LAST;;1;1;XEUR;11286679;688;
05.02.2025;09:28:30.075;FGBL SI 20250306 PS;SIMPLE_INSTRUMENT;EFS;EUR;22;133.51000000;467;EXCHANGE_LAST;;1;1;XEUR;11286679;688;
05.02.2025;09:28:43.632;FGBL SI 20250306 PS;SIMPLE_INSTRUMENT;EFS;EUR;23;133.50000000;413;EXCHANGE_LAST;;1;1;XEUR;11286679;688;
05.02.2025;09:29:40.080;FGBL SI 20250306 PS;SIMPLE_INSTRUMENT;EFS;EUR;24;133.47000000;467;EXCHANGE_LAST;;1;1;XEUR;11286679;688;
05.02.2025;09:32:10.257;FGBL SI 20250306 PS;SIMPLE_INSTRUMENT;EFS;EUR;25;133.52000000;414;EXCHANGE_LAST;;1;1;XEUR;11286679;688;
05.02.2025;09:34:01.327;FGBL SI 20250306 PS;SIMPLE_INSTRUMENT;EFS;EUR;26;133.51000000;414;EXCHANGE_LAST;;1;1;XEUR;11286679;688;
05.02.2025;09:39:21.523;FGBL SI 20250306 PS;SIMPLE_INSTRUMENT;EFS;EUR;27;133.55000000;415;EXCHANGE_LAST;;1;1;XEUR;11286679;688;
05.02.2025;09:39:41.540;FGBL SI 20250306 PS;SIMPLE_INSTRUMENT;EFS;EUR;28;133.55000000;250;EXCHANGE_LAST;;1;1;XEUR;11286679;688;
05.02.2025;10:15:39.929;FGBL SI 20250306 PS;SIMPLE_INSTRUMENT;EFS;EUR;29;133.62000000;335;EXCHANGE_LAST;;1;1;XEUR;11286679;688;
05.02.2025;10:29:23.798;FGBL SI 20250306 PS;SIMPLE_INSTRUMENT;EFP_FIN;EUR;30;133.60000000;332;EXCHANGE_LAST;;1;1;XEUR;11286679;688;
05.02.2025;10:35:27.831;FGBL SI 20250306 PS;SIMPLE_INSTRUMENT;EFP_FIN;EUR;31;133.60000000;623;EXCHANGE_LAST;;1;1;XEUR;11286679;688;
05.02.2025;10:41:57.052;FGBL SI 20250306 PS;SIMPLE_INSTRUMENT;EFP_FIN;EUR;32;133.61000000;223;EXCHANGE_LAST;;1;1;XEUR;11286679;688;
05.02.2025;10:45:09.738;FGBL SI 20250306 PS;SIMPLE_INSTRUMENT;EFP_FIN;EUR;33;133.58000000;1216;EXCHANGE_LAST;;1;1;XEUR;11286679;688;
05.02.2025;10:46:47.172;FGBL SI 20250306 PS;SIMPLE_INSTRUMENT;EFS;EUR;34;133.59000000;413;EXCHANGE_LAST;;1;1;XEUR;11286679;688;
05.02.2025;10:54:01.442;FGBL SI 20250306 PS;SIMPLE_INSTRUMENT;EFP_FIN;EUR;35;133.56000000;539;EXCHANGE_LAST;;1;1;XEUR;11286679;688;
05.02.2025;10:59:12.772;FGBL SI 20250306 PS;SIMPLE_INSTRUMENT;EFS;EUR;36;133.52000000;207;EXCHANGE_LAST;;1;1;XEUR;11286679;688;
05.02.2025;11:05:00.927;FGBL SI 20250306 PS;SIMPLE_INSTRUMENT;EFS;EUR;37;133.51000000;413;EXCHANGE_LAST;;1;1;XEUR;11286679;688;
05.02.2025;11:06:25.198;FGBL SI 20250306 PS;SIMPLE_INSTRUMENT;EFS;EUR;38;133.52000000;231;EXCHANGE_LAST;;1;1;XEUR;11286679;688;
05.02.2025;11:12:22.522;FGBL SI 20250306 PS;SIMPLE_INSTRUMENT;EFP_FIN;EUR;39;133.57000000;1857;EXCHANGE_LAST;;1;1;XEUR;11286679;688;
05.02.2025;11:14:35.401;FGBL SI 20250306 PS;SIMPLE_INSTRUMENT;EFS;EUR;40;133.56000000;413;EXCHANGE_LAST;;1;1;XEUR;11286679;688;
05.02.2025;11:16:27.319;FGBL SI 20250306 PS;SIMPLE_INSTRUMENT;EFS;EUR;41;133.52000000;83;EXCHANGE_LAST;;1;1;XEUR;11286679;688;
05.02.2025;11:21:43.605;FGBL SI 20250306 PS;SIMPLE_INSTRUMENT;EFS;EUR;42;133.56000000;413;EXCHANGE_LAST;;1;1;XEUR;11286679;688;
05.02.2025;11:23:53.530;FGBL SI 20250306 PS;SIMPLE_INSTRUMENT;EFP_FIN;EUR;43;133.50000000;224;EXCHANGE_LAST;;1;1;XEUR;11286679;688;
05.02.2025;11:27:39.952;FGBL SI 20250306 PS;SIMPLE_INSTRUMENT;EFP_FIN;EUR;44;133.40000000;465;EXCHANGE_LAST;;1;1;XEUR;11286679;688;
05.02.2025;11:28:48.634;FGBL SI 20250306 PS;SIMPLE_INSTRUMENT;EFP_FIN;EUR;45;133.55000000;601;EXCHANGE_LAST;;1;1;XEUR;11286679;688;
05.02.2025;11:29:07.388;FGBL SI 20250306 PS;SIMPLE_INSTRUMENT;EFP_FIN;EUR;46;133.55000000;602;EXCHANGE_LAST;;1;1;XEUR;11286679;688;
05.02.2025;11:35:06.134;FGBL SI 20250306 PS;SIMPLE_INSTRUMENT;EFS;EUR;47;133.57000000;413;EXCHANGE_LAST;;1;1;XEUR;11286679;688;
05.02.2025;11:38:45.080;FGBL SI 20250306 PS;SIMPLE_INSTRUMENT;EFP_FIN;EUR;48;133.57000000;222;EXCHANGE_LAST;;1;1;XEUR;11286679;688;
05.02.2025;11:41:22.422;FGBL SI 20250306 PS;SIMPLE_INSTRUMENT;EFS;EUR;49;133.56000000;207;EXCHANGE_LAST;;1;1;XEUR;11286679;688;
05.02.2025;11:42:12.457;FGBL SI 20250306 PS;SIMPLE_INSTRUMENT;EFS;EUR;50;133.56000000;207;EXCHANGE_LAST;;1;1;XEUR;11286679;688;
05.02.2025;11:43:27.503;FGBL SI 20250306 PS;SIMPLE_INSTRUMENT;EFS;EUR;51;133.57000000;414;EXCHANGE_LAST;;1;1;XEUR;11286679;688;
05.02.2025;11:48:18.753;FGBL SI 20250306 PS;SIMPLE_INSTRUMENT;EFS;EUR;52;133.56000000;207;EXCHANGE_LAST;;1;1;XEUR;11286679;688;
05.02.2025;11:48:23.758;FGBL SI 20250306 PS;SIMPLE_INSTRUMENT;EFS;EUR;53;133.56000000;207;EXCHANGE_LAST;;1;1;XEUR;11286679;688;
05.02.2025;11:52:13.976;FGBL SI 20250306 PS;SIMPLE_INSTRUMENT;EFS;EUR;54;133.54000000;414;EXCHANGE_LAST;;1;1;XEUR;11286679;688;
05.02.2025;11:55:55.411;FGBL SI 20250306 PS;SIMPLE_INSTRUMENT;EFS;EUR;55;133.57000000;250;EXCHANGE_LAST;;1;1;XEUR;11286679;688;
05.02.2025;11:56:35.230;FGBL SI 20250306 PS;SIMPLE_INSTRUMENT;EFP_FIN;EUR;56;133.55000000;463;EXCHANGE_LAST;;1;1;XEUR;11286679;688;
05.02.2025;12:00:07.781;FGBL SI 20250306 PS;SIMPLE_INSTRUMENT;EFS;EUR;57;133.54000000;233;EXCHANGE_LAST;;1;1;XEUR;11286679;688;
05.02.2025;12:01:51.010;FGBL SI 20250306 PS;SIMPLE_INSTRUMENT;EFP_FIN;EUR;58;133.54000000;463;EXCHANGE_LAST;;1;1;XEUR;11286679;688;
05.02.2025;12:03:06.984;FGBL SI 20250306 PS;SIMPLE_INSTRUMENT;EFS;EUR;59;133.55000000;289;EXCHANGE_LAST;;1;1;XEUR;11286679;688;
05.02.2025;12:10:18.047;FGBL SI 20250306 PS;SIMPLE_INSTRUMENT;EFP_FIN;EUR;60;133.54000000;871;EXCHANGE_LAST;;1;1;XEUR;11286679;688;
05.02.2025;12:17:05.936;FGBL SI 20250306 PS;SIMPLE_INSTRUMENT;EFS;EUR;61;133.59000000;413;EXCHANGE_LAST;;1;1;XEUR;11286679;688;
05.02.2025;12:22:06.390;FGBL SI 20250306 PS;SIMPLE_INSTRUMENT;EFP_FIN;EUR;62;133.57000000;198;EXCHANGE_LAST;;1;1;XEUR;11286679;688;
05.02.2025;12:23:55.676;FGBL SI 20250306 PS;SIMPLE_INSTRUMENT;EFP_FIN;EUR;63;133.57000000;1185;EXCHANGE_LAST;;1;1;XEUR;11286679;688;
05.02.2025;12:25:18.626;FGBL SI 20250306 PS;SIMPLE_INSTRUMENT;BLOCK;EUR;64;133.61000000;2000;EXCHANGE_LAST;;1;1;XEUR;11286679;688;
05.02.2025;12:28:11.124;FGBL SI 20250306 PS;SIMPLE_INSTRUMENT;EFS;EUR;65;133.60000000;570;EXCHANGE_LAST;;1;1;XEUR;11286679;688;
05.02.2025;12:30:32.500;FGBL SI 20250306 PS;SIMPLE_INSTRUMENT;EFS;EUR;66;133.60000000;570;EXCHANGE_LAST;;1;1;XEUR;11286679;688;
05.02.2025;12:31:23.307;FGBL SI 20250306 PS;SIMPLE_INSTRUMENT;EFS;EUR;67;133.60000000;570;EXCHANGE_LAST;;1;1;XEUR;11286679;688;
05.02.2025;12:32:11.908;FGBL SI 20250306 PS;SIMPLE_INSTRUMENT;EFS;EUR;68;133.60000000;570;EXCHANGE_LAST;;1;1;XEUR;11286679;688;
05.02.2025;12:42:38.815;FGBL SI 20250306 PS;SIMPLE_INSTRUMENT;EFS;EUR;69;133.64000000;896;EXCHANGE_LAST;;1;1;XEUR;11286679;688;
05.02.2025;12:44:59.816;FGBL SI 20250306 PS;SIMPLE_INSTRUMENT;EFS;EUR;70;133.61000000;233;EXCHANGE_LAST;;1;1;XEUR;11286679;688;
05.02.2025;12:47:25.573;FGBL SI 20250306 PS;SIMPLE_INSTRUMENT;EFS;EUR;71;133.62000000;412;EXCHANGE_LAST;;1;1;XEUR;11286679;688;
05.02.2025;12:48:02.988;FGBL SI 20250306 PS;SIMPLE_INSTRUMENT;EFS;EUR;72;133.62000000;206;EXCHANGE_LAST;;1;1;XEUR;11286679;688;
05.02.2025;12:48:55.167;FGBL SI 20250306 PS;SIMPLE_INSTRUMENT;EFS;EUR;73;133.61000000;413;EXCHANGE_LAST;;1;1;XEUR;11286679;688;
05.02.2025;12:51:55.169;FGBL SI 20250306 PS;SIMPLE_INSTRUMENT;EFS;EUR;74;133.61000000;233;EXCHANGE_LAST;;1;1;XEUR;11286679;688;
05.02.2025;12:53:12.174;FGBL SI 20250306 PS;SIMPLE_INSTRUMENT;EFS;EUR;75;133.62000000;895;EXCHANGE_LAST;;1;1;XEUR;11286679;688;
05.02.2025;12:55:30.398;FGBL SI 20250306 PS;SIMPLE_INSTRUMENT;EFS;EUR;76;133.59000000;413;EXCHANGE_LAST;;1;1;XEUR;11286679;688;
05.02.2025;12:56:18.820;FGBL SI 20250306 PS;SIMPLE_INSTRUMENT;EFS;EUR;77;133.62000000;206;EXCHANGE_LAST;;1;1;XEUR;11286679;688;
05.02.2025;12:57:25.386;FGBL SI 20250306 PS;SIMPLE_INSTRUMENT;EFS;EUR;78;133.62000000;206;EXCHANGE_LAST;;1;1;XEUR;11286679;688;
05.02.2025;13:02:20.943;FGBL SI 20250306 PS;SIMPLE_INSTRUMENT;EFS;EUR;79;133.62000000;413;EXCHANGE_LAST;;1;1;XEUR;11286679;688;
05.02.2025;13:04:46.074;FGBL SI 20250306 PS;SIMPLE_INSTRUMENT;EFS;EUR;80;133.63000000;413;EXCHANGE_LAST;;1;1;XEUR;11286679;688;
05.02.2025;13:10:33.237;FGBL SI 20250306 PS;SIMPLE_INSTRUMENT;EFS;EUR;81;133.60000000;200;EXCHANGE_LAST;;1;1;XEUR;11286679;688;
05.02.2025;13:15:16.552;FGBL SI 20250306 PS;SIMPLE_INSTRUMENT;EFS;EUR;82;133.67000000;413;EXCHANGE_LAST;;1;1;XEUR;11286679;688;
05.02.2025;13:16:06.594;FGBL SI 20250306 PS;SIMPLE_INSTRUMENT;EFS;EUR;83;133.67000000;413;EXCHANGE_LAST;;1;1;XEUR;11286679;688;
05.02.2025;13:17:44.681;FGBL SI 20250306 PS;SIMPLE_INSTRUMENT;EFP_FIN;EUR;84;133.57000000;162;EXCHANGE_LAST;;1;1;XEUR;11286679;688;
05.02.2025;13:21:22.267;FGBL SI 20250306 PS;SIMPLE_INSTRUMENT;EFS;EUR;85;133.60000000;826;EXCHANGE_LAST;;1;1;XEUR;11286679;688;
05.02.2025;13:22:37.057;FGBL SI 20250306 PS;SIMPLE_INSTRUMENT;EFS;EUR;86;133.61000000;1345;EXCHANGE_LAST;;1;1;XEUR;11286679;688;
05.02.2025;13:23:21.948;FGBL SI 20250306 PS;SIMPLE_INSTRUMENT;EFS;EUR;87;133.60000000;207;EXCHANGE_LAST;;1;1;XEUR;11286679;688;
05.02.2025;13:24:22.584;FGBL SI 20250306 PS;SIMPLE_INSTRUMENT;EFP_FIN;EUR;88;133.62000000;395;EXCHANGE_LAST;;1;1;XEUR;11286679;688;
05.02.2025;13:25:11.741;FGBL SI 20250306 PS;SIMPLE_INSTRUMENT;EFP_FIN;EUR;89;133.65000000;1300;EXCHANGE_LAST;;1;1;XEUR;11286679;688;
05.02.2025;13:26:02.270;FGBL SI 20250306 PS;SIMPLE_INSTRUMENT;EFS;EUR;90;133.62000000;83;EXCHANGE_LAST;;1;1;XEUR;11286679;688;
05.02.2025;13:27:15.176;FGBL SI 20250306 PS;SIMPLE_INSTRUMENT;EFP_FIN;EUR;91;133.63000000;395;EXCHANGE_LAST;;1;1;XEUR;11286679;688;
05.02.2025;13:29:11.079;FGBL SI 20250306 PS;SIMPLE_INSTRUMENT;EFS;EUR;92;133.65000000;439;EXCHANGE_LAST;;1;1;XEUR;11286679;688;
05.02.2025;13:29:08.390;FGBL SI 20250306 PS;SIMPLE_INSTRUMENT;EFS;EUR;93;133.63000000;1351;EXCHANGE_LAST;;1;1;XEUR;11286679;688;
05.02.2025;13:29:24.155;FGBL SI 20250306 PS;SIMPLE_INSTRUMENT;EFS;EUR;94;133.64000000;413;EXCHANGE_LAST;;1;1;XEUR;11286679;688;
05.02.2025;13:29:44.173;FGBL SI 20250306 PS;SIMPLE_INSTRUMENT;EFS;EUR;95;133.64000000;827;EXCHANGE_LAST;;1;1;XEUR;11286679;688;
05.02.2025;13:30:44.227;FGBL SI 20250306 PS;SIMPLE_INSTRUMENT;EFS;EUR;96;133.63000000;73;EXCHANGE_LAST;;1;1;XEUR;11286679;688;
05.02.2025;13:30:59.243;FGBL SI 20250306 PS;SIMPLE_INSTRUMENT;EFS;EUR;97;133.64000000;413;EXCHANGE_LAST;;1;1;XEUR;11286679;688;
05.02.2025;13:32:03.424;FGBL SI 20250306 PS;SIMPLE_INSTRUMENT;EFS;EUR;98;133.65000000;413;EXCHANGE_LAST;;1;1;XEUR;11286679;688;
05.02.2025;13:45:33.984;FGBL SI 20250306 PS;SIMPLE_INSTRUMENT;EFS;EUR;99;133.64000000;413;EXCHANGE_LAST;;1;1;XEUR;11286679;688;
05.02.2025;13:54:53.861;FGBL SI 20250306 PS;SIMPLE_INSTRUMENT;EFS;EUR;100;133.65000000;699;EXCHANGE_LAST;;1;1;XEUR;11286679;688;
05.02.2025;14:07:44.430;FGBL SI 20250306 PS;SIMPLE_INSTRUMENT;EFS;EUR;101;133.50000000;233;EXCHANGE_LAST;;1;1;XEUR;11286679;688;
05.02.2025;14:08:14.126;FGBL SI 20250306 PS;SIMPLE_INSTRUMENT;EFS;EUR;102;133.62000000;190;EXCHANGE_LAST;;1;1;XEUR;11286679;688;
05.02.2025;14:12:32.866;FGBL SI 20250306 PS;SIMPLE_INSTRUMENT;EFS;EUR;103;133.45000000;414;EXCHANGE_LAST;;1;1;XEUR;11286679;688;
05.02.2025;14:14:07.930;FGBL SI 20250306 PS;SIMPLE_INSTRUMENT;EFS;EUR;104;133.47000000;620;EXCHANGE_LAST;;1;1;XEUR;11286679;688;
05.02.2025;14:19:15.146;FGBL SI 20250306 PS;SIMPLE_INSTRUMENT;EFS;EUR;105;133.45000000;414;EXCHANGE_LAST;;1;1;XEUR;11286679;688;
05.02.2025;14:22:11.472;FGBL SI 20250306 PS;SIMPLE_INSTRUMENT;EFS;EUR;106;133.65000000;448;EXCHANGE_LAST;;1;1;XEUR;11286679;688;
05.02.2025;14:24:31.480;FGBL SI 20250306 PS;SIMPLE_INSTRUMENT;EFS;EUR;107;133.65000000;448;EXCHANGE_LAST;;1;1;XEUR;11286679;688;
05.02.2025;14:25:22.672;FGBL SI 20250306 PS;SIMPLE_INSTRUMENT;EFP_FIN;EUR;108;133.48000000;278;EXCHANGE_LAST;;1;1;XEUR;11286679;688;
05.02.2025;14:31:35.212;FGBL SI 20250306 PS;SIMPLE_INSTRUMENT;EFS;EUR;109;133.42000000;83;EXCHANGE_LAST;;1;1;XEUR;11286679;688;
05.02.2025;14:32:17.771;FGBL SI 20250306 PS;SIMPLE_INSTRUMENT;EFS;EUR;110;133.42000000;124;EXCHANGE_LAST;;1;1;XEUR;11286679;688;
05.02.2025;14:34:34.031;FGBL SI 20250306 PS;SIMPLE_INSTRUMENT;EFS;EUR;111;133.42000000;207;EXCHANGE_LAST;;1;1;XEUR;11286679;688;
05.02.2025;14:34:37.475;FGBL SI 20250306 PS;SIMPLE_INSTRUMENT;EFS;EUR;112;133.67000000;233;EXCHANGE_LAST;;1;1;XEUR;11286679;688;
05.02.2025;14:35:55.117;FGBL SI 20250306 PS;SIMPLE_INSTRUMENT;EFP_FIN;EUR;113;133.58000000;223;EXCHANGE_LAST;;1;1;XEUR;11286679;688;
05.02.2025;14:42:42.819;FGBL SI 20250306 PS;SIMPLE_INSTRUMENT;EFS;EUR;114;133.51000000;413;EXCHANGE_LAST;;1;1;XEUR;11286679;688;
05.02.2025;14:43:26.932;FGBL SI 20250306 PS;SIMPLE_INSTRUMENT;EFS;EUR;115;133.48000000;413;EXCHANGE_LAST;;1;1;XEUR;11286679;688;
05.02.2025;14:45:21.470;FGBL SI 20250306 PS;SIMPLE_INSTRUMENT;EFS;EUR;116;133.48000000;414;EXCHANGE_LAST;;1;1;XEUR;11286679;688;
05.02.2025;14:46:14.768;FGBL SI 20250306 PS;SIMPLE_INSTRUMENT;EFS;EUR;117;133.46000000;83;EXCHANGE_LAST;;1;1;XEUR;11286679;688;
05.02.2025;14:50:35.509;FGBL SI 20250306 PS;SIMPLE_INSTRUMENT;EFS;EUR;119;133.48000000;330;EXCHANGE_LAST;;1;1;XEUR;11286679;688;
05.02.2025;14:55:55.032;FGBL SI 20250306 PS;SIMPLE_INSTRUMENT;EFS;EUR;120;133.51000000;413;EXCHANGE_LAST;;1;1;XEUR;11286679;688;
05.02.2025;14:56:47.994;FGBL SI 20250306 PS;SIMPLE_INSTRUMENT;EFS;EUR;121;133.51000000;826;EXCHANGE_LAST;;1;1;XEUR;11286679;688;
05.02.2025;14:58:07.992;FGBL SI 20250306 PS;SIMPLE_INSTRUMENT;EFS;EUR;122;133.49000000;413;EXCHANGE_LAST;;1;1;XEUR;11286679;688;
05.02.2025;14:58:14.853;FGBL SI 20250306 PS;SIMPLE_INSTRUMENT;EFS;EUR;123;133.51000000;207;EXCHANGE_LAST;;1;1;XEUR;11286679;688;
05.02.2025;15:00:45.064;FGBL SI 20250306 PS;SIMPLE_INSTRUMENT;EFS;EUR;124;133.49000000;190;EXCHANGE_LAST;;1;1;XEUR;11286679;688;
05.02.2025;15:02:03.128;FGBL SI 20250306 PS;SIMPLE_INSTRUMENT;EFS;EUR;125;133.49000000;414;EXCHANGE_LAST;;1;1;XEUR;11286679;688;
05.02.2025;15:08:35.225;FGBL SI 20250306 PS;SIMPLE_INSTRUMENT;EFS;EUR;126;133.64000000;471;EXCHANGE_LAST;;1;1;XEUR;11286679;688;
05.02.2025;15:10:18.460;FGBL SI 20250306 PS;SIMPLE_INSTRUMENT;EFS;EUR;127;133.61000000;413;EXCHANGE_LAST;;1;1;XEUR;11286679;688;
05.02.2025;15:10:33.472;FGBL SI 20250306 PS;SIMPLE_INSTRUMENT;EFS;EUR;128;133.61000000;413;EXCHANGE_LAST;;1;1;XEUR;11286679;688;
05.02.2025;15:19:34.837;FGBL SI 20250306 PS;SIMPLE_INSTRUMENT;EFS;EUR;129;133.65000000;413;EXCHANGE_LAST;;1;1;XEUR;11286679;688;
05.02.2025;15:19:54.074;FGBL SI 20250306 PS;SIMPLE_INSTRUMENT;EFS;EUR;130;133.65000000;413;EXCHANGE_LAST;;1;1;XEUR;11286679;688;
05.02.2025;15:22:35.449;FGBL SI 20250306 PS;SIMPLE_INSTRUMENT;EFP_FIN;EUR;131;133.62000000;198;EXCHANGE_LAST;;1;1;XEUR;11286679;688;
05.02.2025;15:25:40.661;FGBL SI 20250306 PS;SIMPLE_INSTRUMENT;EFS;EUR;132;133.63000000;166;EXCHANGE_LAST;;1;1;XEUR;11286679;688;
05.02.2025;15:33:00.936;FGBL SI 20250306 PS;SIMPLE_INSTRUMENT;EFS;EUR;133;133.61000000;305;EXCHANGE_LAST;;1;1;XEUR;11286679;688;
05.02.2025;15:53:35.821;FGBL SI 20250306 PS;SIMPLE_INSTRUMENT;EFP_FIN;EUR;134;133.61000000;155;EXCHANGE_LAST;;1;1;XEUR;11286679;688;
05.02.2025;15:54:57.209;FGBL SI 20250306 PS;SIMPLE_INSTRUMENT;EFS;EUR;135;133.58000000;248;EXCHANGE_LAST;;1;1;XEUR;11286679;688;
05.02.2025;15:59:28.051;FGBL SI 20250306 PS;SIMPLE_INSTRUMENT;EFP_FIN;EUR;136;133.56000000;743;EXCHANGE_LAST;;1;1;XEUR;11286679;688;
05.02.2025;16:02:03.511;FGBL SI 20250306 PS;SIMPLE_INSTRUMENT;EFS;EUR;137;133.58000000;413;EXCHANGE_LAST;;1;1;XEUR;11286679;688;
05.02.2025;16:10:03.078;FGBL SI 20250306 PS;SIMPLE_INSTRUMENT;EFP_FIN;EUR;138;133.55000000;371;EXCHANGE_LAST;;1;1;XEUR;11286679;688;
05.02.2025;16:16:11.820;FGBL SI 20250306 PS;SIMPLE_INSTRUMENT;EFS;EUR;139;133.58000000;250;EXCHANGE_LAST;;1;1;XEUR;11286679;688;
05.02.2025;16:18:17.962;FGBL SI 20250306 PS;SIMPLE_INSTRUMENT;EFS;EUR;140;133.58000000;183;EXCHANGE_LAST;;1;1;XEUR;11286679;688;
05.02.2025;16:19:35.161;FGBL SI 20250306 PS;SIMPLE_INSTRUMENT;EFP_FIN;EUR;141;133.51000000;278;EXCHANGE_LAST;;1;1;XEUR;11286679;688;
05.02.2025;16:20:45.300;FGBL SI 20250306 PS;SIMPLE_INSTRUMENT;EFS;EUR;142;133.54000000;413;EXCHANGE_LAST;;1;1;XEUR;11286679;688;
05.02.2025;16:21:11.337;FGBL SI 20250306 PS;SIMPLE_INSTRUMENT;EFS;EUR;143;133.55000000;413;EXCHANGE_LAST;;1;1;XEUR;11286679;688;
05.02.2025;16:22:51.436;FGBL SI 20250306 PS;SIMPLE_INSTRUMENT;EFS;EUR;144;133.55000000;413;EXCHANGE_LAST;;1;1;XEUR;11286679;688;
05.02.2025;16:25:17.973;FGBL SI 20250306 PS;SIMPLE_INSTRUMENT;EFS;EUR;145;133.54000000;806;EXCHANGE_LAST;;1;1;XEUR;11286679;688;
05.02.2025;16:25:31.205;FGBL SI 20250306 PS;SIMPLE_INSTRUMENT;EFS;EUR;146;133.58000000;2000;EXCHANGE_LAST;;1;1;XEUR;11286679;688;
05.02.2025;16:26:26.605;FGBL SI 20250306 PS;SIMPLE_INSTRUMENT;EFS;EUR;147;133.55000000;413;EXCHANGE_LAST;;1;1;XEUR;11286679;688;
05.02.2025;16:26:34.295;FGBL SI 20250306 PS;SIMPLE_INSTRUMENT;EFS;EUR;148;133.56000000;390;EXCHANGE_LAST;;1;1;XEUR;11286679;688;
05.02.2025;16:33:25.113;FGBL SI 20250306 PS;SIMPLE_INSTRUMENT;EFP_FIN;EUR;149;133.58000000;3714;EXCHANGE_LAST;;1;1;XEUR;11286679;688;
05.02.2025;16:34:41.933;FGBL SI 20250306 PS;SIMPLE_INSTRUMENT;EFS;EUR;150;133.52000000;413;EXCHANGE_LAST;;1;1;XEUR;11286679;688;
05.02.2025;16:40:40.855;FGBL SI 20250306 PS;SIMPLE_INSTRUMENT;EFS;EUR;151;133.57000000;467;EXCHANGE_LAST;;1;1;XEUR;11286679;688;
05.02.2025;16:41:54.826;FGBL SI 20250306 PS;SIMPLE_INSTRUMENT;EFP_FIN;EUR;152;133.56000000;757;EXCHANGE_LAST;;1;1;XEUR;11286679;688;
05.02.2025;16:43:48.894;FGBL SI 20250306 PS;SIMPLE_INSTRUMENT;EFS;EUR;153;133.54000000;619;EXCHANGE_LAST;;1;1;XEUR;11286679;688;
05.02.2025;16:48:43.958;FGBL SI 20250306 PS;SIMPLE_INSTRUMENT;EFS;EUR;154;133.53000000;413;EXCHANGE_LAST;;1;1;XEUR;11286679;688;
05.02.2025;16:51:41.003;FGBL SI 20250306 PS;SIMPLE_INSTRUMENT;EFS;EUR;155;133.49000000;413;EXCHANGE_LAST;;1;1;XEUR;11286679;688;
05.02.2025;17:00:17.413;FGBL SI 20250306 PS;SIMPLE_INSTRUMENT;EFS;EUR;156;133.53000000;3582;EXCHANGE_LAST;;1;1;XEUR;11286679;688;
05.02.2025;17:04:41.428;FGBL SI 20250306 PS;SIMPLE_INSTRUMENT;EFS;EUR;157;133.50000000;896;EXCHANGE_LAST;;1;1;XEUR;11286679;688;
05.02.2025;07:57:20.750;FGBL SI 20250306 PS;SIMPLE_INSTRUMENT;VOLA;EUR;268435460;133.39000000;59;EXCHANGE_LAST;;1;1;XEUR;11286679;688;
05.02.2025;08:58:44.237;FGBL SI 20250606 PS;SIMPLE_INSTRUMENT;VOLA;EUR;268435475;132.52000000;315;EXCHANGE_LAST;;1;1;XEUR;11820389;688;
05.02.2025;08:59:10.240;FGBL SI 20250606 PS;SIMPLE_INSTRUMENT;VOLA;EUR;268435476;132.52000000;315;EXCHANGE_LAST;;1;1;XEUR;11820389;688;
05.02.2025;11:14:11.738;FGBL SI 20250306 PS;SIMPLE_INSTRUMENT;VOLA;EUR;268435526;133.51000000;50;EXCHANGE_LAST;;1;1;XEUR;11286679;688;
05.02.2025;11:57:59.920;FGBL SI 20250306 PS;SIMPLE_INSTRUMENT;VOLA;EUR;268435534;133.57000000;100;EXCHANGE_LAST;;1;1;XEUR;11286679;688;
05.02.2025;12:34:44.305;FGBL SI 20250306 PS;SIMPLE_INSTRUMENT;VOLA;EUR;268435544;133.58000000;125;EXCHANGE_LAST;;1;1;XEUR;11286679;688;
05.02.2025;13:20:05.492;FGBL SI 20250306 PS;SIMPLE_INSTRUMENT;VOLA;EUR;268435550;133.68000000;53;EXCHANGE_LAST;;1;1;XEUR;11286679;688;
05.02.2025;16:18:14.516;FGBL SI 20250606 PS;SIMPLE_INSTRUMENT;VOLA;EUR;268435585;132.62000000;123;EXCHANGE_LAST;;1;1;XEUR;11820389;688;
05.02.2025;16:23:45.547;FGBL SI 20250306 PS;SIMPLE_INSTRUMENT;VOLA;EUR;268435587;133.50000000;7;EXCHANGE_LAST;;1;1;XEUR;11286679;688;
05.02.2025;09:09:16.433;FGBM SI 20250306 PS;SIMPLE_INSTRUMENT;EFP_FIN;EUR;1;117.91000000;636;EXCHANGE_LAST;;1;1;XEUR;11286680;689;
05.02.2025;09:09:17.053;FGBM SI 20250306 PS;SIMPLE_INSTRUMENT;EFS;EUR;2;117.89000000;1932;EXCHANGE_LAST;;1;1;XEUR;11286680;689;
05.02.2025;09:13:49.714;FGBM SI 20250306 PS;SIMPLE_INSTRUMENT;EFP_FIN;EUR;3;117.91000000;863;EXCHANGE_LAST;;1;1;XEUR;11286680;689;
05.02.2025;09:15:34.343;FGBM SI 20250306 PS;SIMPLE_INSTRUMENT;EFP_FIN;EUR;4;117.89000000;94;EXCHANGE_LAST;;1;1;XEUR;11286680;689;
05.02.2025;09:17:00.843;FGBM SI 20250306 PS;SIMPLE_INSTRUMENT;EFP_FIN;EUR;5;117.95000000;454;EXCHANGE_LAST;;1;1;XEUR;11286680;689;
05.02.2025;09:17:17.205;FGBM SI 20250306 PS;SIMPLE_INSTRUMENT;EFS;EUR;6;117.91000000;984;EXCHANGE_LAST;;1;1;XEUR;11286680;689;
05.02.2025;09:23:27.876;FGBM SI 20250306 PS;SIMPLE_INSTRUMENT;EFP_FIN;EUR;7;117.96000000;290;EXCHANGE_LAST;;1;1;XEUR;11286680;689;
05.02.2025;09:26:47.465;FGBM SI 20250306 PS;SIMPLE_INSTRUMENT;EFS;EUR;8;117.91000000;911;EXCHANGE_LAST;;1;1;XEUR;11286680;689;
05.02.2025;09:27:40.330;FGBM SI 20250306 PS;SIMPLE_INSTRUMENT;EFS;EUR;9;117.92000000;455;EXCHANGE_LAST;;1;1;XEUR;11286680;689;
05.02.2025;09:30:28.841;FGBM SI 20250306 PS;SIMPLE_INSTRUMENT;EFP_FIN;EUR;10;117.92000000;195;EXCHANGE_LAST;;1;1;XEUR;11286680;689;
05.02.2025;09:31:13.984;FGBM SI 20250306 PS;SIMPLE_INSTRUMENT;EFS;EUR;11;117.97000000;356;EXCHANGE_LAST;;1;1;XEUR;11286680;689;
05.02.2025;09:37:30.319;FGBM SI 20250306 PS;SIMPLE_INSTRUMENT;EFS;EUR;12;117.93000000;497;EXCHANGE_LAST;;1;1;XEUR;11286680;689;
05.02.2025;09:44:09.567;FGBM SI 20250306 PS;SIMPLE_INSTRUMENT;EFS;EUR;13;117.95000000;455;EXCHANGE_LAST;;1;1;XEUR;11286680;689;
05.02.2025;09:58:04.913;FGBM SI 20250306 PS;SIMPLE_INSTRUMENT;EFP_FIN;EUR;14;117.96000000;129;EXCHANGE_LAST;;1;1;XEUR;11286680;689;
05.02.2025;10:03:15.575;FGBM SI 20250306 PS;SIMPLE_INSTRUMENT;EFP_FIN;EUR;15;117.96000000;195;EXCHANGE_LAST;;1;1;XEUR;11286680;689;
05.02.2025;10:15:29.017;FGBM SI 20250306 PS;SIMPLE_INSTRUMENT;EFP_FIN;EUR;16;117.98000000;863;EXCHANGE_LAST;;1;1;XEUR;11286680;689;
05.02.2025;10:21:00.261;FGBM SI 20250306 PS;SIMPLE_INSTRUMENT;EFS;EUR;17;117.98000000;983;EXCHANGE_LAST;;1;1;XEUR;11286680;689;
05.02.2025;10:27:05.158;FGBM SI 20250306 PS;SIMPLE_INSTRUMENT;EFP_FIN;EUR;18;117.97000000;908;EXCHANGE_LAST;;1;1;XEUR;11286680;689;
05.02.2025;10:31:12.083;FGBM SI 20250306 PS;SIMPLE_INSTRUMENT;EFS;EUR;19;117.96000000;488;EXCHANGE_LAST;;1;1;XEUR;11286680;689;
05.02.2025;10:32:50.399;FGBM SI 20250306 PS;SIMPLE_INSTRUMENT;EFP_FIN;EUR;20;117.97000000;187;EXCHANGE_LAST;;1;1;XEUR;11286680;689;
05.02.2025;10:34:11.555;FGBM SI 20250306 PS;SIMPLE_INSTRUMENT;EFP_FIN;EUR;21;117.97000000;222;EXCHANGE_LAST;;1;1;XEUR;11286680;689;
05.02.2025;10:34:33.405;FGBM SI 20250306 PS;SIMPLE_INSTRUMENT;EFP_FIN;EUR;22;117.97000000;237;EXCHANGE_LAST;;1;1;XEUR;11286680;689;
05.02.2025;10:34:57.848;FGBM SI 20250306 PS;SIMPLE_INSTRUMENT;EFP_FIN;EUR;23;117.97000000;149;EXCHANGE_LAST;;1;1;XEUR;11286680;689;
05.02.2025;10:39:08.678;FGBM SI 20250306 PS;SIMPLE_INSTRUMENT;EFP_FIN;EUR;24;117.95000000;745;EXCHANGE_LAST;;1;1;XEUR;11286680;689;
05.02.2025;10:39:04.308;FGBM SI 20250306 PS;SIMPLE_INSTRUMENT;EFP_FIN;EUR;25;117.96000000;274;EXCHANGE_LAST;;1;1;XEUR;11286680;689;
05.02.2025;10:44:56.098;FGBM SI 20250306 PS;SIMPLE_INSTRUMENT;EFP_FIN;EUR;26;117.94000000;180;EXCHANGE_LAST;;1;1;XEUR;11286680;689;
05.02.2025;10:49:55.032;FGBM SI 20250306 PS;SIMPLE_INSTRUMENT;EFP_FIN;EUR;27;117.94000000;123;EXCHANGE_LAST;;1;1;XEUR;11286680;689;
05.02.2025;10:47:02.127;FGBM SI 20250306 PS;SIMPLE_INSTRUMENT;EFP_FIN;EUR;28;117.95000000;430;EXCHANGE_LAST;;1;1;XEUR;11286680;689;
05.02.2025;10:47:04.078;FGBM SI 20250306 PS;SIMPLE_INSTRUMENT;EFP_FIN;EUR;29;117.94000000;491;EXCHANGE_LAST;;1;1;XEUR;11286680;689;
05.02.2025;10:49:22.516;FGBM SI 20250306 PS;SIMPLE_INSTRUMENT;EFP_FIN;EUR;30;117.93000000;216;EXCHANGE_LAST;;1;1;XEUR;11286680;689;
05.02.2025;10:57:06.070;FGBM SI 20250306 PS;SIMPLE_INSTRUMENT;EFS;EUR;31;117.90000000;182;EXCHANGE_LAST;;1;1;XEUR;11286680;689;
05.02.2025;11:18:20.022;FGBM SI 20250306 PS;SIMPLE_INSTRUMENT;EFP_FIN;EUR;32;117.94000000;269;EXCHANGE_LAST;;1;1;XEUR;11286680;689;
05.02.2025;11:03:04.654;FGBM SI 20250306 PS;SIMPLE_INSTRUMENT;EFS;EUR;33;117.90000000;683;EXCHANGE_LAST;;1;1;XEUR;11286680;689;
05.02.2025;11:11:27.680;FGBM SI 20250306 PS;SIMPLE_INSTRUMENT;EFP_FIN;EUR;34;117.91000000;475;EXCHANGE_LAST;;1;1;XEUR;11286680;689;
05.02.2025;11:13:41.651;FGBM SI 20250306 PS;SIMPLE_INSTRUMENT;EFP_FIN;EUR;35;117.91000000;77;EXCHANGE_LAST;;1;1;XEUR;11286680;689;
05.02.2025;11:13:52.884;FGBM SI 20250306 PS;SIMPLE_INSTRUMENT;EFS;EUR;36;117.92000000;1889;EXCHANGE_LAST;;1;1;XEUR;11286680;689;
05.02.2025;11:14:11.134;FGBM SI 20250306 PS;SIMPLE_INSTRUMENT;EFP_FIN;EUR;37;117.91000000;115;EXCHANGE_LAST;;1;1;XEUR;11286680;689;
05.02.2025;11:23:40.529;FGBM SI 20250306 PS;SIMPLE_INSTRUMENT;EFP_FIN;EUR;38;117.91000000;472;EXCHANGE_LAST;;1;1;XEUR;11286680;689;
05.02.2025;11:22:41.259;FGBM SI 20250306 PS;SIMPLE_INSTRUMENT;EFS;EUR;39;117.93000000;912;EXCHANGE_LAST;;1;1;XEUR;11286680;689;
05.02.2025;11:27:49.302;FGBM SI 20250306 PS;SIMPLE_INSTRUMENT;EFS;EUR;40;117.94000000;910;EXCHANGE_LAST;;1;1;XEUR;11286680;689;
05.02.2025;11:34:42.179;FGBM SI 20250306 PS;SIMPLE_INSTRUMENT;EFP_FIN;EUR;41;117.93000000;185;EXCHANGE_LAST;;1;1;XEUR;11286680;689;
05.02.2025;11:34:13.371;FGBM SI 20250306 PS;SIMPLE_INSTRUMENT;EFP_FIN;EUR;42;117.94000000;431;EXCHANGE_LAST;;1;1;XEUR;11286680;689;
05.02.2025;11:35:20.217;FGBM SI 20250306 PS;SIMPLE_INSTRUMENT;EFP_FIN;EUR;43;117.94000000;863;EXCHANGE_LAST;;1;1;XEUR;11286680;689;
05.02.2025;11:40:01.323;FGBM SI 20250306 PS;SIMPLE_INSTRUMENT;EFS;EUR;44;117.93000000;983;EXCHANGE_LAST;;1;1;XEUR;11286680;689;
05.02.2025;11:45:48.405;FGBM SI 20250306 PS;SIMPLE_INSTRUMENT;EFP_FIN;EUR;45;117.92000000;1403;EXCHANGE_LAST;;1;1;XEUR;11286680;689;
05.02.2025;12:01:55.051;FGBM SI 20250306 PS;SIMPLE_INSTRUMENT;EFS;EUR;46;117.93000000;1353;EXCHANGE_LAST;;1;1;XEUR;11286680;689;
05.02.2025;12:13:30.882;FGBM SI 20250306 PS;SIMPLE_INSTRUMENT;EFS;EUR;47;117.91000000;483;EXCHANGE_LAST;;1;1;XEUR;11286680;689;
05.02.2025;12:14:37.886;FGBM SI 20250306 PS;SIMPLE_INSTRUMENT;EFS;EUR;48;117.92000000;965;EXCHANGE_LAST;;1;1;XEUR;11286680;689;
05.02.2025;12:16:20.300;FGBM SI 20250306 PS;SIMPLE_INSTRUMENT;EFP_FIN;EUR;49;117.91000000;446;EXCHANGE_LAST;;1;1;XEUR;11286680;689;
05.02.2025;12:18:02.633;FGBM SI 20250306 PS;SIMPLE_INSTRUMENT;EFP_FIN;EUR;50;117.92000000;454;EXCHANGE_LAST;;1;1;XEUR;11286680;689;
05.02.2025;12:27:23.182;FGBM SI 20250306 PS;SIMPLE_INSTRUMENT;EFP_FIN;EUR;51;117.93000000;674;EXCHANGE_LAST;;1;1;XEUR;11286680;689;
05.02.2025;12:28:22.364;FGBM SI 20250306 PS;SIMPLE_INSTRUMENT;EFP_FIN;EUR;52;117.93000000;627;EXCHANGE_LAST;;1;1;XEUR;11286680;689;
05.02.2025;12:39:00.457;FGBM SI 20250306 PS;SIMPLE_INSTRUMENT;EFP_FIN;EUR;53;117.94000000;454;EXCHANGE_LAST;;1;1;XEUR;11286680;689;
05.02.2025;12:47:58.500;FGBM SI 20250306 PS;SIMPLE_INSTRUMENT;EFP_FIN;EUR;54;117.94000000;216;EXCHANGE_LAST;;1;1;XEUR;11286680;689;
05.02.2025;12:49:00.173;FGBM SI 20250306 PS;SIMPLE_INSTRUMENT;EFS;EUR;55;117.94000000;911;EXCHANGE_LAST;;1;1;XEUR;11286680;689;
05.02.2025;12:49:55.213;FGBM SI 20250306 PS;SIMPLE_INSTRUMENT;EFS;EUR;56;117.94000000;911;EXCHANGE_LAST;;1;1;XEUR;11286680;689;
05.02.2025;12:53:28.730;FGBM SI 20250306 PS;SIMPLE_INSTRUMENT;EFP_FIN;EUR;57;117.95000000;243;EXCHANGE_LAST;;1;1;XEUR;11286680;689;
05.02.2025;13:05:31.111;FGBM SI 20250306 PS;SIMPLE_INSTRUMENT;EFS;EUR;58;117.96000000;911;EXCHANGE_LAST;;1;1;XEUR;11286680;689;
05.02.2025;13:06:06.136;FGBM SI 20250306 PS;SIMPLE_INSTRUMENT;EFS;EUR;59;117.94000000;911;EXCHANGE_LAST;;1;1;XEUR;11286680;689;
05.02.2025;13:06:31.156;FGBM SI 20250306 PS;SIMPLE_INSTRUMENT;EFS;EUR;60;117.94000000;911;EXCHANGE_LAST;;1;1;XEUR;11286680;689;
05.02.2025;13:07:11.187;FGBM SI 20250306 PS;SIMPLE_INSTRUMENT;EFS;EUR;61;117.95000000;1823;EXCHANGE_LAST;;1;1;XEUR;11286680;689;
05.02.2025;13:07:51.215;FGBM SI 20250306 PS;SIMPLE_INSTRUMENT;EFS;EUR;62;117.94000000;456;EXCHANGE_LAST;;1;1;XEUR;11286680;689;
05.02.2025;13:08:41.272;FGBM SI 20250306 PS;SIMPLE_INSTRUMENT;EFS;EUR;63;117.94000000;456;EXCHANGE_LAST;;1;1;XEUR;11286680;689;
05.02.2025;13:09:06.294;FGBM SI 20250306 PS;SIMPLE_INSTRUMENT;EFS;EUR;64;117.93000000;456;EXCHANGE_LAST;;1;1;XEUR;11286680;689;
05.02.2025;13:11:31.396;FGBM SI 20250306 PS;SIMPLE_INSTRUMENT;EFS;EUR;65;117.94000000;911;EXCHANGE_LAST;;1;1;XEUR;11286680;689;
05.02.2025;13:13:41.486;FGBM SI 20250306 PS;SIMPLE_INSTRUMENT;EFS;EUR;66;117.95000000;911;EXCHANGE_LAST;;1;1;XEUR;11286680;689;
05.02.2025;13:14:33.618;FGBM SI 20250306 PS;SIMPLE_INSTRUMENT;EFP_FIN;EUR;67;117.97000000;446;EXCHANGE_LAST;;1;1;XEUR;11286680;689;
05.02.2025;13:17:56.397;FGBM SI 20250306 PS;SIMPLE_INSTRUMENT;EFS;EUR;68;117.97000000;455;EXCHANGE_LAST;;1;1;XEUR;11286680;689;
05.02.2025;13:20:34.050;FGBM SI 20250306 PS;SIMPLE_INSTRUMENT;EFS;EUR;69;117.93000000;2838;EXCHANGE_LAST;;1;1;XEUR;11286680;689;
05.02.2025;13:20:03.451;FGBM SI 20250306 PS;SIMPLE_INSTRUMENT;EFS;EUR;70;117.96000000;910;EXCHANGE_LAST;;1;1;XEUR;11286680;689;
05.02.2025;13:25:28.008;FGBM SI 20250306 PS;SIMPLE_INSTRUMENT;EFP_FIN;EUR;71;117.97000000;1940;EXCHANGE_LAST;;1;1;XEUR;11286680;689;
05.02.2025;13:25:46.881;FGBM SI 20250306 PS;SIMPLE_INSTRUMENT;EFS;EUR;72;117.95000000;2840;EXCHANGE_LAST;;1;1;XEUR;11286680;689;
05.02.2025;13:27:41.976;FGBM SI 20250306 PS;SIMPLE_INSTRUMENT;EFS;EUR;73;117.93000000;273;EXCHANGE_LAST;;1;1;XEUR;11286680;689;
05.02.2025;13:28:16.137;FGBM SI 20250306 PS;SIMPLE_INSTRUMENT;EFS;EUR;74;117.95000000;637;EXCHANGE_LAST;;1;1;XEUR;11286680;689;
05.02.2025;13:29:24.110;FGBM SI 20250306 PS;SIMPLE_INSTRUMENT;EFS;EUR;75;117.94000000;864;EXCHANGE_LAST;;1;1;XEUR;11286680;689;
05.02.2025;13:29:44.129;FGBM SI 20250306 PS;SIMPLE_INSTRUMENT;EFS;EUR;76;117.95000000;1728;EXCHANGE_LAST;;1;1;XEUR;11286680;689;
05.02.2025;13:30:44.182;FGBM SI 20250306 PS;SIMPLE_INSTRUMENT;EFS;EUR;77;117.94000000;152;EXCHANGE_LAST;;1;1;XEUR;11286680;689;
05.02.2025;13:30:59.198;FGBM SI 20250306 PS;SIMPLE_INSTRUMENT;EFS;EUR;78;117.94000000;864;EXCHANGE_LAST;;1;1;XEUR;11286680;689;
05.02.2025;13:37:31.965;FGBM SI 20250306 PS;SIMPLE_INSTRUMENT;EFP_FIN;EUR;79;117.96000000;320;EXCHANGE_LAST;;1;1;XEUR;11286680;689;
05.02.2025;13:40:34.688;FGBM SI 20250306 PS;SIMPLE_INSTRUMENT;EFS;EUR;80;117.96000000;911;EXCHANGE_LAST;;1;1;XEUR;11286680;689;
05.02.2025;13:51:44.477;FGBM SI 20250306 PS;SIMPLE_INSTRUMENT;EFP_FIN;EUR;82;117.96000000;252;EXCHANGE_LAST;;1;1;XEUR;11286680;689;
05.02.2025;13:54:04.706;FGBM SI 20250306 PS;SIMPLE_INSTRUMENT;EFS;EUR;83;117.95000000;850;EXCHANGE_LAST;;1;1;XEUR;11286680;689;
05.02.2025;14:14:32.951;FGBM SI 20250306 PS;SIMPLE_INSTRUMENT;EFS;EUR;84;117.84000000;456;EXCHANGE_LAST;;1;1;XEUR;11286680;689;
05.02.2025;14:19:14.145;FGBM SI 20250306 PS;SIMPLE_INSTRUMENT;EFS;EUR;85;117.84000000;684;EXCHANGE_LAST;;1;1;XEUR;11286680;689;
05.02.2025;14:21:23.449;FGBM SI 20250306 PS;SIMPLE_INSTRUMENT;EFS;EUR;86;117.83000000;200;EXCHANGE_LAST;;1;1;XEUR;11286680;689;
05.02.2025;14:24:07.636;FGBM SI 20250306 PS;SIMPLE_INSTRUMENT;EFS;EUR;87;117.82000000;911;EXCHANGE_LAST;;1;1;XEUR;11286680;689;
05.02.2025;14:24:47.575;FGBM SI 20250306 PS;SIMPLE_INSTRUMENT;EFP_FIN;EUR;88;117.87000000;1058;EXCHANGE_LAST;;1;1;XEUR;11286680;689;
05.02.2025;14:31:26.303;FGBM SI 20250306 PS;SIMPLE_INSTRUMENT;EFP_FIN;EUR;89;117.83000000;482;EXCHANGE_LAST;;1;1;XEUR;11286680;689;
05.02.2025;14:45:21.425;FGBM SI 20250306 PS;SIMPLE_INSTRUMENT;EFS;EUR;90;117.83000000;864;EXCHANGE_LAST;;1;1;XEUR;11286680;689;
05.02.2025;14:48:01.136;FGBM SI 20250306 PS;SIMPLE_INSTRUMENT;EFP_FIN;EUR;91;117.82000000;93;EXCHANGE_LAST;;1;1;XEUR;11286680;689;
05.02.2025;14:52:50.237;FGBM SI 20250306 PS;SIMPLE_INSTRUMENT;EFS;EUR;92;117.86000000;863;EXCHANGE_LAST;;1;1;XEUR;11286680;689;
05.02.2025;14:54:49.388;FGBM SI 20250306 PS;SIMPLE_INSTRUMENT;EFS;EUR;93;117.84000000;1726;EXCHANGE_LAST;;1;1;XEUR;11286680;689;
05.02.2025;14:58:07.947;FGBM SI 20250306 PS;SIMPLE_INSTRUMENT;EFS;EUR;94;117.83000000;864;EXCHANGE_LAST;;1;1;XEUR;11286680;689;
05.02.2025;15:00:02.023;FGBM SI 20250306 PS;SIMPLE_INSTRUMENT;EFS;EUR;95;117.89000000;456;EXCHANGE_LAST;;1;1;XEUR;11286680;689;
05.02.2025;15:01:01.493;FGBM SI 20250306 PS;SIMPLE_INSTRUMENT;EFP_FIN;EUR;96;117.83000000;454;EXCHANGE_LAST;;1;1;XEUR;11286680;689;
05.02.2025;15:02:08.134;FGBM SI 20250306 PS;SIMPLE_INSTRUMENT;EFS;EUR;97;117.83000000;456;EXCHANGE_LAST;;1;1;XEUR;11286680;689;
05.02.2025;15:02:18.143;FGBM SI 20250306 PS;SIMPLE_INSTRUMENT;EFS;EUR;98;117.83000000;410;EXCHANGE_LAST;;1;1;XEUR;11286680;689;
05.02.2025;15:13:03.025;FGBM SI 20250306 PS;SIMPLE_INSTRUMENT;EFS;EUR;99;117.89000000;911;EXCHANGE_LAST;;1;1;XEUR;11286680;689;
05.02.2025;15:14:35.626;FGBM SI 20250306 PS;SIMPLE_INSTRUMENT;EFS;EUR;100;117.92000000;2859;EXCHANGE_LAST;;1;1;XEUR;11286680;689;
05.02.2025;15:15:36.811;FGBM SI 20250306 PS;SIMPLE_INSTRUMENT;EFS;EUR;101;117.89000000;455;EXCHANGE_LAST;;1;1;XEUR;11286680;689;
05.02.2025;15:17:28.167;FGBM SI 20250306 PS;SIMPLE_INSTRUMENT;EFS;EUR;102;117.90000000;910;EXCHANGE_LAST;;1;1;XEUR;11286680;689;
05.02.2025;15:19:08.580;FGBM SI 20250306 PS;SIMPLE_INSTRUMENT;EFS;EUR;103;117.91000000;455;EXCHANGE_LAST;;1;1;XEUR;11286680;689;
05.02.2025;15:26:02.935;FGBM SI 20250306 PS;SIMPLE_INSTRUMENT;EFP_FIN;EUR;104;117.90000000;105;EXCHANGE_LAST;;1;1;XEUR;11286680;689;
05.02.2025;15:29:36.774;FGBM SI 20250306 PS;SIMPLE_INSTRUMENT;EFP_FIN;EUR;105;117.92000000;307;EXCHANGE_LAST;;1;1;XEUR;11286680;689;
05.02.2025;15:31:31.907;FGBM SI 20250306 PS;SIMPLE_INSTRUMENT;EFP_FIN;EUR;106;117.94000000;1940;EXCHANGE_LAST;;1;1;XEUR;11286680;689;
05.02.2025;15:36:56.543;FGBM SI 20250306 PS;SIMPLE_INSTRUMENT;EFS;EUR;107;117.89000000;546;EXCHANGE_LAST;;1;1;XEUR;11286680;689;
05.02.2025;15:56:53.194;FGBM SI 20250306 PS;SIMPLE_INSTRUMENT;EFS;EUR;108;117.92000000;688;EXCHANGE_LAST;;1;1;XEUR;11286680;689;
05.02.2025;16:13:18.966;FGBM SI 20250306 PS;SIMPLE_INSTRUMENT;EFS;EUR;109;117.88000000;910;EXCHANGE_LAST;;1;1;XEUR;11286680;689;
05.02.2025;16:24:28.048;FGBM SI 20250306 PS;SIMPLE_INSTRUMENT;EFS;EUR;110;117.88000000;900;EXCHANGE_LAST;;1;1;XEUR;11286680;689;
05.02.2025;16:24:28.053;FGBM SI 20250306 PS;SIMPLE_INSTRUMENT;EFS;EUR;111;117.86000000;1701;EXCHANGE_LAST;;1;1;XEUR;11286680;689;
05.02.2025;16:24:38.342;FGBM SI 20250306 PS;SIMPLE_INSTRUMENT;EFS;EUR;112;117.88000000;815;EXCHANGE_LAST;;1;1;XEUR;11286680;689;
05.02.2025;16:26:21.600;FGBM SI 20250306 PS;SIMPLE_INSTRUMENT;EFS;EUR;113;117.86000000;456;EXCHANGE_LAST;;1;1;XEUR;11286680;689;
05.02.2025;16:33:58.697;FGBM SI 20250306 PS;SIMPLE_INSTRUMENT;EFP_FIN;EUR;114;117.86000000;1553;EXCHANGE_LAST;;1;1;XEUR;11286680;689;
05.02.2025;16:41:54.847;FGBM SI 20250306 PS;SIMPLE_INSTRUMENT;EFP_FIN;EUR;115;117.88000000;63;EXCHANGE_LAST;;1;1;XEUR;11286680;689;
05.02.2025;16:42:00.991;FGBM SI 20250306 PS;SIMPLE_INSTRUMENT;EFS;EUR;116;117.84000000;911;EXCHANGE_LAST;;1;1;XEUR;11286680;689;
05.02.2025;16:46:23.332;FGBM SI 20250306 PS;SIMPLE_INSTRUMENT;EFS;EUR;117;117.85000000;863;EXCHANGE_LAST;;1;1;XEUR;11286680;689;
05.02.2025;16:50:14.159;FGBM SI 20250306 PS;SIMPLE_INSTRUMENT;EFS;EUR;118;117.84000000;863;EXCHANGE_LAST;;1;1;XEUR;11286680;689;
05.02.2025;17:08:25.913;FGBM SI 20250306 PS;SIMPLE_INSTRUMENT;EFS;EUR;119;117.94000000;910;EXCHANGE_LAST;;1;1;XEUR;11286680;689;
05.02.2025;09:12:04.206;FGBM SI 20250306 PS;SIMPLE_INSTRUMENT;VOLA;EUR;268435483;117.89000000;375;EXCHANGE_LAST;;1;1;XEUR;11286680;689;
05.02.2025;09:15:01.022;FGBM SI 20250306 PS;SIMPLE_INSTRUMENT;VOLA;EUR;268435486;117.91000000;170;EXCHANGE_LAST;;1;1;XEUR;11286680;689;
05.02.2025;10:20:57.548;FGBM SI 20250306 PS;SIMPLE_INSTRUMENT;VOLA;EUR;268435518;117.82000000;299;EXCHANGE_LAST;;1;1;XEUR;11286680;689;
05.02.2025;15:15:12.627;FGBM SI 20250306 PS;SIMPLE_INSTRUMENT;VOLA;EUR;268435570;117.89000000;128;EXCHANGE_LAST;;1;1;XEUR;11286680;689;
05.02.2025;15:19:19.639;FGBM SI 20250306 PS;SIMPLE_INSTRUMENT;VOLA;EUR;268435572;117.87000000;127;EXCHANGE_LAST;;1;1;XEUR;11286680;689;
05.02.2025;08:45:00.868;FGBS SI 20250306 PS;SIMPLE_INSTRUMENT;EFS;EUR;1;106.95500000;548;EXCHANGE_LAST;;1;1;XEUR;11286681;690;
05.02.2025;09:00:34.958;FGBS SI 20250306 PS;SIMPLE_INSTRUMENT;EFS;EUR;2;106.96000000;1301;EXCHANGE_LAST;;1;1;XEUR;11286681;690;
05.02.2025;09:02:37.170;FGBS SI 20250306 PS;SIMPLE_INSTRUMENT;EFS;EUR;3;106.97000000;2093;EXCHANGE_LAST;;1;1;XEUR;11286681;690;
05.02.2025;09:10:06.378;FGBS SI 20250306 PS;SIMPLE_INSTRUMENT;EFP_FIN;EUR;4;106.97000000;936;EXCHANGE_LAST;;1;1;XEUR;11286681;690;
05.02.2025;09:10:06.378;FGBS SI 20250306 PS;SIMPLE_INSTRUMENT;EFP_FIN;EUR;5;106.96000000;468;EXCHANGE_LAST;;1;1;XEUR;11286681;690;
05.02.2025;09:11:26.041;FGBS SI 20250306 PS;SIMPLE_INSTRUMENT;EFP_FIN;EUR;6;106.96000000;863;EXCHANGE_LAST;;1;1;XEUR;11286681;690;
05.02.2025;09:31:17.085;FGBS SI 20250306 PS;SIMPLE_INSTRUMENT;EFS;EUR;7;106.98000000;2732;EXCHANGE_LAST;;1;1;XEUR;11286681;690;
05.02.2025;09:45:53.075;FGBS SI 20250306 PS;SIMPLE_INSTRUMENT;EFP_FIN;EUR;8;106.97000000;1592;EXCHANGE_LAST;;1;1;XEUR;11286681;690;
05.02.2025;10:00:02.759;FGBS SI 20250306 PS;SIMPLE_INSTRUMENT;EFP_FIN;EUR;9;106.97000000;1061;EXCHANGE_LAST;;1;1;XEUR;11286681;690;
05.02.2025;10:03:59.523;FGBS SI 20250306 PS;SIMPLE_INSTRUMENT;EFP_FIN;EUR;10;106.99000000;1217;EXCHANGE_LAST;;1;1;XEUR;11286681;690;
05.02.2025;10:14:43.941;FGBS SI 20250306 PS;SIMPLE_INSTRUMENT;EFP_FIN;EUR;11;106.97000000;838;EXCHANGE_LAST;;1;1;XEUR;11286681;690;
05.02.2025;10:21:12.052;FGBS SI 20250306 PS;SIMPLE_INSTRUMENT;EFP_FIN;EUR;12;106.96000000;234;EXCHANGE_LAST;;1;1;XEUR;11286681;690;
05.02.2025;10:25:40.371;FGBS SI 20250306 PS;SIMPLE_INSTRUMENT;EFP_FIN;EUR;13;106.99000000;307;EXCHANGE_LAST;;1;1;XEUR;11286681;690;
05.02.2025;10:36:33.109;FGBS SI 20250306 PS;SIMPLE_INSTRUMENT;EFS;EUR;14;106.98000000;2732;EXCHANGE_LAST;;1;1;XEUR;11286681;690;
05.02.2025;10:37:13.567;FGBS SI 20250306 PS;SIMPLE_INSTRUMENT;EFS;EUR;15;106.98000000;2098;EXCHANGE_LAST;;1;1;XEUR;11286681;690;
05.02.2025;10:39:16.784;FGBS SI 20250306 PS;SIMPLE_INSTRUMENT;EFS;EUR;16;106.98000000;5473;EXCHANGE_LAST;;1;1;XEUR;11286681;690;
05.02.2025;10:43:49.021;FGBS SI 20250306 PS;SIMPLE_INSTRUMENT;EFP_FIN;EUR;17;106.98000000;1192;EXCHANGE_LAST;;1;1;XEUR;11286681;690;
05.02.2025;11:12:01.274;FGBS SI 20250306 PS;SIMPLE_INSTRUMENT;EFS;EUR;18;106.97500000;2029;EXCHANGE_LAST;;1;1;XEUR;11286681;690;
05.02.2025;11:16:49.028;FGBS SI 20250306 PS;SIMPLE_INSTRUMENT;EFS;EUR;19;106.96000000;7884;EXCHANGE_LAST;;1;1;XEUR;11286681;690;
05.02.2025;11:19:31.649;FGBS SI 20250306 PS;SIMPLE_INSTRUMENT;EFP_FIN;EUR;20;106.96500000;1240;EXCHANGE_LAST;;1;1;XEUR;11286681;690;
05.02.2025;11:22:29.141;FGBS SI 20250306 PS;SIMPLE_INSTRUMENT;EFP_FIN;EUR;21;106.97000000;1110;EXCHANGE_LAST;;1;1;XEUR;11286681;690;
05.02.2025;12:17:59.762;FGBS SI 20250306 PS;SIMPLE_INSTRUMENT;EFP_FIN;EUR;22;106.96500000;328;EXCHANGE_LAST;;1;1;XEUR;11286681;690;
05.02.2025;12:25:47.891;FGBS SI 20250306 PS;SIMPLE_INSTRUMENT;EFS;EUR;23;106.97500000;3938;EXCHANGE_LAST;;1;1;XEUR;11286681;690;
05.02.2025;12:40:02.270;FGBS SI 20250306 PS;SIMPLE_INSTRUMENT;EFS;EUR;24;106.97500000;3907;EXCHANGE_LAST;;1;1;XEUR;11286681;690;
05.02.2025;12:40:57.256;FGBS SI 20250306 PS;SIMPLE_INSTRUMENT;EFS;EUR;25;106.97500000;5248;EXCHANGE_LAST;;1;1;XEUR;11286681;690;
05.02.2025;12:52:41.213;FGBS SI 20250306 PS;SIMPLE_INSTRUMENT;EFS;EUR;26;106.97000000;1516;EXCHANGE_LAST;;1;1;XEUR;11286681;690;
05.02.2025;12:54:11.177;FGBS SI 20250306 PS;SIMPLE_INSTRUMENT;EFS;EUR;27;106.97500000;5247;EXCHANGE_LAST;;1;1;XEUR;11286681;690;
05.02.2025;13:14:14.066;FGBS SI 20250306 PS;SIMPLE_INSTRUMENT;EFP_FIN;EUR;28;106.96000000;935;EXCHANGE_LAST;;1;1;XEUR;11286681;690;
05.02.2025;13:42:34.472;FGBS SI 20250306 PS;SIMPLE_INSTRUMENT;EFP_FIN;EUR;29;106.97000000;785;EXCHANGE_LAST;;1;1;XEUR;11286681;690;
05.02.2025;14:20:14.466;FGBS SI 20250306 PS;SIMPLE_INSTRUMENT;EFS;EUR;30;106.96500000;2626;EXCHANGE_LAST;;1;1;XEUR;11286681;690;
05.02.2025;14:24:09.479;FGBS SI 20250306 PS;SIMPLE_INSTRUMENT;EFS;EUR;31;106.96500000;2626;EXCHANGE_LAST;;1;1;XEUR;11286681;690;
05.02.2025;14:32:29.921;FGBS SI 20250306 PS;SIMPLE_INSTRUMENT;EFP_FIN;EUR;32;106.95000000;209;EXCHANGE_LAST;;1;1;XEUR;11286681;690;
05.02.2025;14:34:05.600;FGBS SI 20250306 PS;SIMPLE_INSTRUMENT;EFS;EUR;33;106.91000000;209;EXCHANGE_LAST;;1;1;XEUR;11286681;690;
05.02.2025;15:12:07.665;FGBS SI 20250306 PS;SIMPLE_INSTRUMENT;EFP_FIN;EUR;34;106.92000000;1309;EXCHANGE_LAST;;1;1;XEUR;11286681;690;
05.02.2025;15:51:51.844;FGBS SI 20250306 PS;SIMPLE_INSTRUMENT;EFP_FIN;EUR;35;106.96000000;468;EXCHANGE_LAST;;1;1;XEUR;11286681;690;
05.02.2025;15:58:41.354;FGBS SI 20250306 PS;SIMPLE_INSTRUMENT;EFS;EUR;36;106.95000000;2000;EXCHANGE_LAST;;1;1;XEUR;11286681;690;
05.02.2025;16:29:11.197;FGBS SI 20250306 PS;SIMPLE_INSTRUMENT;EFP_FIN;EUR;37;106.93000000;773;EXCHANGE_LAST;;1;1;XEUR;11286681;690;
05.02.2025;16:37:58.845;FGBS SI 20250306 PS;SIMPLE_INSTRUMENT;EFS;EUR;38;106.93000000;2734;EXCHANGE_LAST;;1;1;XEUR;11286681;690;
05.02.2025;16:41:54.806;FGBS SI 20250306 PS;SIMPLE_INSTRUMENT;EFP_FIN;EUR;39;106.93000000;718;EXCHANGE_LAST;;1;1;XEUR;11286681;690;
05.02.2025;17:05:42.023;FGBS SI 20250306 PS;SIMPLE_INSTRUMENT;EFP_FIN;EUR;40;106.92000000;444;EXCHANGE_LAST;;1;1;XEUR;11286681;690;
05.02.2025;18:00:57.678;FGBS SI 20250306 PS;SIMPLE_INSTRUMENT;EFP_FIN;EUR;41;106.93500000;157;EXCHANGE_LAST;;1;1;XEUR;11286681;690;
05.02.2025;08:37:55.877;FGBX SI 20250306 PS;SIMPLE_INSTRUMENT;BLOCK;EUR;1;131.34000000;370;EXCHANGE_LAST;;1;1;XEUR;11286682;691;
05.02.2025;09:11:44.129;FGBX SI 20250306 PS;SIMPLE_INSTRUMENT;EFP_FIN;EUR;5;131.54000000;149;EXCHANGE_LAST;;1;1;XEUR;11286682;691;
05.02.2025;09:33:29.916;FGBX SI 20250306 PS;SIMPLE_INSTRUMENT;BLOCK;EUR;6;131.56000000;276;EXCHANGE_LAST;;1;1;XEUR;11286682;691;
05.02.2025;10:38:47.013;FGBX SI 20250306 PS;SIMPLE_INSTRUMENT;EFS;EUR;14;131.82000000;92;EXCHANGE_LAST;;1;1;XEUR;11286682;691;
05.02.2025;10:46:44.718;FGBX SI 20250306 PS;SIMPLE_INSTRUMENT;EFP_FIN;EUR;15;131.80000000;371;EXCHANGE_LAST;;1;1;XEUR;11286682;691;
05.02.2025;11:15:08.888;FGBX SI 20250306 PS;SIMPLE_INSTRUMENT;EFS;EUR;16;131.84000000;354;EXCHANGE_LAST;;1;1;XEUR;11286682;691;
05.02.2025;12:04:34.254;FGBX SI 20250306 PS;SIMPLE_INSTRUMENT;EFP_FIN;EUR;18;131.86000000;369;EXCHANGE_LAST;;1;1;XEUR;11286682;691;
05.02.2025;12:07:13.661;FGBX SI 20250306 PS;SIMPLE_INSTRUMENT;BLOCK;EUR;19;131.86000000;180;EXCHANGE_LAST;;1;1;XEUR;11286682;691;
05.02.2025;12:42:45.589;FGBX SI 20250306 PS;SIMPLE_INSTRUMENT;EFP_FIN;EUR;21;132.12000000;149;EXCHANGE_LAST;;1;1;XEUR;11286682;691;
05.02.2025;13:49:43.378;FGBX SI 20250306 PS;SIMPLE_INSTRUMENT;EFS;EUR;23;132.38000000;184;EXCHANGE_LAST;;1;1;XEUR;11286682;691;
05.02.2025;13:55:15.266;FGBX SI 20250306 PS;SIMPLE_INSTRUMENT;EFS;EUR;24;132.24000000;159;EXCHANGE_LAST;;1;1;XEUR;11286682;691;
05.02.2025;14:29:24.574;FGBX SI 20250306 PS;SIMPLE_INSTRUMENT;EFP_FIN;EUR;26;131.96000000;372;EXCHANGE_LAST;;1;1;XEUR;11286682;691;
05.02.2025;15:10:14.523;FGBX SI 20250306 PS;SIMPLE_INSTRUMENT;EFP_FIN;EUR;30;132.42000000;371;EXCHANGE_LAST;;1;1;XEUR;11286682;691;
05.02.2025;15:43:34.728;FGBX SI 20250306 PS;SIMPLE_INSTRUMENT;EFS;EUR;31;132.24000000;367;EXCHANGE_LAST;;1;1;XEUR;11286682;691;
05.02.2025;16:24:36.301;FGBX SI 20250306 PS;SIMPLE_INSTRUMENT;EFP_FIN;EUR;33;132.22000000;186;EXCHANGE_LAST;;1;1;XEUR;11286682;691;
05.02.2025;11:32:02.499;FIA5.O.250205.COMBO.000003;STANDARD_OPTION_STRATEGY;BLOCK;EUR;5;0.07000000;1000;EXCHANGE_LAST;;1;1;XEUR;72264727425720031;48227;
05.02.2025;11:32:02.499;FIA5 SI 20251218 PS AM P 11.00 0;SIMPLE_INSTRUMENT;BLOCK;EUR;5;0.89950000;1000;PRC_DECOMP_EXCHANGE;;;;XEUR;12423828;48227;EXCHANGE
05.02.2025;11:32:02.499;FIA5 SI 20251218 PS AM C 14.00 0;SIMPLE_INSTRUMENT;BLOCK;EUR;5;0.82950000;1000;PRC_DECOMP_EXCHANGE;;;;XEUR;10385144;48227;EXCHANGE
05.02.2025;13:18:35.147;FIA5 SI 20261217 PS AM C 14.00 0;SIMPLE_INSTRUMENT;BLOCK;EUR;20;1.25000000;750;EXCHANGE_LAST;;1;1;XEUR;12423927;48227;
05.02.2025;07:46:02.178;FMAS SI 20250321 CS;SIMPLE_INSTRUMENT;BLOCK;USD;14;621.21000000;290;EXCHANGE_LAST;;1;1;XEUR;7589709;7061;
05.02.2025;01:34:59.665;FMAU SI 20250321 CS;SIMPLE_INSTRUMENT;BLOCK;USD;6;5736.16800000;76;EXCHANGE_LAST;;1;1;XEUR;7590511;45287;
05.02.2025;02:28:19.918;FMCH SI 20250321 CS;SIMPLE_INSTRUMENT;BLOCK;USD;8;529.89600000;442;EXCHANGE_LAST;;1;1;XEUR;7592069;402909;
05.02.2025;12:46:47.713;FMDK SI 20250321 CS;SIMPLE_INSTRUMENT;BLOCK;USD;40;8933.87200000;700;EXCHANGE_LAST;;1;1;XEUR;7590771;48919;
05.02.2025;10:49:07.872;FMEA SI 20250321 CS;SIMPLE_INSTRUMENT;BLOCK;USD;30;692.00000000;723;EXCHANGE_LAST;;1;1;XEUR;7589834;12395;
05.02.2025;10:50:56.655;FMEA SI 20260320 CS;SIMPLE_INSTRUMENT;BLOCK;USD;31;724.52400000;691;EXCHANGE_LAST;;1;1;XEUR;9209051;12395;
05.02.2025;11:11:42.788;FMEA SI 20250321 CS;SIMPLE_INSTRUMENT;BLOCK;USD;32;692.15000000;2890;EXCHANGE_LAST;;1;1;XEUR;7589834;12395;
05.02.2025;11:12:04.822;FMEA SI 20250620 CS;SIMPLE_INSTRUMENT;BLOCK;USD;33;700.24800000;2857;EXCHANGE_LAST;;1;1;XEUR;7938804;12395;
05.02.2025;07:49:43.617;FMED SI 20250321 CS;SIMPLE_INSTRUMENT;BLOCK;USD;15;9736.90000000;430;EXCHANGE_LAST;;1;1;XEUR;7590729;48144;
05.02.2025;08:04:29.595;FMED SI 20250321 CS;SIMPLE_INSTRUMENT;BLOCK;USD;23;9736.90000000;520;EXCHANGE_LAST;;1;1;XEUR;7590729;48144;
05.02.2025;08:04:22.898;FMED SI 20250321 CS;SIMPLE_INSTRUMENT;BLOCK;USD;24;9736.65000000;260;EXCHANGE_LAST;;1;1;XEUR;7590729;48144;
05.02.2025;08:04:44.464;FMED SI 20250321 CS;SIMPLE_INSTRUMENT;BLOCK;USD;25;9736.65000000;260;EXCHANGE_LAST;;1;1;XEUR;7590729;48144;
05.02.2025;09:15:25.625;FMED SI 20250321 CS;SIMPLE_INSTRUMENT;BLOCK;USD;28;9736.90000000;520;EXCHANGE_LAST;;1;1;XEUR;7590729;48144;
05.02.2025;15:20:24.129;FMEF SI 20250620 CS;SIMPLE_INSTRUMENT;BLOCK;USD;48;1103.00000000;360;EXCHANGE_LAST;;1;1;XEUR;7408968;30657;
05.02.2025;08:50:14.202;FMEN SI 20250321 CS;SIMPLE_INSTRUMENT;BLOCK;EUR;27;529.48000000;58;EXCHANGE_LAST;;1;1;XEUR;7590212;30652;
05.02.2025;07:51:45.705;FMES SI 20250321 CS;SIMPLE_INSTRUMENT;BLOCK;EUR;17;577.26300000;11;EXCHANGE_LAST;;1;1;XEUR;7591454;221291;
05.02.2025;12:07:57.482;FMES SI 20250321 CS;SIMPLE_INSTRUMENT;BLOCK;EUR;37;574.00000000;15;EXCHANGE_LAST;;1;1;XEUR;7591454;221291;
05.02.2025;07:51:13.840;FMGC SI 20250321 CS;SIMPLE_INSTRUMENT;BLOCK;USD;16;12979.46000000;59;EXCHANGE_LAST;;1;1;XEUR;7590767;48916;
05.02.2025;14:48:44.002;FMGO SI 20250321 CS;SIMPLE_INSTRUMENT;BLOCK;USD;46;5350.00000000;159;EXCHANGE_LAST;;1;1;XEUR;8609359;583623;
05.02.2025;01:36:55.279;FMHK SI 20250321 CS;SIMPLE_INSTRUMENT;BLOCK;USD;7;54938.00000000;34;EXCHANGE_LAST;;1;1;XEUR;7590500;45282;
05.02.2025;02:57:24.538;FMHK SI 20250321 CS;SIMPLE_INSTRUMENT;BLOCK;USD;10;55636.70000000;20;EXCHANGE_LAST;;1;1;XEUR;7590500;45282;
05.02.2025;08:31:08.829;FMID SI 20250321 CS;SIMPLE_INSTRUMENT;BLOCK;USD;2;1552.24600000;90;EXCHANGE_LAST;;1;1;XEUR;7590528;45289;
05.02.2025;00:49:24.305;FMIN SI 20250321 CS;SIMPLE_INSTRUMENT;BLOCK;USD;3;1216.15200000;58;EXCHANGE_LAST;;1;1;XEUR;7589865;12404;
05.02.2025;01:13:19.276;FMIN SI 20251219 CS;SIMPLE_INSTRUMENT;BLOCK;USD;4;1216.39400000;25;EXCHANGE_LAST;;1;1;XEUR;8837859;12404;
05.02.2025;05:38:08.903;FMIN SI 20250321 CS;SIMPLE_INSTRUMENT;BLOCK;USD;12;1216.15200000;25;EXCHANGE_LAST;;1;1;XEUR;7589865;12404;
05.02.2025;05:43:36.109;FMIN SI 20250321 CS;SIMPLE_INSTRUMENT;BLOCK;USD;13;1215.66900000;255;EXCHANGE_LAST;;1;1;XEUR;7589865;12404;
05.02.2025;11:35:06.212;FMIN SI 20250321 CS;SIMPLE_INSTRUMENT;BLOCK;USD;34;1212.20000000;42;EXCHANGE_LAST;;1;1;XEUR;7589865;12404;
05.02.2025;01:32:14.742;FMJP SI 20250321 CS;SIMPLE_INSTRUMENT;BLOCK;USD;5;8658.81900000;154;EXCHANGE_LAST;;1;1;XEUR;7588794;661;
05.02.2025;17:11:41.449;FMMX SI 20250321 CS;SIMPLE_INSTRUMENT;BLOCK;USD;51;605.80000000;53;EXCHANGE_LAST;;1;1;XEUR;7589867;12545;
05.02.2025;17:11:54.450;FMMX SI 20250321 CS;SIMPLE_INSTRUMENT;BLOCK;USD;52;605.90000000;187;EXCHANGE_LAST;;1;1;XEUR;7589867;12545;
05.02.2025;00:49:04.342;FMMY SI 20250321 CS;SIMPLE_INSTRUMENT;BLOCK;USD;2;380.92500000;40;EXCHANGE_LAST;;1;1;XEUR;7589866;12405;
05.02.2025;00:22:39.017;FMPA SI 20250321 CS;SIMPLE_INSTRUMENT;BLOCK;USD;1;8522.32600000;1127;EXCHANGE_LAST;;1;1;XEUR;7590728;48143;
05.02.2025;12:27:35.007;FMSA SI 20250321 CS;SIMPLE_INSTRUMENT;BLOCK;USD;39;1844.38000000;55;EXCHANGE_LAST;;1;1;XEUR;7591259;134861;
05.02.2025;12:06:00.814;FMSC SI 20250321 CS;SIMPLE_INSTRUMENT;EFP_IDX;USD;36;732.73900000;5;EXCHANGE_LAST;;1;1;XEUR;7591474;221303;
05.02.2025;01:39:53.199;FMTW SI 20250321 CS;SIMPLE_INSTRUMENT;BLOCK;USD;1;823.57700000;20;EXCHANGE_LAST;;1;1;XEUR;7590882;51884;
05.02.2025;11:22:52.304;FMUA SI 20250321 CS;SIMPLE_INSTRUMENT;BLOCK;USD;3;917.68100000;79;EXCHANGE_LAST;;1;1;XEUR;7590507;45284;
05.02.2025;15:16:26.749;FMUE SI 20250321 CS;SIMPLE_INSTRUMENT;BLOCK;USD;47;8435.00000000;560;EXCHANGE_LAST;;1;1;XEUR;7590733;48149;
05.02.2025;07:52:26.526;FMWN SI 20250321 CS;SIMPLE_INSTRUMENT;BLOCK;EUR;18;600.07600000;1843;EXCHANGE_LAST;;1;1;XEUR;7590222;30654;
05.02.2025;07:52:44.783;FMWN SI 20250321 CS;SIMPLE_INSTRUMENT;BLOCK;EUR;20;600.11500000;163;EXCHANGE_LAST;;1;1;XEUR;7590222;30654;
05.02.2025;07:52:37.968;FMWO SI 20250321 CS;SIMPLE_INSTRUMENT;EFP_IDX;USD;19;12183.46000000;362;EXCHANGE_LAST;;1;1;XEUR;7589707;7059;
05.02.2025;08:02:00.866;FMWO SI 20250321 CS;SIMPLE_INSTRUMENT;EFP_IDX;USD;22;12184.46000000;49;EXCHANGE_LAST;;1;1;XEUR;7589707;7059;
05.02.2025;13:42:00.094;FMWP SI 20250321 CS;SIMPLE_INSTRUMENT;BLOCK;USD;43;3837.00000000;525;EXCHANGE_LAST;;1;1;XEUR;7408973;30656;
05.02.2025;13:42:09.054;FMWP SI 20291221 CS;SIMPLE_INSTRUMENT;BLOCK;USD;44;4483.53500000;525;EXCHANGE_LAST;;1;1;XEUR;12515981;30656;
05.02.2025;08:00:21.450;FMWZ SI 20250321 CS;SIMPLE_INSTRUMENT;BLOCK;USD;21;1295.97000000;10;EXCHANGE_LAST;;1;1;XEUR;9508166;674556;
05.02.2025;08:54:13.695;FOAT SI 20250306 PS;SIMPLE_INSTRUMENT;EFP_FIN;EUR;2;124.43000000;312;EXCHANGE_LAST;;1;1;XEUR;11286683;749;
05.02.2025;09:05:15.090;FOAT SI 20250306 PS;SIMPLE_INSTRUMENT;EFP_FIN;EUR;3;124.47000000;223;EXCHANGE_LAST;;1;1;XEUR;11286683;749;
05.02.2025;09:05:31.984;FOAT SI 20250306 PS;SIMPLE_INSTRUMENT;EFP_FIN;EUR;4;124.46000000;834;EXCHANGE_LAST;;1;1;XEUR;11286683;749;
05.02.2025;09:06:17.359;FOAT SI 20250306 PS;SIMPLE_INSTRUMENT;EFP_FIN;EUR;5;124.46000000;834;EXCHANGE_LAST;;1;1;XEUR;11286683;749;
05.02.2025;09:15:24.351;FOAT SI 20250306 PS;SIMPLE_INSTRUMENT;EFP_FIN;EUR;6;124.43000000;134;EXCHANGE_LAST;;1;1;XEUR;11286683;749;
05.02.2025;09:22:52.288;FOAT SI 20250306 PS;SIMPLE_INSTRUMENT;EFP_FIN;EUR;8;124.58000000;834;EXCHANGE_LAST;;1;1;XEUR;11286683;749;
05.02.2025;09:25:10.949;FOAT SI 20250306 PS;SIMPLE_INSTRUMENT;EFP_FIN;EUR;9;124.55000000;834;EXCHANGE_LAST;;1;1;XEUR;11286683;749;
05.02.2025;09:33:21.915;FOAT SI 20250306 PS;SIMPLE_INSTRUMENT;BLOCK;EUR;10;124.46000000;1599;EXCHANGE_LAST;;1;1;XEUR;11286683;749;
05.02.2025;09:32:50.542;FOAT SI 20250306 PS;SIMPLE_INSTRUMENT;EFP_FIN;EUR;11;124.56000000;535;EXCHANGE_LAST;;1;1;XEUR;11286683;749;
05.02.2025;09:33:37.016;FOAT SI 20250306 PS;SIMPLE_INSTRUMENT;EFP_FIN;EUR;12;124.44000000;834;EXCHANGE_LAST;;1;1;XEUR;11286683;749;
05.02.2025;09:35:51.219;FOAT SI 20250306 PS;SIMPLE_INSTRUMENT;EFP_FIN;EUR;13;124.54000000;834;EXCHANGE_LAST;;1;1;XEUR;11286683;749;
05.02.2025;09:40:04.423;FOAT SI 20250306 PS;SIMPLE_INSTRUMENT;EFP_FIN;EUR;14;124.51000000;445;EXCHANGE_LAST;;1;1;XEUR;11286683;749;
05.02.2025;09:53:14.253;FOAT SI 20250306 PS;SIMPLE_INSTRUMENT;EFP_FIN;EUR;16;124.46000000;695;EXCHANGE_LAST;;1;1;XEUR;11286683;749;
05.02.2025;09:54:28.968;FOAT SI 20250306 PS;SIMPLE_INSTRUMENT;EFP_FIN;EUR;17;124.46000000;751;EXCHANGE_LAST;;1;1;XEUR;11286683;749;
05.02.2025;09:59:35.509;FOAT SI 20250306 PS;SIMPLE_INSTRUMENT;EFP_FIN;EUR;18;124.56000000;417;EXCHANGE_LAST;;1;1;XEUR;11286683;749;
05.02.2025;10:04:53.735;FOAT SI 20250306 PS;SIMPLE_INSTRUMENT;EFP_FIN;EUR;19;124.58000000;1001;EXCHANGE_LAST;;1;1;XEUR;11286683;749;
05.02.2025;10:15:11.032;FOAT SI 20250306 PS;SIMPLE_INSTRUMENT;BLOCK;EUR;20;124.56000000;1598;EXCHANGE_LAST;;1;1;XEUR;11286683;749;
05.02.2025;10:24:47.532;FOAT SI 20250306 PS;SIMPLE_INSTRUMENT;EFP_FIN;EUR;21;124.57000000;1015;EXCHANGE_LAST;;1;1;XEUR;11286683;749;
05.02.2025;10:25:09.999;FOAT SI 20250306 PS;SIMPLE_INSTRUMENT;EFP_FIN;EUR;22;124.62000000;1668;EXCHANGE_LAST;;1;1;XEUR;11286683;749;
05.02.2025;10:28:58.919;FOAT SI 20250306 PS;SIMPLE_INSTRUMENT;EFP_FIN;EUR;23;124.63000000;987;EXCHANGE_LAST;;1;1;XEUR;11286683;749;
05.02.2025;10:34:17.780;FOAT SI 20250306 PS;SIMPLE_INSTRUMENT;EFP_FIN;EUR;24;124.62000000;834;EXCHANGE_LAST;;1;1;XEUR;11286683;749;
05.02.2025;10:44:21.816;FOAT SI 20250306 PS;SIMPLE_INSTRUMENT;EFP_FIN;EUR;25;124.63000000;445;EXCHANGE_LAST;;1;1;XEUR;11286683;749;
05.02.2025;10:45:06.590;FOAT SI 20250306 PS;SIMPLE_INSTRUMENT;EFP_FIN;EUR;26;124.64000000;1252;EXCHANGE_LAST;;1;1;XEUR;11286683;749;
05.02.2025;10:45:56.319;FOAT SI 20250306 PS;SIMPLE_INSTRUMENT;EFP_FIN;EUR;27;124.62000000;127;EXCHANGE_LAST;;1;1;XEUR;11286683;749;
05.02.2025;10:50:27.775;FOAT SI 20250306 PS;SIMPLE_INSTRUMENT;EFP_FIN;EUR;28;124.62000000;132;EXCHANGE_LAST;;1;1;XEUR;11286683;749;
05.02.2025;10:50:51.105;FOAT SI 20250306 PS;SIMPLE_INSTRUMENT;EFP_FIN;EUR;29;124.61000000;98;EXCHANGE_LAST;;1;1;XEUR;11286683;749;
05.02.2025;10:54:16.118;FOAT SI 20250306 PS;SIMPLE_INSTRUMENT;EFP_FIN;EUR;30;124.62000000;313;EXCHANGE_LAST;;1;1;XEUR;11286683;749;
05.02.2025;10:58:53.005;FOAT SI 20250306 PS;SIMPLE_INSTRUMENT;EFP_FIN;EUR;31;124.55000000;666;EXCHANGE_LAST;;1;1;XEUR;11286683;749;
05.02.2025;10:59:59.715;FOAT SI 20250306 PS;SIMPLE_INSTRUMENT;EFP_FIN;EUR;32;124.60000000;834;EXCHANGE_LAST;;1;1;XEUR;11286683;749;
05.02.2025;11:06:18.056;FOAT SI 20250306 PS;SIMPLE_INSTRUMENT;EFP_FIN;EUR;33;124.60000000;834;EXCHANGE_LAST;;1;1;XEUR;11286683;749;
05.02.2025;11:15:13.079;FOAT SI 20250306 PS;SIMPLE_INSTRUMENT;EFP_FIN;EUR;34;124.59000000;417;EXCHANGE_LAST;;1;1;XEUR;11286683;749;
05.02.2025;11:22:45.216;FOAT SI 20250306 PS;SIMPLE_INSTRUMENT;EFP_FIN;EUR;35;124.62000000;513;EXCHANGE_LAST;;1;1;XEUR;11286683;749;
05.02.2025;11:23:18.489;FOAT SI 20250306 PS;SIMPLE_INSTRUMENT;BLOCK;EUR;36;124.56000000;1668;EXCHANGE_LAST;;1;1;XEUR;11286683;749;
05.02.2025;11:33:41.934;FOAT SI 20250306 PS;SIMPLE_INSTRUMENT;EFP_FIN;EUR;37;124.60000000;459;EXCHANGE_LAST;;1;1;XEUR;11286683;749;
05.02.2025;11:36:47.378;FOAT SI 20250306 PS;SIMPLE_INSTRUMENT;EFP_FIN;EUR;38;124.62000000;233;EXCHANGE_LAST;;1;1;XEUR;11286683;749;
05.02.2025;11:38:30.525;FOAT SI 20250306 PS;SIMPLE_INSTRUMENT;EFP_FIN;EUR;39;124.58000000;1986;EXCHANGE_LAST;;1;1;XEUR;11286683;749;
05.02.2025;11:39:58.580;FOAT SI 20250306 PS;SIMPLE_INSTRUMENT;BLOCK;EUR;40;124.62000000;1009;EXCHANGE_LAST;;1;1;XEUR;11286683;749;
05.02.2025;11:59:07.941;FOAT SI 20250306 PS;SIMPLE_INSTRUMENT;EFP_FIN;EUR;41;124.61000000;834;EXCHANGE_LAST;;1;1;XEUR;11286683;749;
05.02.2025;12:02:29.389;FOAT SI 20250306 PS;SIMPLE_INSTRUMENT;EFP_FIN;EUR;42;124.59000000;506;EXCHANGE_LAST;;1;1;XEUR;11286683;749;
05.02.2025;12:11:30.698;FOAT SI 20250306 PS;SIMPLE_INSTRUMENT;BLOCK;EUR;43;124.56000000;1075;EXCHANGE_LAST;;1;1;XEUR;11286683;749;
05.02.2025;12:16:05.268;FOAT SI 20250306 PS;SIMPLE_INSTRUMENT;EFP_FIN;EUR;44;124.61000000;917;EXCHANGE_LAST;;1;1;XEUR;11286683;749;
05.02.2025;13:14:34.989;FOAT SI 20250306 PS;SIMPLE_INSTRUMENT;EFP_FIN;EUR;45;124.64000000;799;EXCHANGE_LAST;;1;1;XEUR;11286683;749;
05.02.2025;13:17:16.037;FOAT SI 20250306 PS;SIMPLE_INSTRUMENT;BLOCK;EUR;46;124.60000000;709;EXCHANGE_LAST;;1;1;XEUR;11286683;749;
05.02.2025;13:31:18.100;FOAT SI 20250306 PS;SIMPLE_INSTRUMENT;EFP_FIN;EUR;47;124.63000000;1063;EXCHANGE_LAST;;1;1;XEUR;11286683;749;
05.02.2025;13:34:39.239;FOAT SI 20250306 PS;SIMPLE_INSTRUMENT;BLOCK;EUR;48;124.61000000;259;EXCHANGE_LAST;;1;1;XEUR;11286683;749;
05.02.2025;13:52:57.130;FOAT SI 20250306 PS;SIMPLE_INSTRUMENT;BLOCK;EUR;49;124.65000000;512;EXCHANGE_LAST;;1;1;XEUR;11286683;749;
05.02.2025;14:23:15.382;FOAT SI 20250306 PS;SIMPLE_INSTRUMENT;EFP_FIN;EUR;51;124.49000000;511;EXCHANGE_LAST;;1;1;XEUR;11286683;749;
05.02.2025;14:25:58.639;FOAT SI 20250306 PS;SIMPLE_INSTRUMENT;EFP_FIN;EUR;52;124.58000000;1792;EXCHANGE_LAST;;1;1;XEUR;11286683;749;
05.02.2025;14:28:46.917;FOAT SI 20250306 PS;SIMPLE_INSTRUMENT;EFP_FIN;EUR;53;124.53000000;417;EXCHANGE_LAST;;1;1;XEUR;11286683;749;
05.02.2025;14:52:30.130;FOAT SI 20250306 PS;SIMPLE_INSTRUMENT;EFP_FIN;EUR;54;124.65000000;417;EXCHANGE_LAST;;1;1;XEUR;11286683;749;
05.02.2025;14:57:49.384;FOAT SI 20250306 PS;SIMPLE_INSTRUMENT;EFP_FIN;EUR;55;124.59000000;132;EXCHANGE_LAST;;1;1;XEUR;11286683;749;
05.02.2025;15:08:01.535;FOAT SI 20250306 PS;SIMPLE_INSTRUMENT;EFP_FIN;EUR;56;124.61000000;769;EXCHANGE_LAST;;1;1;XEUR;11286683;749;
05.02.2025;15:14:25.559;FOAT SI 20250306 PS;SIMPLE_INSTRUMENT;EFP_FIN;EUR;57;124.68000000;334;EXCHANGE_LAST;;1;1;XEUR;11286683;749;
05.02.2025;15:42:29.301;FOAT SI 20250306 PS;SIMPLE_INSTRUMENT;EFP_FIN;EUR;58;124.68000000;789;EXCHANGE_LAST;;1;1;XEUR;11286683;749;
05.02.2025;15:48:31.724;FOAT SI 20250306 PS;SIMPLE_INSTRUMENT;EFP_FIN;EUR;59;124.65000000;421;EXCHANGE_LAST;;1;1;XEUR;11286683;749;
05.02.2025;16:08:21.587;FOAT SI 20250306 PS;SIMPLE_INSTRUMENT;EFP_FIN;EUR;60;124.59000000;834;EXCHANGE_LAST;;1;1;XEUR;11286683;749;
05.02.2025;16:14:22.094;FOAT SI 20250306 PS;SIMPLE_INSTRUMENT;BLOCK;EUR;61;124.57000000;1069;EXCHANGE_LAST;;1;1;XEUR;11286683;749;
05.02.2025;16:17:57.508;FOAT SI 20250306 PS;SIMPLE_INSTRUMENT;EFP_FIN;EUR;62;124.53000000;417;EXCHANGE_LAST;;1;1;XEUR;11286683;749;
05.02.2025;16:18:00.705;FOAT SI 20250306 PS;SIMPLE_INSTRUMENT;EFP_FIN;EUR;63;124.53000000;178;EXCHANGE_LAST;;1;1;XEUR;11286683;749;
05.02.2025;16:19:25.451;FOAT SI 20250306 PS;SIMPLE_INSTRUMENT;EFP_FIN;EUR;64;124.56000000;1668;EXCHANGE_LAST;;1;1;XEUR;11286683;749;
05.02.2025;16:25:52.027;FOAT SI 20250306 PS;SIMPLE_INSTRUMENT;EFP_FIN;EUR;65;124.54000000;1251;EXCHANGE_LAST;;1;1;XEUR;11286683;749;
05.02.2025;16:23:48.798;FOAT SI 20250306 PS;SIMPLE_INSTRUMENT;EFP_FIN;EUR;66;124.54000000;1043;EXCHANGE_LAST;;1;1;XEUR;11286683;749;
05.02.2025;16:26:56.142;FOAT SI 20250306 PS;SIMPLE_INSTRUMENT;EFP_FIN;EUR;67;124.57000000;126;EXCHANGE_LAST;;1;1;XEUR;11286683;749;
05.02.2025;16:28:52.146;FOAT SI 20250306 PS;SIMPLE_INSTRUMENT;EFP_FIN;EUR;68;124.56000000;834;EXCHANGE_LAST;;1;1;XEUR;11286683;749;
05.02.2025;16:34:44.656;FOAT SI 20250306 PS;SIMPLE_INSTRUMENT;EFP_FIN;EUR;69;124.53000000;417;EXCHANGE_LAST;;1;1;XEUR;11286683;749;
05.02.2025;16:37:18.740;FOAT SI 20250306 PS;SIMPLE_INSTRUMENT;EFP_FIN;EUR;70;124.52000000;834;EXCHANGE_LAST;;1;1;XEUR;11286683;749;
05.02.2025;16:40:14.100;FOAT SI 20250306 PS;SIMPLE_INSTRUMENT;EFP_FIN;EUR;71;124.54000000;1042;EXCHANGE_LAST;;1;1;XEUR;11286683;749;
05.02.2025;16:41:54.847;FOAT SI 20250306 PS;SIMPLE_INSTRUMENT;EFP_FIN;EUR;72;124.55000000;343;EXCHANGE_LAST;;1;1;XEUR;11286683;749;
05.02.2025;16:44:32.147;FOAT SI 20250306 PS;SIMPLE_INSTRUMENT;EFP_FIN;EUR;73;124.51000000;667;EXCHANGE_LAST;;1;1;XEUR;11286683;749;
05.02.2025;16:50:17.396;FOAT SI 20250306 PS;SIMPLE_INSTRUMENT;EFP_FIN;EUR;74;124.54000000;1668;EXCHANGE_LAST;;1;1;XEUR;11286683;749;
05.02.2025;16:52:14.662;FOAT SI 20250306 PS;SIMPLE_INSTRUMENT;EFP_FIN;EUR;75;124.54000000;177;EXCHANGE_LAST;;1;1;XEUR;11286683;749;
05.02.2025;16:54:07.621;FOAT SI 20250306 PS;SIMPLE_INSTRUMENT;EFP_FIN;EUR;76;124.15000000;2143;EXCHANGE_LAST;;1;1;XEUR;11286683;749;
05.02.2025;16:57:08.543;FOAT SI 20250306 PS;SIMPLE_INSTRUMENT;EFP_FIN;EUR;77;124.44000000;1397;EXCHANGE_LAST;;1;1;XEUR;11286683;749;
05.02.2025;16:59:14.869;FOAT SI 20250306 PS;SIMPLE_INSTRUMENT;EFP_FIN;EUR;78;124.46000000;1024;EXCHANGE_LAST;;1;1;XEUR;11286683;749;
05.02.2025;17:07:27.117;FOAT SI 20250306 PS;SIMPLE_INSTRUMENT;EFP_FIN;EUR;79;124.44000000;329;EXCHANGE_LAST;;1;1;XEUR;11286683;749;
05.02.2025;17:05:56.729;FOAT SI 20250306 PS;SIMPLE_INSTRUMENT;EFP_FIN;EUR;80;124.44000000;329;EXCHANGE_LAST;;1;1;XEUR;11286683;749;
05.02.2025;17:06:26.398;FOAT SI 20250306 PS;SIMPLE_INSTRUMENT;EFP_FIN;EUR;81;124.48000000;834;EXCHANGE_LAST;;1;1;XEUR;11286683;749;
05.02.2025;17:06:53.820;FOAT SI 20250306 PS;SIMPLE_INSTRUMENT;EFP_FIN;EUR;82;124.48000000;417;EXCHANGE_LAST;;1;1;XEUR;11286683;749;
05.02.2025;16:51:44.659;FSCP SI 20250321 CS;SIMPLE_INSTRUMENT;EFP_IDX;EUR;95;346.70000000;126;EXCHANGE_LAST;;1;1;XEUR;11360241;764;
05.02.2025;16:52:14.662;FSCP SI 20250321 CS;SIMPLE_INSTRUMENT;EFP_IDX;EUR;96;346.80000000;54;EXCHANGE_LAST;;1;1;XEUR;11360241;764;
05.02.2025;16:49:25.391;FSEG SI 20250321 CS;SIMPLE_INSTRUMENT;EFP_IDX;EUR;91;199.50000000;77;EXCHANGE_LAST;;1;1;XEUR;11393888;109977;
05.02.2025;16:49:35.654;FSEG SI 20250321 CS;SIMPLE_INSTRUMENT;EFP_IDX;EUR;92;199.40000000;307;EXCHANGE_LAST;;1;1;XEUR;11393888;109977;
05.02.2025;13:32:16.613;FSMI SI 20250321 CS;SIMPLE_INSTRUMENT;EFP_IDX;CHF;1;12500.00000000;200;EXCHANGE_LAST;;1;1;XEUR;7793721;757;
05.02.2025;13:45:45.922;FSMI SI 20250321 CS;SIMPLE_INSTRUMENT;EFP_IDX;CHF;2;12500.00000000;300;EXCHANGE_LAST;;1;1;XEUR;7793721;757;
05.02.2025;15:23:46.983;FSMI SI 20250321 CS;SIMPLE_INSTRUMENT;BLOCK;CHF;3;12500.00000000;500;EXCHANGE_LAST;;1;1;XEUR;7793721;757;
05.02.2025;16:34:48.284;FSMI SI 20250321 CS;SIMPLE_INSTRUMENT;EFP_IDX;CHF;4;12544.00000000;3;EXCHANGE_LAST;;1;1;XEUR;7793721;757;
05.02.2025;16:35:03.383;FSMI SI 20250321 CS;SIMPLE_INSTRUMENT;EFP_IDX;CHF;5;12545.00000000;47;EXCHANGE_LAST;;1;1;XEUR;7793721;757;
05.02.2025;16:37:49.284;FSMI SI 20250321 CS;SIMPLE_INSTRUMENT;EFP_IDX;CHF;6;12540.00000000;350;EXCHANGE_LAST;;1;1;XEUR;7793721;757;
05.02.2025;11:47:33.722;FSTA SI 20250321 CS;SIMPLE_INSTRUMENT;BLOCK;EUR;6;567.60000000;350;EXCHANGE_LAST;;1;1;XEUR;11359808;715;
05.02.2025;16:20:36.738;FSTA SI 20250321 CS;SIMPLE_INSTRUMENT;BLOCK;EUR;15;567.50000000;410;EXCHANGE_LAST;;1;1;XEUR;11359808;715;
05.02.2025;12:44:05.862;FSTA SI 20250321 CS;SIMPLE_INSTRUMENT;VOLA;EUR;603979826;569.00000000;61;EXCHANGE_LAST;;1;1;XEUR;11359808;715;
05.02.2025;12:45:01.664;FSTA SI 20250321 CS;SIMPLE_INSTRUMENT;VOLA;EUR;603979827;569.00000000;41;EXCHANGE_LAST;;1;1;XEUR;11359808;715;
05.02.2025;16:51:26.499;FSTB SI 20250321 CS;SIMPLE_INSTRUMENT;BLOCK;EUR;86;231.80000000;381;EXCHANGE_LAST;;1;1;XEUR;11359807;714;
05.02.2025;16:51:40.537;FSTB SI 20250321 CS;SIMPLE_INSTRUMENT;BLOCK;EUR;87;231.60000000;467;EXCHANGE_LAST;;1;1;XEUR;11359807;714;
05.02.2025;16:47:50.836;FSTB SI 20250321 CS;SIMPLE_INSTRUMENT;BLOCK;EUR;89;231.15000000;921;EXCHANGE_LAST;;1;1;XEUR;11359807;714;
05.02.2025;16:47:50.789;FSTB SI 20250321 CS;SIMPLE_INSTRUMENT;BLOCK;EUR;90;231.25000000;1428;EXCHANGE_LAST;;1;1;XEUR;11359807;714;
05.02.2025;15:36:08.213;FSTE SI 20250321 CS;SIMPLE_INSTRUMENT;BLOCK;EUR;13;354.80000000;392;EXCHANGE_LAST;;1;1;XEUR;11359812;719;
05.02.2025;15:36:08.234;FSTE SI 20250321 CS;SIMPLE_INSTRUMENT;BLOCK;EUR;14;355.20000000;433;EXCHANGE_LAST;;1;1;XEUR;11359812;719;
05.02.2025;16:39:53.851;FSTE SI 20250321 CS;SIMPLE_INSTRUMENT;BLOCK;EUR;16;355.00000000;380;EXCHANGE_LAST;;1;1;XEUR;11359812;719;
05.02.2025;16:39:51.091;FSTE SI 20250321 CS;SIMPLE_INSTRUMENT;BLOCK;EUR;17;355.50000000;620;EXCHANGE_LAST;;1;1;XEUR;11359812;719;
