#Date;TrdTime;Contract;ContractType;TrdTyp;Currency;TesId;Prc;Qty;TrdInd;Aggressor;Buy;Sell;Exch;InstrumentId;RelatedProdId;PrcDecomp
09.01.2025;15:10:25.008;A2SG SI 20261218 CS;SIMPLE_INSTRUMENT;BLOCK;EUR;60;1.49000000;400;EXCHANGE_LAST;;1;1;XEUR;6796964;14;
09.01.2025;15:33:45.818;A2SG SI 20261218 CS;SIMPLE_INSTRUMENT;BLOCK;EUR;63;1.49000000;200;EXCHANGE_LAST;;1;1;XEUR;6796964;14;
09.01.2025;11:23:04.682;A2XA SI 20261218 CS;SIMPLE_INSTRUMENT;BLOCK;EUR;24;2.15500000;375;EXCHANGE_LAST;;1;1;XEUR;4632093;17;
09.01.2025;12:08:28.532;A2XA SI 20261218 CS;SIMPLE_INSTRUMENT;BLOCK;EUR;28;2.15500000;125;EXCHANGE_LAST;;1;1;XEUR;4632093;17;
09.01.2025;12:06:53.555;A2XA SI 20261218 CS;SIMPLE_INSTRUMENT;BLOCK;EUR;32;2.15500000;350;EXCHANGE_LAST;;1;2;XEUR;4632093;17;
09.01.2025;16:07:47.350;A2XA SI 20250620 CS;SIMPLE_INSTRUMENT;BLOCK;EUR;76;2.12500000;1250;EXCHANGE_LAST;;2;1;XEUR;10827630;17;
09.01.2025;16:15:06.354;A2XA SI 20261218 CS;SIMPLE_INSTRUMENT;BLOCK;EUR;78;2.15500000;150;EXCHANGE_LAST;;1;1;XEUR;4632093;17;
09.01.2025;16:23:44.705;A2XA SI 20251219 CS;SIMPLE_INSTRUMENT;BLOCK;EUR;82;2.15000000;1170;EXCHANGE_LAST;;1;2;XEUR;3681055;17;
09.01.2025;11:21:44.347;ABBN SI 20250620 PS AM P 49.00 0;SIMPLE_INSTRUMENT;BLOCK;CHF;19;2.88000000;1500;EXCHANGE_LAST;;1;1;XEUR;11849036;574517;
09.01.2025;14:18:18.621;ADEN.O.250109.BER.000008;STANDARD_OPTION_STRATEGY;BLOCK;CHF;54;4.12000000;3100;EXCHANGE_LAST;;1;1;XEUR;72057783016515651;44;
09.01.2025;14:18:18.621;ADEN SI 20251219 PS AM P 24.00 0;SIMPLE_INSTRUMENT;BLOCK;CHF;54;5.00000000;3100;PRC_DECOMP_EXCHANGE;;;;XEUR;7509272;44;EXCHANGE
09.01.2025;14:18:18.621;ADEN SI 20251219 PS AM P 16.00 0;SIMPLE_INSTRUMENT;BLOCK;CHF;54;0.88000000;3100;PRC_DECOMP_EXCHANGE;;;;XEUR;8107771;44;EXCHANGE
09.01.2025;16:12:30.761;ADEN.O.250109.BER.000009;STANDARD_OPTION_STRATEGY;BLOCK;CHF;96;4.21000000;2000;EXCHANGE_LAST;;1;1;XEUR;72057783016515652;44;
09.01.2025;16:12:30.761;ADEN SI 20250620 PS AM P 24.00 0;SIMPLE_INSTRUMENT;BLOCK;CHF;96;4.72000000;2000;PRC_DECOMP_EXCHANGE;;;;XEUR;7897564;44;EXCHANGE
09.01.2025;16:12:30.761;ADEN SI 20250620 PS AM P 16.00 0;SIMPLE_INSTRUMENT;BLOCK;CHF;96;0.51000000;2000;PRC_DECOMP_EXCHANGE;;;;XEUR;8107886;44;EXCHANGE
09.01.2025;16:23:49.842;ADEN SI 20250620 PS AM C 26.00 0;SIMPLE_INSTRUMENT;BLOCK;CHF;98;0.22000000;1500;EXCHANGE_LAST;;1;1;XEUR;11347903;44;
09.01.2025;12:52:10.846;ADS.O.250109.COMBO.000007;STANDARD_OPTION_STRATEGY;BLOCK;EUR;8;-16.25000000;500;EXCHANGE_LAST;;1;1;XEUR;72057808786332303;50;
09.01.2025;12:52:10.846;ADS SI 20250919 PS AM P 160.00 0;SIMPLE_INSTRUMENT;BLOCK;EUR;8;2.40000000;500;PRC_DECOMP_EXCHANGE;;;;XEUR;11870823;50;EXCHANGE
09.01.2025;12:52:10.846;ADS SI 20250919 PS AM C 260.00 0;SIMPLE_INSTRUMENT;BLOCK;EUR;8;18.65000000;500;PRC_DECOMP_EXCHANGE;;;;XEUR;11870844;50;EXCHANGE
09.01.2025;11:07:22.076;ALC FI 20250205 CS EU C 79.1100 0;FLEXIBLE_INSTRUMENT;BLOCK;CHF;10;0.51000000;920;EXCHANGE_LAST;;1;1;XEUR;1153480425880956656;130134;
09.01.2025;09:37:59.802;ANN SI 20261218 PS AM P 24.00 0;SIMPLE_INSTRUMENT;BLOCK;EUR;2;2.71000000;1500;EXCHANGE_LAST;;1;1;XEUR;7733122;45202;
09.01.2025;11:39:03.583;ANN SI 20250221 PS AM C 30.50 0;SIMPLE_INSTRUMENT;BLOCK;EUR;5;0.37000000;750;EXCHANGE_LAST;;1;1;XEUR;12297288;45202;
09.01.2025;14:03:24.350;ANN SI 20291221 PS AM P 28.00 0;SIMPLE_INSTRUMENT;BLOCK;EUR;12;7.00000000;3000;EXCHANGE_LAST;;1;1;XEUR;12469700;45202;
09.01.2025;15:24:22.741;ANN SI 20260619 PS AM P 28.00 0;SIMPLE_INSTRUMENT;BLOCK;EUR;20;4.23000000;750;EXCHANGE_LAST;;1;1;XEUR;9576336;45202;
09.01.2025;16:12:23.917;ANN SI 20250620 PS AM C 30.00 0;SIMPLE_INSTRUMENT;BLOCK;EUR;23;1.44000000;750;EXCHANGE_LAST;;1;1;XEUR;9466244;45202;
09.01.2025;16:12:24.420;ANN SI 20250620 PS AM C 34.00 0;SIMPLE_INSTRUMENT;BLOCK;EUR;24;0.48000000;750;EXCHANGE_LAST;;1;1;XEUR;11386653;45202;
09.01.2025;14:10:13.885;AOM.O.250109.STD.000001;STANDARD_OPTION_STRATEGY;BLOCK;EUR;14;4.90000000;1500;EXCHANGE_LAST;;1;1;XEUR;72057971995059426;88;
09.01.2025;14:10:13.885;AOM SI 20250919 PS AM P 20.00 0;SIMPLE_INSTRUMENT;BLOCK;EUR;14;2.14000000;1500;PRC_DECOMP_EXCHANGE;;;;XEUR;11871804;88;EXCHANGE
09.01.2025;14:10:13.885;AOM SI 20250919 PS AM C 20.00 0;SIMPLE_INSTRUMENT;BLOCK;EUR;14;2.76000000;1500;PRC_DECOMP_EXCHANGE;;;;XEUR;11871809;88;EXCHANGE
09.01.2025;10:52:06.010;AXAG SI 20250321 CS;SIMPLE_INSTRUMENT;BLOCK;EUR;18;34.90250000;6000;EXCHANGE_LAST;;1;1;XEUR;10693637;125;
09.01.2025;09:42:04.341;B2AS SI 20251219 CS;SIMPLE_INSTRUMENT;BLOCK;EUR;5;2.22000000;500;EXCHANGE_LAST;;2;1;XEUR;3681119;140;
09.01.2025;11:42:51.823;B2AS SI 20261218 CS;SIMPLE_INSTRUMENT;BLOCK;EUR;26;2.12000000;50;EXCHANGE_LAST;;1;1;XEUR;4632165;140;
09.01.2025;12:00:22.849;B2AS SI 20261218 CS;SIMPLE_INSTRUMENT;BLOCK;EUR;31;2.12000000;100;EXCHANGE_LAST;;1;1;XEUR;4632165;140;
09.01.2025;12:24:05.673;B2AS SI 20251219 CS;SIMPLE_INSTRUMENT;BLOCK;EUR;33;2.22000000;100;EXCHANGE_LAST;;1;1;XEUR;3681119;140;
09.01.2025;13:25:08.525;B2NP SI 20261218 CS;SIMPLE_INSTRUMENT;BLOCK;EUR;47;4.55000000;100;EXCHANGE_LAST;;1;1;XEUR;6798320;131;
09.01.2025;14:54:05.674;B2NP SI 20251219 CS;SIMPLE_INSTRUMENT;BLOCK;EUR;55;5.22000000;200;EXCHANGE_LAST;;1;2;XEUR;5914355;131;
09.01.2025;16:11:40.891;B2NP SI 20261218 CS;SIMPLE_INSTRUMENT;BLOCK;EUR;77;4.59000000;120;EXCHANGE_LAST;;1;1;XEUR;6798320;131;
09.01.2025;14:53:00.142;B2SN SI 20251219 CS;SIMPLE_INSTRUMENT;BLOCK;EUR;56;2.20000000;50;EXCHANGE_LAST;;1;1;XEUR;5914360;133;
09.01.2025;14:42:31.261;BAEN FI 20250205 CS EU C 62.7000 0;FLEXIBLE_INSTRUMENT;BLOCK;CHF;64;0.69000000;450;EXCHANGE_LAST;;1;1;XEUR;1152922187506660058;159;
09.01.2025;10:11:49.650;BAN SI 20250919 PS AM P 48.00 0;SIMPLE_INSTRUMENT;BLOCK;CHF;1;2.12000000;750;EXCHANGE_LAST;;1;1;XEUR;11919799;298535;
09.01.2025;11:09:03.522;BARN FI 20250205 CS EU C 1190.0000 0;FLEXIBLE_INSTRUMENT;BLOCK;CHF;12;13.25000000;170;EXCHANGE_LAST;;1;1;XEUR;1152922144556981093;149;
09.01.2025;14:54:17.591;BARN SI 20250919 PS AM P 1000.00 0;SIMPLE_INSTRUMENT;BLOCK;CHF;73;41.50000000;250;EXCHANGE_LAST;;1;1;XEUR;11872515;149;
09.01.2025;15:12:58.115;BAS SI 20250321 PS AM P 42.00 0;SIMPLE_INSTRUMENT;BLOCK;EUR;7;1.98000000;2000;EXCHANGE_LAST;;1;1;XEUR;10830938;150;
09.01.2025;09:15:06.047;BASE SI 20250919 PS EU C 46.00 0;SIMPLE_INSTRUMENT;BLOCK;EUR;1;1.47000000;1250;EXCHANGE_LAST;;1;1;XEUR;11872932;151;
09.01.2025;09:14:36.908;BASE SI 20250919 PS EU C 46.00 0;SIMPLE_INSTRUMENT;BLOCK;EUR;2;1.48000000;1250;EXCHANGE_LAST;;1;1;XEUR;11872932;151;
09.01.2025;16:44:41.442;BASG SI 20250321 CS;SIMPLE_INSTRUMENT;BLOCK;EUR;91;42.14330000;630;EXCHANGE_LAST;;1;1;XEUR;10694474;171;
09.01.2025;09:53:28.333;BFS SI 20250321 PS AM P 20.00 0;SIMPLE_INSTRUMENT;BLOCK;EUR;7;1.38000000;500;EXCHANGE_LAST;;1;1;XEUR;10882852;412385;
09.01.2025;11:51:37.455;BNP.O.250109.STD.000005;STANDARD_OPTION_STRATEGY;BLOCK;EUR;6;13.13000000;2000;EXCHANGE_LAST;;1;1;XEUR;72058611945199768;237;
09.01.2025;11:51:37.455;BNP SI 20251219 PS AM C 52.00 0;SIMPLE_INSTRUMENT;BLOCK;EUR;6;9.59000000;2000;PRC_DECOMP_EXCHANGE;;;;XEUR;5923363;237;EXCHANGE
09.01.2025;11:51:37.455;BNP SI 20251219 PS AM P 52.00 0;SIMPLE_INSTRUMENT;BLOCK;EUR;6;3.54000000;2000;PRC_DECOMP_EXCHANGE;;;;XEUR;5923364;237;EXCHANGE
09.01.2025;12:13:22.207;BNP.O.250109.CDIA.000006;STANDARD_OPTION_STRATEGY;BLOCK;EUR;9;-0.72000000;3000;EXCHANGE_LAST;;1;1;XEUR;72058611945199769;237;
09.01.2025;12:13:22.207;BNP SI 20250117 PS AM C 59.00 0;SIMPLE_INSTRUMENT;BLOCK;EUR;9;1.39000000;3000;PRC_DECOMP_EXCHANGE;;;;XEUR;12070306;237;EXCHANGE
09.01.2025;12:13:22.207;BNP SI 20250620 PS AM C 70.00 0;SIMPLE_INSTRUMENT;BLOCK;EUR;9;0.67000000;3000;PRC_DECOMP_EXCHANGE;;;;XEUR;12372385;237;EXCHANGE
09.01.2025;16:00:10.159;BNP.O.250109.BR23.000007;STANDARD_OPTION_STRATEGY;BLOCK;EUR;22;-9.30000000;1250;EXCHANGE_LAST;;1;2;XEUR;72058611945199770;237;
09.01.2025;16:00:10.159;BNP SI 20281215 PS AM P 56.00 0;SIMPLE_INSTRUMENT;BLOCK;EUR;22;11.94000000;2500;PRC_DECOMP_EXCHANGE;;;;XEUR;10398960;237;EXCHANGE
09.01.2025;16:00:10.159;BNP SI 20281215 PS AM P 40.00 0;SIMPLE_INSTRUMENT;BLOCK;EUR;22;4.86000000;3750;PRC_DECOMP_EXCHANGE;;;;XEUR;10398940;237;EXCHANGE
09.01.2025;10:10:56.620;CBK.O.250109.COMBO.000007;STANDARD_OPTION_STRATEGY;BLOCK;EUR;7;-0.40000000;10000;EXCHANGE_LAST;;1;2;XEUR;72058745089203134;268;
09.01.2025;10:10:56.620;CBK SI 20260619 PS AM P 10.00 0;SIMPLE_INSTRUMENT;BLOCK;EUR;7;0.65000000;10000;PRC_DECOMP_EXCHANGE;;;;XEUR;9542165;268;EXCHANGE
09.01.2025;10:10:56.620;CBK SI 20260619 PS AM C 20.00 0;SIMPLE_INSTRUMENT;BLOCK;EUR;7;1.05000000;10000;PRC_DECOMP_EXCHANGE;;;;XEUR;9666939;268;EXCHANGE
09.01.2025;16:38:16.383;CBK.O.250109.RBER.000022;STANDARD_OPTION_STRATEGY;BLOCK;EUR;12;-0.64000000;12000;EXCHANGE_LAST;;2;2;XEUR;72058745089203149;268;
09.01.2025;16:38:16.383;CBK SI 20251219 PS AM P 12.00 0;SIMPLE_INSTRUMENT;BLOCK;EUR;12;0.57000000;24000;PRC_DECOMP_MEMBER;;;;XEUR;6472277;268;MEMBER
09.01.2025;16:38:16.383;CBK SI 20251219 PS AM P 16.00 0;SIMPLE_INSTRUMENT;BLOCK;EUR;12;1.78000000;12000;PRC_DECOMP_MEMBER;;;;XEUR;7372797;268;MEMBER
09.01.2025;11:07:46.051;CFR FI 20250205 CS EU C 148.0000 0;FLEXIBLE_INSTRUMENT;BLOCK;CHF;11;2.16000000;400;EXCHANGE_LAST;;1;1;XEUR;1152922848931627653;313;
09.01.2025;12:35:22.484;CFR SI 20251219 PS AM P 130.00 0;SIMPLE_INSTRUMENT;BLOCK;CHF;30;11.65000000;750;EXCHANGE_LAST;;1;1;XEUR;10944845;313;
09.01.2025;13:12:06.962;CFR.O.250109.COMBO.000006;STANDARD_OPTION_STRATEGY;BLOCK;CHF;39;0.05000000;2000;EXCHANGE_LAST;;1;2;XEUR;72058938362728292;313;
09.01.2025;13:12:06.962;CFR SI 20251219 PS AM P 120.00 0;SIMPLE_INSTRUMENT;BLOCK;CHF;39;7.82000000;2000;PRC_DECOMP_EXCHANGE;;;;XEUR;9996467;313;EXCHANGE
09.01.2025;13:12:06.962;CFR SI 20251219 PS AM C 160.00 0;SIMPLE_INSTRUMENT;BLOCK;CHF;39;7.77000000;2000;PRC_DECOMP_EXCHANGE;;;;XEUR;9996466;313;EXCHANGE
09.01.2025;14:46:48.932;CFR SI 20250620 PS AM P 110.00 0;SIMPLE_INSTRUMENT;BLOCK;CHF;69;2.10000000;300;EXCHANGE_LAST;;1;1;XEUR;11354574;313;
09.01.2025;14:49:23.951;CFR SI 20250620 PS AM P 120.00 0;SIMPLE_INSTRUMENT;BLOCK;CHF;71;3.65000000;300;EXCHANGE_LAST;;1;1;XEUR;9996501;313;
09.01.2025;16:12:40.326;CFR SI 20250321 PS AM C 150.00 0;SIMPLE_INSTRUMENT;BLOCK;CHF;95;3.62000000;1000;EXCHANGE_LAST;;1;2;XEUR;10834899;313;
09.01.2025;15:40:18.365;CGM SI 20271217 PS AM C 160.00 0;SIMPLE_INSTRUMENT;BLOCK;EUR;19;28.60000000;640;EXCHANGE_LAST;;1;2;XEUR;8777928;317;
09.01.2025;12:25:18.447;CRI5.O.250109.STD.000001;STANDARD_OPTION_STRATEGY;BLOCK;EUR;4;6.42000000;1000;EXCHANGE_LAST;;1;1;XEUR;72058968427474653;320;
09.01.2025;12:25:18.447;CRI5 SI 20250619 PS AM P 40.00 0;SIMPLE_INSTRUMENT;BLOCK;EUR;4;3.20550000;1000;PRC_DECOMP_EXCHANGE;;;;XEUR;9531010;320;EXCHANGE
09.01.2025;12:25:18.447;CRI5 SI 20250619 PS AM C 40.00 0;SIMPLE_INSTRUMENT;BLOCK;EUR;4;3.21450000;1000;PRC_DECOMP_EXCHANGE;;;;XEUR;9531009;320;EXCHANGE
09.01.2025;12:26:55.235;CRI5.O.250109.STD.000001;STANDARD_OPTION_STRATEGY;BLOCK;EUR;5;6.42000000;1500;EXCHANGE_LAST;;1;1;XEUR;72058968427474653;320;
09.01.2025;12:26:55.235;CRI5 SI 20250619 PS AM P 40.00 0;SIMPLE_INSTRUMENT;BLOCK;EUR;5;3.20550000;1500;PRC_DECOMP_MEMBER;;;;XEUR;9531010;320;MEMBER
09.01.2025;12:26:55.235;CRI5 SI 20250619 PS AM C 40.00 0;SIMPLE_INSTRUMENT;BLOCK;EUR;5;3.21450000;1500;PRC_DECOMP_MEMBER;;;;XEUR;9531009;320;MEMBER
09.01.2025;16:46:05.679;D2PW SI 20261218 CS;SIMPLE_INSTRUMENT;BLOCK;EUR;89;1.68000000;550;EXCHANGE_LAST;;3;2;XEUR;4632317;9702;
09.01.2025;16:46:16.700;D2PW SI 20271217 CS;SIMPLE_INSTRUMENT;BLOCK;EUR;90;1.55000000;200;EXCHANGE_LAST;;1;2;XEUR;5914516;9702;
09.01.2025;17:04:40.982;D2PW SI 20261218 CS;SIMPLE_INSTRUMENT;BLOCK;EUR;92;1.68000000;200;EXCHANGE_LAST;;1;1;XEUR;4632317;9702;
09.01.2025;16:04:02.862;D2TE SI 20250321 CS;SIMPLE_INSTRUMENT;BLOCK;EUR;74;0.00100000;1000;EXCHANGE_LAST;;2;1;XEUR;10400973;359;
09.01.2025;12:42:08.636;D3AI SI 20251219 CS;SIMPLE_INSTRUMENT;BLOCK;EUR;36;4.08000000;300;EXCHANGE_LAST;;1;2;XEUR;7144062;443197;
09.01.2025;13:01:29.825;D3AI SI 20250620 CS;SIMPLE_INSTRUMENT;BLOCK;EUR;43;4.02000000;100;EXCHANGE_LAST;;1;1;XEUR;10884356;443197;
09.01.2025;09:17:50.194;DAI.O.250109.COMBO.000007;STANDARD_OPTION_STRATEGY;BLOCK;EUR;5;1.46000000;1500;EXCHANGE_LAST;;1;1;XEUR;73961106363663566;443196;
09.01.2025;09:17:50.194;DAI SI 20250620 PS AM C 58.00 0;SIMPLE_INSTRUMENT;BLOCK;EUR;5;1.47000000;1500;PRC_DECOMP_EXCHANGE;;;;XEUR;10374217;443196;EXCHANGE
09.01.2025;09:17:50.194;DAI SI 20250620 PS AM P 48.00 0;SIMPLE_INSTRUMENT;BLOCK;EUR;5;2.93000000;1500;PRC_DECOMP_EXCHANGE;;;;XEUR;7934260;443196;EXCHANGE
09.01.2025;10:58:58.563;DAI SI 20250221 PS AM C 57.00 0;SIMPLE_INSTRUMENT;BLOCK;EUR;8;0.70000000;1500;EXCHANGE_LAST;;1;1;XEUR;12277895;443196;
09.01.2025;14:00:10.705;DAI SI 20250321 PS AM C 60.00 0;SIMPLE_INSTRUMENT;BLOCK;EUR;26;0.51000000;2250;EXCHANGE_LAST;;2;1;XEUR;10884520;443196;
09.01.2025;15:43:53.282;DAI.O.250109.STDT.000013;STANDARD_OPTION_STRATEGY;BLOCK;EUR;31;4.35000000;2750;EXCHANGE_LAST;;1;2;XEUR;73961106363663572;443196;
09.01.2025;15:43:53.282;DAI SI 20251219 PS AM C 52.00 0;SIMPLE_INSTRUMENT;BLOCK;EUR;31;5.10000000;2750;PRC_DECOMP_EXCHANGE;;;;XEUR;7144512;443196;EXCHANGE
09.01.2025;15:43:53.282;DAI SI 20261218 PS AM C 52.00 0;SIMPLE_INSTRUMENT;BLOCK;EUR;31;6.69000000;2750;PRC_DECOMP_EXCHANGE;;;;XEUR;7190093;443196;EXCHANGE
09.01.2025;15:43:53.282;DAI SI 20261218 PS AM P 52.00 0;SIMPLE_INSTRUMENT;BLOCK;EUR;31;8.45000000;2750;PRC_DECOMP_EXCHANGE;;;;XEUR;7190097;443196;EXCHANGE
09.01.2025;15:43:53.282;DAI SI 20251219 PS AM P 52.00 0;SIMPLE_INSTRUMENT;BLOCK;EUR;31;5.69000000;2750;PRC_DECOMP_EXCHANGE;;;;XEUR;7144530;443196;EXCHANGE
09.01.2025;15:48:16.703;DAI SI 20271217 PS AM P 52.00 0;SIMPLE_INSTRUMENT;BLOCK;EUR;33;10.10000000;1500;EXCHANGE_LAST;;2;1;XEUR;8833342;443196;
09.01.2025;16:19:25.279;DAI SI 20261218 PS AM C 60.00 0;SIMPLE_INSTRUMENT;BLOCK;EUR;35;3.56000000;750;EXCHANGE_LAST;;1;1;XEUR;7190187;443196;
09.01.2025;16:39:14.750;DAI.O.250109.STG.000014;STANDARD_OPTION_STRATEGY;BLOCK;EUR;37;8.85000000;1000;EXCHANGE_LAST;;1;1;XEUR;73961106363663573;443196;
09.01.2025;16:39:14.750;DAI SI 20251219 PS AM C 56.00 0;SIMPLE_INSTRUMENT;BLOCK;EUR;37;3.24000000;1000;PRC_DECOMP_EXCHANGE;;;;XEUR;7349883;443196;EXCHANGE
09.01.2025;16:39:14.750;DAI SI 20251219 PS AM P 52.00 0;SIMPLE_INSTRUMENT;BLOCK;EUR;37;5.61000000;1000;PRC_DECOMP_EXCHANGE;;;;XEUR;7144530;443196;EXCHANGE
09.01.2025;15:12:24.524;DBK SI 20281215 PS AM P 16.00 0;SIMPLE_INSTRUMENT;BLOCK;EUR;11;3.65000000;6000;EXCHANGE_LAST;;1;2;XEUR;10401707;362;
09.01.2025;11:05:23.397;DTE.N.250109.000004;NON_STANDARD_OPTION_STRATEGY;BLOCK;EUR;4;5.18000000;1500;EXCHANGE_LAST;;1;1;XEUR;72059415104107300;424;
09.01.2025;11:05:23.397;DTE SI 20250620 PS AM C 24.00 0;SIMPLE_INSTRUMENT;BLOCK;EUR;4;5.55000000;1500;PRC_DECOMP_EXCHANGE;;;;XEUR;7902006;424;EXCHANGE
09.01.2025;11:05:23.397;DTE SI 20251219 PS AM P 24.00 0;SIMPLE_INSTRUMENT;BLOCK;EUR;4;0.37000000;1500;PRC_DECOMP_EXCHANGE;;;;XEUR;5927134;424;EXCHANGE
09.01.2025;14:42:57.586;DTE.O.250109.BUL.000007;STANDARD_OPTION_STRATEGY;BLOCK;EUR;15;0.57000000;5500;EXCHANGE_LAST;;1;3;XEUR;72059415104107303;424;
09.01.2025;14:42:57.586;DTE SI 20251219 PS AM C 36.00 0;SIMPLE_INSTRUMENT;BLOCK;EUR;15;0.25000000;5500;PRC_DECOMP_EXCHANGE;;;;XEUR;8215292;424;EXCHANGE
09.01.2025;14:42:57.586;DTE SI 20251219 PS AM C 32.00 0;SIMPLE_INSTRUMENT;BLOCK;EUR;15;0.82000000;5500;PRC_DECOMP_EXCHANGE;;;;XEUR;7834488;424;EXCHANGE
09.01.2025;14:59:13.748;DTE SI 20250321 PS AM C 30.50 0;SIMPLE_INSTRUMENT;BLOCK;EUR;16;0.45000000;5250;EXCHANGE_LAST;;1;2;XEUR;12352710;424;
09.01.2025;15:36:14.974;DTE SI 20250620 PS AM P 28.00 0;SIMPLE_INSTRUMENT;BLOCK;EUR;22;0.91000000;5000;EXCHANGE_LAST;;2;1;XEUR;7902018;424;
09.01.2025;15:33:35.654;DTEF SI 20250321 CS;SIMPLE_INSTRUMENT;BLOCK;EUR;65;29.50540000;5000;EXCHANGE_LAST;;1;1;XEUR;10698021;430;
09.01.2025;16:04:00.217;DTEF SI 20250321 CS;SIMPLE_INSTRUMENT;BLOCK;EUR;73;29.39700000;10000;EXCHANGE_LAST;;2;1;XEUR;10698021;430;
09.01.2025;15:57:21.361;DVC SI 20251218 PS AM P 4.00 0;SIMPLE_INSTRUMENT;BLOCK;EUR;17;0.14000000;7675;EXCHANGE_LAST;;1;1;XEUR;10380871;420;
09.01.2025;15:59:56.782;DVC FI 20260618 PS AM P 3.4000 0;FLEXIBLE_INSTRUMENT;BLOCK;EUR;18;0.17100000;7675;EXCHANGE_LAST;;1;1;XEUR;1152923308493112301;420;
09.01.2025;09:17:35.341;E2DS SI 20251219 CS;SIMPLE_INSTRUMENT;BLOCK;EUR;3;1.00000000;500;EXCHANGE_LAST;;1;1;XEUR;5914565;151299;
09.01.2025;10:41:48.805;E2NL SI 20250321 CS;SIMPLE_INSTRUMENT;BLOCK;EUR;16;0.21500000;6090;EXCHANGE_LAST;;1;1;XEUR;10403435;471;
09.01.2025;11:58:28.656;E2NL SI 20250321 CS;SIMPLE_INSTRUMENT;BLOCK;EUR;30;0.21500000;4363;EXCHANGE_LAST;;1;1;XEUR;10403435;471;
09.01.2025;13:07:35.347;E2NL SI 20250321 CS;SIMPLE_INSTRUMENT;BLOCK;EUR;46;0.21500000;2610;EXCHANGE_LAST;;1;2;XEUR;10403435;471;
09.01.2025;10:02:49.007;E2NT SI 20261218 CS;SIMPLE_INSTRUMENT;BLOCK;EUR;6;0.98000000;1500;EXCHANGE_LAST;;3;1;XEUR;4632357;470;
09.01.2025;11:39:18.065;E2NT.S.DEC25.DEC27.SPD;FUTURES_SPREAD;BLOCK;EUR;25;0.12000000;300;EXCHANGE_LAST;;1;1;XEUR;72059612672557092;470;
09.01.2025;11:39:18.065;E2NT SI 20271217 CS;SIMPLE_INSTRUMENT;BLOCK;EUR;25;0.89000000;300;PRC_DECOMP_MEMBER;;;;XEUR;5914575;470;MEMBER
09.01.2025;11:39:18.065;E2NT SI 20251219 CS;SIMPLE_INSTRUMENT;BLOCK;EUR;25;1.01000000;300;PRC_DECOMP_MEMBER;;;;XEUR;3681294;470;MEMBER
09.01.2025;12:54:35.882;E2NT SI 20271217 CS;SIMPLE_INSTRUMENT;BLOCK;EUR;40;0.89500000;270;EXCHANGE_LAST;;1;1;XEUR;5914575;470;
09.01.2025;12:59:16.655;E2NT SI 20251219 CS;SIMPLE_INSTRUMENT;BLOCK;EUR;44;1.00500000;300;EXCHANGE_LAST;;1;1;XEUR;3681294;470;
09.01.2025;14:24:40.969;EMSN SI 20250620 PS AM P 557.38 1;SIMPLE_INSTRUMENT;BLOCK;CHF;55;9.90000000;350;EXCHANGE_LAST;;1;1;XEUR;9782987;26645;
09.01.2025;15:37:44.094;EMSN SI 20250620 PS AM P 560.00 0;SIMPLE_INSTRUMENT;BLOCK;CHF;84;11.75000000;1000;EXCHANGE_LAST;;1;1;XEUR;11685286;26645;
09.01.2025;10:41:46.496;ENLH.S.JAN25.MAR25.SPD;FUTURES_SPREAD;BLOCK;EUR;15;0.15400000;14000;EXCHANGE_LAST;;1;1;XEUR;74312348789112874;524976;
09.01.2025;10:41:46.496;ENLH SI 20250116 CS;SIMPLE_INSTRUMENT;BLOCK;EUR;15;6.99220000;14000;PRC_DECOMP_EXCHANGE;;;;XEUR;10390910;524976;EXCHANGE
09.01.2025;10:41:46.496;ENLH SI 20250320 CS;SIMPLE_INSTRUMENT;BLOCK;EUR;15;6.83820000;14000;PRC_DECOMP_EXCHANGE;;;;XEUR;10690796;524976;EXCHANGE
09.01.2025;11:58:27.448;ENLH SI 20250320 CS;SIMPLE_INSTRUMENT;BLOCK;EUR;29;6.80990000;10000;EXCHANGE_LAST;;1;1;XEUR;10690796;524976;
09.01.2025;10:25:47.042;ENR SI 20260619 PS AM C 100.00 0;SIMPLE_INSTRUMENT;BLOCK;EUR;3;2.40000000;1000;EXCHANGE_LAST;;1;1;XEUR;12336794;298530;
09.01.2025;15:18:49.249;ENR.O.250109.COMBO.000006;STANDARD_OPTION_STRATEGY;BLOCK;EUR;17;-1.50000000;2000;EXCHANGE_LAST;;1;1;XEUR;73339770624817627;298530;
09.01.2025;15:18:49.249;ENR SI 20250620 PS AM P 42.00 0;SIMPLE_INSTRUMENT;BLOCK;EUR;17;2.75000000;2000;PRC_DECOMP_EXCHANGE;;;;XEUR;11475589;298530;EXCHANGE
09.01.2025;15:18:49.249;ENR SI 20250620 PS AM C 60.00 0;SIMPLE_INSTRUMENT;BLOCK;EUR;17;4.25000000;2000;PRC_DECOMP_EXCHANGE;;;;XEUR;12193229;298530;EXCHANGE
09.01.2025;15:19:58.639;ENR SI 20251219 PS AM P 44.00 0;SIMPLE_INSTRUMENT;BLOCK;EUR;19;5.60000000;750;EXCHANGE_LAST;;1;1;XEUR;11109009;298530;
09.01.2025;12:37:30.409;EOA SI 20250117 PS AM C 11.40 0;SIMPLE_INSTRUMENT;BLOCK;EUR;16;0.05000000;8825;EXCHANGE_LAST;;1;1;XEUR;12095049;49065;
09.01.2025;12:37:30.429;EOA SI 20250117 PS AM C 11.40 0;SIMPLE_INSTRUMENT;BLOCK;EUR;17;0.06000000;8825;EXCHANGE_LAST;;1;1;XEUR;12095049;49065;
09.01.2025;13:56:36.185;EOA SI 20250117 PS AM C 11.40 0;SIMPLE_INSTRUMENT;BLOCK;EUR;24;0.06000000;3000;EXCHANGE_LAST;;1;1;XEUR;12095049;49065;
09.01.2025;13:56:57.549;EOA SI 20250117 PS AM C 11.40 0;SIMPLE_INSTRUMENT;BLOCK;EUR;25;0.07000000;3000;EXCHANGE_LAST;;1;1;XEUR;12095049;49065;
09.01.2025;09:41:42.505;EVK SI 20250321 PS AM P 16.00 0;SIMPLE_INSTRUMENT;BLOCK;EUR;4;0.45000000;4000;EXCHANGE_LAST;;2;1;XEUR;10862585;10806;
09.01.2025;10:33:00.351;F3IA SI 20251219 CS;SIMPLE_INSTRUMENT;BLOCK;EUR;13;0.49000000;1000;EXCHANGE_LAST;;1;1;XEUR;6633988;390387;
09.01.2025;10:55:52.724;F3IA SI 20251219 CS;SIMPLE_INSTRUMENT;BLOCK;EUR;19;0.49000000;650;EXCHANGE_LAST;;1;1;XEUR;6633988;390387;
09.01.2025;17:10:57.698;F3IA SI 20250321 CS;SIMPLE_INSTRUMENT;BLOCK;EUR;95;0.00100000;4607;EXCHANGE_LAST;;1;1;XEUR;10452742;390387;
09.01.2025;16:02:06.429;F3TE SI 20261218 CS;SIMPLE_INSTRUMENT;BLOCK;EUR;72;0.70000000;200;EXCHANGE_LAST;;1;1;XEUR;6633899;390379;
09.01.2025;16:59:26.814;FATX SI 20250321 CS;SIMPLE_INSTRUMENT;EFP_IDX;EUR;10;3660.50000000;32;EXCHANGE_LAST;;1;1;XEUR;11385582;28699;
09.01.2025;16:59:26.814;FATX SI 20250321 CS;SIMPLE_INSTRUMENT;EFP_IDX;EUR;11;3664.50000000;33;EXCHANGE_LAST;;1;1;XEUR;11385582;28699;
09.01.2025;08:33:39.346;FBTP SI 20250306 PS;SIMPLE_INSTRUMENT;EFP_FIN;EUR;1;118.57000000;818;EXCHANGE_LAST;;1;1;XEUR;11286675;636;
09.01.2025;08:46:35.028;FBTP SI 20250306 PS;SIMPLE_INSTRUMENT;BLOCK;EUR;2;118.54000000;755;EXCHANGE_LAST;;1;1;XEUR;11286675;636;
09.01.2025;08:47:25.640;FBTP SI 20250306 PS;SIMPLE_INSTRUMENT;BLOCK;EUR;3;118.59000000;409;EXCHANGE_LAST;;1;1;XEUR;11286675;636;
09.01.2025;09:00:48.972;FBTP SI 20250306 PS;SIMPLE_INSTRUMENT;EFP_FIN;EUR;4;118.55000000;586;EXCHANGE_LAST;;1;1;XEUR;11286675;636;
09.01.2025;09:51:04.618;FBTP SI 20250306 PS;SIMPLE_INSTRUMENT;EFP_FIN;EUR;5;118.58000000;113;EXCHANGE_LAST;;1;1;XEUR;11286675;636;
09.01.2025;10:38:07.419;FBTP SI 20250306 PS;SIMPLE_INSTRUMENT;EFP_FIN;EUR;6;118.35000000;448;EXCHANGE_LAST;;1;1;XEUR;11286675;636;
09.01.2025;10:54:00.143;FBTP SI 20250306 PS;SIMPLE_INSTRUMENT;EFP_FIN;EUR;7;118.40000000;290;EXCHANGE_LAST;;1;1;XEUR;11286675;636;
09.01.2025;11:00:01.043;FBTP SI 20250306 PS;SIMPLE_INSTRUMENT;EFP_FIN;EUR;8;118.44000000;1258;EXCHANGE_LAST;;1;1;XEUR;11286675;636;
09.01.2025;11:00:45.527;FBTP SI 20250306 PS;SIMPLE_INSTRUMENT;EFP_FIN;EUR;9;118.44000000;1209;EXCHANGE_LAST;;1;1;XEUR;11286675;636;
09.01.2025;11:09:53.597;FBTP SI 20250306 PS;SIMPLE_INSTRUMENT;EFP_FIN;EUR;10;118.44000000;503;EXCHANGE_LAST;;1;1;XEUR;11286675;636;
09.01.2025;11:13:05.647;FBTP SI 20250306 PS;SIMPLE_INSTRUMENT;EFP_FIN;EUR;11;118.46000000;468;EXCHANGE_LAST;;1;1;XEUR;11286675;636;
09.01.2025;11:47:04.203;FBTP SI 20250306 PS;SIMPLE_INSTRUMENT;EFP_FIN;EUR;12;118.42000000;292;EXCHANGE_LAST;;1;1;XEUR;11286675;636;
09.01.2025;12:20:18.638;FBTP SI 20250306 PS;SIMPLE_INSTRUMENT;EFP_FIN;EUR;13;118.56000000;224;EXCHANGE_LAST;;1;1;XEUR;11286675;636;
09.01.2025;12:25:46.722;FBTP SI 20250306 PS;SIMPLE_INSTRUMENT;EFP_FIN;EUR;14;118.53000000;671;EXCHANGE_LAST;;1;1;XEUR;11286675;636;
09.01.2025;13:06:44.545;FBTP SI 20250306 PS;SIMPLE_INSTRUMENT;EFP_FIN;EUR;15;118.62000000;671;EXCHANGE_LAST;;1;1;XEUR;11286675;636;
09.01.2025;13:10:08.921;FBTP SI 20250306 PS;SIMPLE_INSTRUMENT;BLOCK;EUR;16;118.60000000;1000;EXCHANGE_LAST;;1;1;XEUR;11286675;636;
09.01.2025;13:11:12.819;FBTP SI 20250306 PS;SIMPLE_INSTRUMENT;EFP_FIN;EUR;17;118.62000000;895;EXCHANGE_LAST;;1;1;XEUR;11286675;636;
09.01.2025;13:15:22.645;FBTP SI 20250306 PS;SIMPLE_INSTRUMENT;EFP_FIN;EUR;18;118.63000000;122;EXCHANGE_LAST;;1;1;XEUR;11286675;636;
09.01.2025;13:17:30.803;FBTP SI 20250306 PS;SIMPLE_INSTRUMENT;EFP_FIN;EUR;19;118.63000000;68;EXCHANGE_LAST;;1;1;XEUR;11286675;636;
09.01.2025;13:22:44.645;FBTP SI 20250306 PS;SIMPLE_INSTRUMENT;EFP_FIN;EUR;20;118.55000000;448;EXCHANGE_LAST;;1;1;XEUR;11286675;636;
09.01.2025;13:23:23.669;FBTP SI 20250306 PS;SIMPLE_INSTRUMENT;EFP_FIN;EUR;21;118.55000000;376;EXCHANGE_LAST;;1;1;XEUR;11286675;636;
09.01.2025;13:24:17.573;FBTP SI 20250306 PS;SIMPLE_INSTRUMENT;EFP_FIN;EUR;22;118.61000000;243;EXCHANGE_LAST;;1;1;XEUR;11286675;636;
09.01.2025;13:24:22.186;FBTP SI 20250306 PS;SIMPLE_INSTRUMENT;EFP_FIN;EUR;23;118.59000000;1343;EXCHANGE_LAST;;1;1;XEUR;11286675;636;
09.01.2025;13:24:42.312;FBTP SI 20250306 PS;SIMPLE_INSTRUMENT;EFP_FIN;EUR;24;118.54000000;448;EXCHANGE_LAST;;1;1;XEUR;11286675;636;
09.01.2025;13:41:08.607;FBTP SI 20250306 PS;SIMPLE_INSTRUMENT;EFP_FIN;EUR;25;118.62000000;145;EXCHANGE_LAST;;1;1;XEUR;11286675;636;
09.01.2025;13:49:05.601;FBTP SI 20250306 PS;SIMPLE_INSTRUMENT;EFP_FIN;EUR;26;118.69000000;1164;EXCHANGE_LAST;;1;1;XEUR;11286675;636;
09.01.2025;14:00:22.616;FBTP SI 20250306 PS;SIMPLE_INSTRUMENT;EFP_FIN;EUR;27;118.68000000;484;EXCHANGE_LAST;;1;1;XEUR;11286675;636;
09.01.2025;14:42:21.512;FBTP SI 20250306 PS;SIMPLE_INSTRUMENT;EFP_FIN;EUR;28;118.62000000;242;EXCHANGE_LAST;;1;1;XEUR;11286675;636;
09.01.2025;15:46:45.181;FBTP SI 20250306 PS;SIMPLE_INSTRUMENT;EFP_FIN;EUR;29;118.41000000;76;EXCHANGE_LAST;;1;1;XEUR;11286675;636;
09.01.2025;15:55:25.224;FBTP SI 20250306 PS;SIMPLE_INSTRUMENT;EFP_FIN;EUR;30;118.49000000;168;EXCHANGE_LAST;;1;1;XEUR;11286675;636;
09.01.2025;15:56:50.793;FBTP SI 20250306 PS;SIMPLE_INSTRUMENT;EFP_FIN;EUR;31;118.52000000;895;EXCHANGE_LAST;;1;1;XEUR;11286675;636;
09.01.2025;16:00:06.926;FBTP SI 20250306 PS;SIMPLE_INSTRUMENT;EFP_FIN;EUR;32;118.54000000;290;EXCHANGE_LAST;;1;1;XEUR;11286675;636;
09.01.2025;16:05:13.740;FBTP SI 20250306 PS;SIMPLE_INSTRUMENT;EFP_FIN;EUR;33;118.51000000;191;EXCHANGE_LAST;;1;1;XEUR;11286675;636;
09.01.2025;16:21:52.567;FBTP SI 20250306 PS;SIMPLE_INSTRUMENT;EFP_FIN;EUR;34;118.52000000;470;EXCHANGE_LAST;;1;1;XEUR;11286675;636;
09.01.2025;16:39:25.881;FBTP SI 20250306 PS;SIMPLE_INSTRUMENT;EFP_FIN;EUR;35;118.53000000;190;EXCHANGE_LAST;;1;1;XEUR;11286675;636;
09.01.2025;16:40:38.886;FBTP SI 20250306 PS;SIMPLE_INSTRUMENT;EFP_FIN;EUR;36;118.53000000;68;EXCHANGE_LAST;;1;1;XEUR;11286675;636;
09.01.2025;16:41:55.890;FBTP SI 20250306 PS;SIMPLE_INSTRUMENT;EFP_FIN;EUR;37;118.53000000;168;EXCHANGE_LAST;;1;1;XEUR;11286675;636;
09.01.2025;08:56:51.657;FBTS SI 20250306 PS;SIMPLE_INSTRUMENT;EFP_FIN;EUR;2;107.09000000;454;EXCHANGE_LAST;;1;1;XEUR;11286677;639;
09.01.2025;08:59:51.973;FBTS SI 20250306 PS;SIMPLE_INSTRUMENT;EFP_FIN;EUR;4;107.08000000;908;EXCHANGE_LAST;;1;1;XEUR;11286677;639;
09.01.2025;09:19:03.226;FBTS SI 20250306 PS;SIMPLE_INSTRUMENT;BLOCK;EUR;6;107.05000000;2317;EXCHANGE_LAST;;1;1;XEUR;11286677;639;
09.01.2025;09:35:28.450;FBTS SI 20250306 PS;SIMPLE_INSTRUMENT;EFP_FIN;EUR;7;107.03000000;1596;EXCHANGE_LAST;;1;1;XEUR;11286677;639;
09.01.2025;12:31:21.337;FBTS SI 20250306 PS;SIMPLE_INSTRUMENT;EFP_FIN;EUR;25;107.08000000;427;EXCHANGE_LAST;;1;1;XEUR;11286677;639;
09.01.2025;13:05:36.663;FBTS SI 20250306 PS;SIMPLE_INSTRUMENT;EFP_FIN;EUR;28;107.09000000;613;EXCHANGE_LAST;;1;1;XEUR;11286677;639;
09.01.2025;13:50:01.618;FBTS SI 20250306 PS;SIMPLE_INSTRUMENT;EFP_FIN;EUR;30;107.08000000;303;EXCHANGE_LAST;;1;1;XEUR;11286677;639;
09.01.2025;14:28:06.475;FBTS SI 20250306 PS;SIMPLE_INSTRUMENT;EFP_FIN;EUR;35;107.04000000;1069;EXCHANGE_LAST;;1;1;XEUR;11286677;639;
09.01.2025;14:30:51.076;FBTS SI 20250306 PS;SIMPLE_INSTRUMENT;EFP_FIN;EUR;36;107.05000000;1373;EXCHANGE_LAST;;1;1;XEUR;11286677;639;
09.01.2025;15:07:56.929;FBTS SI 20250306 PS;SIMPLE_INSTRUMENT;EFP_FIN;EUR;37;107.08000000;454;EXCHANGE_LAST;;1;1;XEUR;11286677;639;
09.01.2025;15:35:27.443;FBTS SI 20250306 PS;SIMPLE_INSTRUMENT;EFP_FIN;EUR;39;107.07000000;227;EXCHANGE_LAST;;1;1;XEUR;11286677;639;
09.01.2025;16:21:05.300;FBTS SI 20250306 PS;SIMPLE_INSTRUMENT;EFP_FIN;EUR;44;107.04000000;1482;EXCHANGE_LAST;;1;1;XEUR;11286677;639;
09.01.2025;16:22:44.041;FBTS SI 20250306 PS;SIMPLE_INSTRUMENT;EFP_FIN;EUR;45;107.05000000;1761;EXCHANGE_LAST;;1;1;XEUR;11286677;639;
09.01.2025;16:11:32.540;FDAX SI 20250321 CS;SIMPLE_INSTRUMENT;BLOCK;EUR;1;20455.00000000;350;EXCHANGE_LAST;;1;1;XEUR;7561255;589;
09.01.2025;16:18:39.734;FDAX SI 20250321 CS;SIMPLE_INSTRUMENT;BLOCK;EUR;2;20455.00000000;300;EXCHANGE_LAST;;1;1;XEUR;7561255;589;
09.01.2025;11:07:45.605;FDAX SI 20250321 CS;SIMPLE_INSTRUMENT;VOLA;EUR;671088642;20440.00000000;36;EXCHANGE_LAST;;1;1;XEUR;7561255;589;
09.01.2025;16:40:16.070;FEBD SI 20251219 CS;SIMPLE_INSTRUMENT;BLOCK;EUR;41;10.39000000;1500;EXCHANGE_LAST;;2;2;XEUR;5914075;597;
09.01.2025;09:34:15.767;FECX SI 20250321 CS;SIMPLE_INSTRUMENT;BLOCK;EUR;7;165.10000000;61;EXCHANGE_LAST;;1;1;XEUR;11427948;410158;
09.01.2025;14:02:37.080;FECX SI 20250321 CS;SIMPLE_INSTRUMENT;BLOCK;EUR;23;165.03000000;374;EXCHANGE_LAST;;1;1;XEUR;11427948;410158;
09.01.2025;14:05:50.284;FECX SI 20250321 CS;SIMPLE_INSTRUMENT;BLOCK;EUR;24;165.03000000;234;EXCHANGE_LAST;;1;1;XEUR;11427948;410158;
09.01.2025;16:09:05.699;FES1 SI 20250321 PS;SIMPLE_INSTRUMENT;BLOCK;EUR;39;15.50000000;500;EXCHANGE_LAST;;1;1;XEUR;11391470;58959;
09.01.2025;13:49:53.546;FESB SI 20250321 CS;SIMPLE_INSTRUMENT;VOLA;EUR;603979807;149.00000000;150;EXCHANGE_LAST;;1;1;XEUR;11359072;605;
09.01.2025;09:41:17.103;FESX SI 20250321 CS;SIMPLE_INSTRUMENT;BLOCK;EUR;1;5001.00000000;3750;EXCHANGE_LAST;;1;1;XEUR;7793482;675;
09.01.2025;09:41:09.103;FESX SI 20250321 CS;SIMPLE_INSTRUMENT;BLOCK;EUR;2;5000.00000000;11250;EXCHANGE_LAST;;1;1;XEUR;7793482;675;
09.01.2025;10:03:42.451;FESX SI 20250321 CS;SIMPLE_INSTRUMENT;BLOCK;EUR;3;5000.00000000;2000;EXCHANGE_LAST;;1;1;XEUR;7793482;675;
09.01.2025;12:47:52.870;FESX SI 20250321 CS;SIMPLE_INSTRUMENT;BLOCK;EUR;4;5020.00000000;2000;EXCHANGE_LAST;;1;1;XEUR;7793482;675;
09.01.2025;14:03:03.418;FESX SI 20250321 CS;SIMPLE_INSTRUMENT;EFP_IDX;EUR;5;5028.00000000;1000;EXCHANGE_LAST;;1;1;XEUR;7793482;675;
09.01.2025;14:38:39.125;FESX SI 20250321 CS;SIMPLE_INSTRUMENT;EFP_IDX;EUR;6;5030.00000000;1000;EXCHANGE_LAST;;1;1;XEUR;7793482;675;
09.01.2025;14:37:42.156;FESX SI 20250321 CS;SIMPLE_INSTRUMENT;EFP_IDX;EUR;7;5030.00000000;1000;EXCHANGE_LAST;;1;1;XEUR;7793482;675;
09.01.2025;15:38:00.850;FESX SI 20250321 CS;SIMPLE_INSTRUMENT;EFP_IDX;EUR;8;5030.00000000;1000;EXCHANGE_LAST;;1;1;XEUR;7793482;675;
09.01.2025;16:15:27.042;FESX SI 20250321 CS;SIMPLE_INSTRUMENT;BLOCK;EUR;9;5035.00000000;4000;EXCHANGE_LAST;;1;1;XEUR;7793482;675;
09.01.2025;16:50:02.336;FESX SI 20250321 CS;SIMPLE_INSTRUMENT;EFP_IDX;EUR;10;5033.00000000;1770;EXCHANGE_LAST;;1;1;XEUR;7793482;675;
09.01.2025;16:50:02.336;FESX SI 20250321 CS;SIMPLE_INSTRUMENT;EFP_IDX;EUR;11;5034.00000000;1230;EXCHANGE_LAST;;1;1;XEUR;7793482;675;
09.01.2025;16:51:44.108;FESX SI 20250321 CS;SIMPLE_INSTRUMENT;EFP_IDX;EUR;12;5033.00000000;297;EXCHANGE_LAST;;1;1;XEUR;7793482;675;
09.01.2025;16:52:11.196;FESX SI 20250321 CS;SIMPLE_INSTRUMENT;EFP_IDX;EUR;13;5034.00000000;206;EXCHANGE_LAST;;1;1;XEUR;7793482;675;
09.01.2025;18:05:06.066;FESX SI 20250321 CS;SIMPLE_INSTRUMENT;BLOCK;EUR;15;5039.00000000;4000;EXCHANGE_LAST;;1;1;XEUR;7793482;675;
09.01.2025;09:01:47.288;FESX SI 20250321 CS;SIMPLE_INSTRUMENT;VOLA;EUR;637534217;5007.00000000;287;EXCHANGE_LAST;;1;1;XEUR;7793482;675;
09.01.2025;09:30:28.692;FESX SI 20250321 CS;SIMPLE_INSTRUMENT;VOLA;EUR;637534227;5002.00000000;74;EXCHANGE_LAST;;1;1;XEUR;7793482;675;
09.01.2025;09:31:58.617;FESX SI 20250321 CS;SIMPLE_INSTRUMENT;VOLA;EUR;637534228;5003.00000000;74;EXCHANGE_LAST;;1;1;XEUR;7793482;675;
09.01.2025;09:55:34.857;FESX SI 20250321 CS;SIMPLE_INSTRUMENT;VOLA;EUR;637534235;5002.00000000;420;EXCHANGE_LAST;;1;1;XEUR;7793482;675;
09.01.2025;09:55:57.907;FESX SI 20250321 CS;SIMPLE_INSTRUMENT;VOLA;EUR;637534237;5000.00000000;41;EXCHANGE_LAST;;1;1;XEUR;7793482;675;
09.01.2025;13:01:04.123;FESX SI 20250321 CS;SIMPLE_INSTRUMENT;VOLA;EUR;637534269;5019.00000000;513;EXCHANGE_LAST;;1;1;XEUR;7793482;675;
09.01.2025;13:29:09.311;FESX SI 20250321 CS;SIMPLE_INSTRUMENT;VOLA;EUR;637534273;5030.00000000;150;EXCHANGE_LAST;;1;1;XEUR;7793482;675;
09.01.2025;15:04:39.476;FESX SI 20250321 CS;SIMPLE_INSTRUMENT;VOLA;EUR;637534295;5030.00000000;990;EXCHANGE_LAST;;1;1;XEUR;7793482;675;
09.01.2025;15:52:05.577;FESX SI 20250321 CS;SIMPLE_INSTRUMENT;VOLA;EUR;637534309;5032.00000000;450;EXCHANGE_LAST;;1;1;XEUR;7793482;675;
09.01.2025;15:52:27.225;FESX SI 20250321 CS;SIMPLE_INSTRUMENT;VOLA;EUR;637534310;5032.00000000;450;EXCHANGE_LAST;;1;1;XEUR;7793482;675;
09.01.2025;16:08:58.752;FESX SI 20250321 CS;SIMPLE_INSTRUMENT;VOLA;EUR;637534317;5032.00000000;315;EXCHANGE_LAST;;1;1;XEUR;7793482;675;
09.01.2025;16:09:05.206;FESX SI 20250321 CS;SIMPLE_INSTRUMENT;VOLA;EUR;637534318;5032.00000000;315;EXCHANGE_LAST;;1;1;XEUR;7793482;675;
09.01.2025;13:44:17.489;FESY SI 20250321 CS;SIMPLE_INSTRUMENT;VOLA;EUR;603979806;1094.80000000;21;EXCHANGE_LAST;;1;1;XEUR;11359411;674;
09.01.2025;08:59:46.314;FEXD SI 20261218 CS;SIMPLE_INSTRUMENT;BLOCK;EUR;1;154.90000000;225;EXCHANGE_LAST;;1;1;XEUR;2163053;693;
09.01.2025;09:16:55.101;FEXD SI 20251219 CS;SIMPLE_INSTRUMENT;BLOCK;EUR;2;158.70000000;450;EXCHANGE_LAST;;2;2;XEUR;1548120;693;
09.01.2025;09:16:47.616;FEXD SI 20251219 CS;SIMPLE_INSTRUMENT;BLOCK;EUR;3;158.80000000;450;EXCHANGE_LAST;;2;2;XEUR;1548120;693;
09.01.2025;12:01:42.033;FEXD SI 20251219 CS;SIMPLE_INSTRUMENT;BLOCK;EUR;14;158.80000000;125;EXCHANGE_LAST;;1;1;XEUR;1548120;693;
09.01.2025;12:01:33.032;FEXD SI 20251219 CS;SIMPLE_INSTRUMENT;BLOCK;EUR;15;158.90000000;125;EXCHANGE_LAST;;1;1;XEUR;1548120;693;
09.01.2025;14:35:21.462;FEXD.S.DEC29.DEC30.SPD;FUTURES_SPREAD;BLOCK;EUR;26;3.30000000;500;EXCHANGE_LAST;;2;1;XEUR;72060570450264203;693;
09.01.2025;14:35:21.462;FEXD SI 20291221 CS;SIMPLE_INSTRUMENT;BLOCK;EUR;26;141.10000000;500;PRC_DECOMP_EXCHANGE;;;;XEUR;4631968;693;EXCHANGE
09.01.2025;14:35:21.462;FEXD SI 20301220 CS;SIMPLE_INSTRUMENT;BLOCK;EUR;26;137.80000000;500;PRC_DECOMP_EXCHANGE;;;;XEUR;5914108;693;EXCHANGE
09.01.2025;14:44:38.525;FEXD.S.DEC28.DEC30.SPD;FUTURES_SPREAD;BLOCK;EUR;28;7.40000000;100;EXCHANGE_LAST;;1;1;XEUR;72060570450264202;693;
09.01.2025;14:44:38.525;FEXD SI 20301220 CS;SIMPLE_INSTRUMENT;BLOCK;EUR;28;137.90000000;100;PRC_DECOMP_EXCHANGE;;;;XEUR;5914108;693;EXCHANGE
09.01.2025;14:44:38.525;FEXD SI 20281215 CS;SIMPLE_INSTRUMENT;BLOCK;EUR;28;145.30000000;100;PRC_DECOMP_EXCHANGE;;;;XEUR;3680985;693;EXCHANGE
09.01.2025;14:48:10.916;FEXD.S.DEC27.DEC28.SPD;FUTURES_SPREAD;BLOCK;EUR;29;4.40000000;300;EXCHANGE_LAST;;1;1;XEUR;72060570450264162;693;
09.01.2025;14:48:10.916;FEXD SI 20271217 CS;SIMPLE_INSTRUMENT;BLOCK;EUR;29;149.80000000;300;PRC_DECOMP_EXCHANGE;;;;XEUR;2848338;693;EXCHANGE
09.01.2025;14:48:10.916;FEXD SI 20281215 CS;SIMPLE_INSTRUMENT;BLOCK;EUR;29;145.40000000;300;PRC_DECOMP_EXCHANGE;;;;XEUR;3680985;693;EXCHANGE
09.01.2025;14:51:37.582;FEXD SI 20271217 CS;SIMPLE_INSTRUMENT;BLOCK;EUR;30;149.70000000;300;EXCHANGE_LAST;;1;1;XEUR;2848338;693;
09.01.2025;14:51:45.162;FEXD SI 20251219 CS;SIMPLE_INSTRUMENT;BLOCK;EUR;31;159.00000000;300;EXCHANGE_LAST;;1;1;XEUR;1548120;693;
09.01.2025;08:02:50.329;FGBL SI 20250306 PS;SIMPLE_INSTRUMENT;EFS;EUR;1;131.45000000;1897;EXCHANGE_LAST;;1;1;XEUR;11286679;688;
09.01.2025;08:06:04.799;FGBL SI 20250306 PS;SIMPLE_INSTRUMENT;EFS;EUR;2;131.39000000;1427;EXCHANGE_LAST;;1;1;XEUR;11286679;688;
09.01.2025;08:18:23.180;FGBL SI 20250306 PS;SIMPLE_INSTRUMENT;EFS;EUR;3;131.49000000;414;EXCHANGE_LAST;;1;1;XEUR;11286679;688;
09.01.2025;08:18:28.185;FGBL SI 20250306 PS;SIMPLE_INSTRUMENT;EFS;EUR;4;131.52000000;414;EXCHANGE_LAST;;1;1;XEUR;11286679;688;
09.01.2025;08:20:33.266;FGBL SI 20250306 PS;SIMPLE_INSTRUMENT;EFS;EUR;5;131.52000000;414;EXCHANGE_LAST;;1;1;XEUR;11286679;688;
09.01.2025;08:20:38.272;FGBL SI 20250306 PS;SIMPLE_INSTRUMENT;EFS;EUR;6;131.52000000;414;EXCHANGE_LAST;;1;1;XEUR;11286679;688;
09.01.2025;08:21:32.638;FGBL SI 20250306 PS;SIMPLE_INSTRUMENT;EFP_FIN;EUR;7;131.46000000;417;EXCHANGE_LAST;;1;1;XEUR;11286679;688;
09.01.2025;08:24:31.423;FGBL SI 20250306 PS;SIMPLE_INSTRUMENT;EFS;EUR;8;131.40000000;175;EXCHANGE_LAST;;1;1;XEUR;11286679;688;
09.01.2025;08:32:48.729;FGBL SI 20250306 PS;SIMPLE_INSTRUMENT;EFS;EUR;9;131.55000000;414;EXCHANGE_LAST;;1;1;XEUR;11286679;688;
09.01.2025;08:32:58.738;FGBL SI 20250306 PS;SIMPLE_INSTRUMENT;EFS;EUR;10;131.57000000;414;EXCHANGE_LAST;;1;1;XEUR;11286679;688;
09.01.2025;08:34:15.807;FGBL SI 20250306 PS;SIMPLE_INSTRUMENT;EFS;EUR;11;131.55000000;206;EXCHANGE_LAST;;1;1;XEUR;11286679;688;
09.01.2025;08:39:10.060;FGBL SI 20250306 PS;SIMPLE_INSTRUMENT;EFS;EUR;12;131.62000000;414;EXCHANGE_LAST;;1;1;XEUR;11286679;688;
09.01.2025;08:45:45.456;FGBL SI 20250306 PS;SIMPLE_INSTRUMENT;EFS;EUR;13;131.55000000;414;EXCHANGE_LAST;;1;1;XEUR;11286679;688;
09.01.2025;08:46:05.472;FGBL SI 20250306 PS;SIMPLE_INSTRUMENT;EFS;EUR;14;131.55000000;414;EXCHANGE_LAST;;1;1;XEUR;11286679;688;
09.01.2025;08:47:25.559;FGBL SI 20250306 PS;SIMPLE_INSTRUMENT;EFS;EUR;15;131.54000000;414;EXCHANGE_LAST;;1;1;XEUR;11286679;688;
09.01.2025;08:52:19.945;FGBL SI 20250306 PS;SIMPLE_INSTRUMENT;EFS;EUR;16;131.63000000;217;EXCHANGE_LAST;;1;1;XEUR;11286679;688;
09.01.2025;08:53:19.599;FGBL SI 20250306 PS;SIMPLE_INSTRUMENT;EFS;EUR;17;131.38000000;1849;EXCHANGE_LAST;;1;1;XEUR;11286679;688;
09.01.2025;08:57:27.306;FGBL SI 20250306 PS;SIMPLE_INSTRUMENT;EFS;EUR;18;131.55000000;150;EXCHANGE_LAST;;1;1;XEUR;11286679;688;
09.01.2025;09:00:47.145;FGBL SI 20250306 PS;SIMPLE_INSTRUMENT;EFS;EUR;19;131.54000000;414;EXCHANGE_LAST;;1;1;XEUR;11286679;688;
09.01.2025;09:01:07.212;FGBL SI 20250306 PS;SIMPLE_INSTRUMENT;EFS;EUR;20;131.47000000;414;EXCHANGE_LAST;;1;1;XEUR;11286679;688;
09.01.2025;09:11:57.479;FGBL SI 20250306 PS;SIMPLE_INSTRUMENT;EFS;EUR;21;131.50000000;414;EXCHANGE_LAST;;1;1;XEUR;11286679;688;
09.01.2025;09:14:52.147;FGBL SI 20250306 PS;SIMPLE_INSTRUMENT;EFS;EUR;22;131.50000000;414;EXCHANGE_LAST;;1;1;XEUR;11286679;688;
09.01.2025;09:15:47.626;FGBL SI 20250306 PS;SIMPLE_INSTRUMENT;EFS;EUR;23;131.51000000;414;EXCHANGE_LAST;;1;1;XEUR;11286679;688;
09.01.2025;09:18:58.184;FGBL SI 20250306 PS;SIMPLE_INSTRUMENT;EFS;EUR;24;131.50000000;414;EXCHANGE_LAST;;1;1;XEUR;11286679;688;
09.01.2025;09:21:23.830;FGBL SI 20250306 PS;SIMPLE_INSTRUMENT;EFS;EUR;25;131.42000000;414;EXCHANGE_LAST;;1;1;XEUR;11286679;688;
09.01.2025;09:25:10.268;FGBL SI 20250306 PS;SIMPLE_INSTRUMENT;EFS;EUR;26;131.46000000;475;EXCHANGE_LAST;;1;1;XEUR;11286679;688;
09.01.2025;09:26:32.394;FGBL SI 20250306 PS;SIMPLE_INSTRUMENT;EFS;EUR;27;131.50000000;1426;EXCHANGE_LAST;;1;1;XEUR;11286679;688;
09.01.2025;09:27:37.082;FGBL SI 20250306 PS;SIMPLE_INSTRUMENT;EFS;EUR;28;131.45000000;475;EXCHANGE_LAST;;1;1;XEUR;11286679;688;
09.01.2025;09:30:03.771;FGBL SI 20250306 PS;SIMPLE_INSTRUMENT;EFS;EUR;29;131.43000000;475;EXCHANGE_LAST;;1;1;XEUR;11286679;688;
09.01.2025;09:30:41.182;FGBL SI 20250306 PS;SIMPLE_INSTRUMENT;EFS;EUR;30;131.46000000;475;EXCHANGE_LAST;;1;1;XEUR;11286679;688;
09.01.2025;09:35:45.085;FGBL SI 20250306 PS;SIMPLE_INSTRUMENT;EFS;EUR;31;131.44000000;692;EXCHANGE_LAST;;1;1;XEUR;11286679;688;
09.01.2025;09:36:00.527;FGBL SI 20250306 PS;SIMPLE_INSTRUMENT;EFS;EUR;32;131.47000000;1427;EXCHANGE_LAST;;1;1;XEUR;11286679;688;
09.01.2025;09:36:12.765;FGBL SI 20250306 PS;SIMPLE_INSTRUMENT;EFS;EUR;33;131.41000000;951;EXCHANGE_LAST;;1;1;XEUR;11286679;688;
09.01.2025;09:36:13.068;FGBL SI 20250306 PS;SIMPLE_INSTRUMENT;EFS;EUR;34;131.42000000;710;EXCHANGE_LAST;;1;1;XEUR;11286679;688;
09.01.2025;09:44:11.090;FGBL SI 20250306 PS;SIMPLE_INSTRUMENT;EFS;EUR;35;131.38000000;1842;EXCHANGE_LAST;;1;1;XEUR;11286679;688;
09.01.2025;09:44:36.498;FGBL SI 20250306 PS;SIMPLE_INSTRUMENT;EFS;EUR;36;131.45000000;414;EXCHANGE_LAST;;1;1;XEUR;11286679;688;
09.01.2025;09:45:26.102;FGBL SI 20250306 PS;SIMPLE_INSTRUMENT;EFS;EUR;37;131.47000000;414;EXCHANGE_LAST;;1;1;XEUR;11286679;688;
09.01.2025;09:49:39.740;FGBL SI 20250306 PS;SIMPLE_INSTRUMENT;EFP_FIN;EUR;39;131.46000000;393;EXCHANGE_LAST;;1;1;XEUR;11286679;688;
09.01.2025;09:50:59.640;FGBL SI 20250306 PS;SIMPLE_INSTRUMENT;EFS;EUR;40;131.40000000;414;EXCHANGE_LAST;;1;1;XEUR;11286679;688;
09.01.2025;09:52:01.498;FGBL SI 20250306 PS;SIMPLE_INSTRUMENT;EFS;EUR;41;131.35000000;414;EXCHANGE_LAST;;1;1;XEUR;11286679;688;
09.01.2025;10:00:39.142;FGBL SI 20250306 PS;SIMPLE_INSTRUMENT;EFS;EUR;42;131.43000000;476;EXCHANGE_LAST;;1;1;XEUR;11286679;688;
09.01.2025;10:00:41.854;FGBL SI 20250306 PS;SIMPLE_INSTRUMENT;EFS;EUR;43;131.45000000;414;EXCHANGE_LAST;;1;1;XEUR;11286679;688;
09.01.2025;10:02:02.908;FGBL SI 20250306 PS;SIMPLE_INSTRUMENT;EFS;EUR;44;131.42000000;366;EXCHANGE_LAST;;1;1;XEUR;11286679;688;
09.01.2025;10:02:47.938;FGBL SI 20250306 PS;SIMPLE_INSTRUMENT;EFS;EUR;45;131.45000000;414;EXCHANGE_LAST;;1;1;XEUR;11286679;688;
09.01.2025;10:05:32.439;FGBL SI 20250306 PS;SIMPLE_INSTRUMENT;EFS;EUR;46;131.43000000;1189;EXCHANGE_LAST;;1;1;XEUR;11286679;688;
09.01.2025;10:08:03.153;FGBL SI 20250306 PS;SIMPLE_INSTRUMENT;EFS;EUR;47;131.48000000;414;EXCHANGE_LAST;;1;1;XEUR;11286679;688;
09.01.2025;10:08:38.183;FGBL SI 20250306 PS;SIMPLE_INSTRUMENT;EFS;EUR;48;131.48000000;414;EXCHANGE_LAST;;1;1;XEUR;11286679;688;
09.01.2025;10:09:42.355;FGBL SI 20250306 PS;SIMPLE_INSTRUMENT;EFS;EUR;49;131.49000000;1189;EXCHANGE_LAST;;1;1;XEUR;11286679;688;
09.01.2025;10:10:03.238;FGBL SI 20250306 PS;SIMPLE_INSTRUMENT;EFS;EUR;50;131.48000000;414;EXCHANGE_LAST;;1;1;XEUR;11286679;688;
09.01.2025;10:10:49.276;FGBL SI 20250306 PS;SIMPLE_INSTRUMENT;EFS;EUR;51;131.42000000;461;EXCHANGE_LAST;;1;1;XEUR;11286679;688;
09.01.2025;10:14:17.185;FGBL SI 20250306 PS;SIMPLE_INSTRUMENT;EFS;EUR;52;131.50000000;570;EXCHANGE_LAST;;1;1;XEUR;11286679;688;
09.01.2025;10:16:01.935;FGBL SI 20250306 PS;SIMPLE_INSTRUMENT;EFS;EUR;53;131.44000000;207;EXCHANGE_LAST;;1;1;XEUR;11286679;688;
09.01.2025;10:16:43.194;FGBL SI 20250306 PS;SIMPLE_INSTRUMENT;EFS;EUR;54;131.45000000;1904;EXCHANGE_LAST;;1;1;XEUR;11286679;688;
09.01.2025;10:17:07.349;FGBL SI 20250306 PS;SIMPLE_INSTRUMENT;EFS;EUR;55;131.50000000;372;EXCHANGE_LAST;;1;1;XEUR;11286679;688;
09.01.2025;10:18:54.938;FGBL SI 20250306 PS;SIMPLE_INSTRUMENT;EFP_FIN;EUR;56;131.48000000;82;EXCHANGE_LAST;;1;1;XEUR;11286679;688;
09.01.2025;10:20:26.154;FGBL SI 20250306 PS;SIMPLE_INSTRUMENT;EFS;EUR;57;131.47000000;414;EXCHANGE_LAST;;1;1;XEUR;11286679;688;
09.01.2025;10:20:54.446;FGBL SI 20250306 PS;SIMPLE_INSTRUMENT;EFS;EUR;58;131.47000000;868;EXCHANGE_LAST;;1;1;XEUR;11286679;688;
09.01.2025;10:21:28.671;FGBL SI 20250306 PS;SIMPLE_INSTRUMENT;EFS;EUR;59;131.48000000;249;EXCHANGE_LAST;;1;1;XEUR;11286679;688;
09.01.2025;10:22:08.806;FGBL SI 20250306 PS;SIMPLE_INSTRUMENT;EFS;EUR;60;131.48000000;414;EXCHANGE_LAST;;1;1;XEUR;11286679;688;
09.01.2025;10:32:11.758;FGBL SI 20250306 PS;SIMPLE_INSTRUMENT;EFS;EUR;61;131.51000000;475;EXCHANGE_LAST;;1;1;XEUR;11286679;688;
09.01.2025;10:37:33.774;FGBL SI 20250306 PS;SIMPLE_INSTRUMENT;EFP_FIN;EUR;62;131.49000000;943;EXCHANGE_LAST;;1;1;XEUR;11286679;688;
09.01.2025;10:44:53.993;FGBL SI 20250306 PS;SIMPLE_INSTRUMENT;EFP_FIN;EUR;63;131.49000000;722;EXCHANGE_LAST;;1;1;XEUR;11286679;688;
09.01.2025;10:56:57.480;FGBL SI 20250306 PS;SIMPLE_INSTRUMENT;EFS;EUR;64;131.47000000;414;EXCHANGE_LAST;;1;1;XEUR;11286679;688;
09.01.2025;10:59:29.507;FGBL SI 20250306 PS;SIMPLE_INSTRUMENT;EFP_FIN;EUR;66;131.49000000;267;EXCHANGE_LAST;;1;1;XEUR;11286679;688;
09.01.2025;11:00:18.627;FGBL SI 20250306 PS;SIMPLE_INSTRUMENT;EFS;EUR;67;131.46000000;414;EXCHANGE_LAST;;1;1;XEUR;11286679;688;
09.01.2025;11:12:52.593;FGBL SI 20250306 PS;SIMPLE_INSTRUMENT;EFS;EUR;68;131.47000000;620;EXCHANGE_LAST;;1;1;XEUR;11286679;688;
09.01.2025;11:13:29.449;FGBL SI 20250306 PS;SIMPLE_INSTRUMENT;EFS;EUR;69;131.37000000;226;EXCHANGE_LAST;;1;1;XEUR;11286679;688;
09.01.2025;11:13:29.571;FGBL SI 20250306 PS;SIMPLE_INSTRUMENT;EFS;EUR;70;131.47000000;620;EXCHANGE_LAST;;1;1;XEUR;11286679;688;
09.01.2025;11:18:14.108;FGBL SI 20250306 PS;SIMPLE_INSTRUMENT;EFS;EUR;71;131.39000000;1847;EXCHANGE_LAST;;1;1;XEUR;11286679;688;
09.01.2025;11:20:09.878;FGBL SI 20250306 PS;SIMPLE_INSTRUMENT;EFS;EUR;72;131.35000000;261;EXCHANGE_LAST;;1;1;XEUR;11286679;688;
09.01.2025;11:22:24.481;FGBL SI 20250306 PS;SIMPLE_INSTRUMENT;EFS;EUR;73;131.39000000;414;EXCHANGE_LAST;;1;1;XEUR;11286679;688;
09.01.2025;11:25:05.462;FGBL SI 20250306 PS;SIMPLE_INSTRUMENT;EFS;EUR;74;131.45000000;280;EXCHANGE_LAST;;1;1;XEUR;11286679;688;
09.01.2025;11:25:58.698;FGBL SI 20250306 PS;SIMPLE_INSTRUMENT;EFS;EUR;75;131.48000000;234;EXCHANGE_LAST;;1;1;XEUR;11286679;688;
09.01.2025;11:27:52.798;FGBL SI 20250306 PS;SIMPLE_INSTRUMENT;EFS;EUR;76;131.40000000;238;EXCHANGE_LAST;;1;1;XEUR;11286679;688;
09.01.2025;11:27:56.470;FGBL SI 20250306 PS;SIMPLE_INSTRUMENT;EFS;EUR;77;131.40000000;238;EXCHANGE_LAST;;1;1;XEUR;11286679;688;
09.01.2025;11:32:45.865;FGBL SI 20250306 PS;SIMPLE_INSTRUMENT;EFS;EUR;78;131.37000000;829;EXCHANGE_LAST;;1;1;XEUR;11286679;688;
09.01.2025;11:36:12.813;FGBL SI 20250306 PS;SIMPLE_INSTRUMENT;EFP_FIN;EUR;79;131.37000000;505;EXCHANGE_LAST;;1;1;XEUR;11286679;688;
09.01.2025;11:41:27.413;FGBL SI 20250306 PS;SIMPLE_INSTRUMENT;EFS;EUR;80;131.39000000;414;EXCHANGE_LAST;;1;1;XEUR;11286679;688;
09.01.2025;11:45:06.626;FGBL SI 20250306 PS;SIMPLE_INSTRUMENT;EFS;EUR;81;131.46000000;828;EXCHANGE_LAST;;1;1;XEUR;11286679;688;
09.01.2025;11:45:47.484;FGBL SI 20250306 PS;SIMPLE_INSTRUMENT;EFS;EUR;82;131.49000000;414;EXCHANGE_LAST;;1;1;XEUR;11286679;688;
09.01.2025;11:53:06.000;FGBL SI 20250306 PS;SIMPLE_INSTRUMENT;EFS;EUR;83;131.53000000;1845;EXCHANGE_LAST;;1;1;XEUR;11286679;688;
09.01.2025;11:58:03.222;FGBL SI 20250306 PS;SIMPLE_INSTRUMENT;EFS;EUR;85;131.46000000;414;EXCHANGE_LAST;;1;1;XEUR;11286679;688;
09.01.2025;12:05:54.048;FGBL SI 20250306 PS;SIMPLE_INSTRUMENT;EFP_FIN;EUR;86;131.40000000;377;EXCHANGE_LAST;;1;1;XEUR;11286679;688;
09.01.2025;12:07:41.054;FGBL SI 20250306 PS;SIMPLE_INSTRUMENT;EFS;EUR;87;131.50000000;477;EXCHANGE_LAST;;1;1;XEUR;11286679;688;
09.01.2025;12:13:56.393;FGBL SI 20250306 PS;SIMPLE_INSTRUMENT;EFS;EUR;88;131.45000000;438;EXCHANGE_LAST;;1;1;XEUR;11286679;688;
09.01.2025;12:18:45.996;FGBL SI 20250306 PS;SIMPLE_INSTRUMENT;EFS;EUR;89;131.50000000;414;EXCHANGE_LAST;;1;1;XEUR;11286679;688;
09.01.2025;12:22:32.140;FGBL SI 20250306 PS;SIMPLE_INSTRUMENT;EFS;EUR;90;131.50000000;414;EXCHANGE_LAST;;1;1;XEUR;11286679;688;
09.01.2025;12:22:56.158;FGBL SI 20250306 PS;SIMPLE_INSTRUMENT;EFS;EUR;91;131.48000000;414;EXCHANGE_LAST;;1;1;XEUR;11286679;688;
09.01.2025;12:23:28.672;FGBL SI 20250306 PS;SIMPLE_INSTRUMENT;EFS;EUR;92;131.52000000;240;EXCHANGE_LAST;;1;1;XEUR;11286679;688;
09.01.2025;12:27:11.398;FGBL SI 20250306 PS;SIMPLE_INSTRUMENT;EFP_FIN;EUR;93;131.50000000;431;EXCHANGE_LAST;;1;1;XEUR;11286679;688;
09.01.2025;12:38:11.148;FGBL SI 20250306 PS;SIMPLE_INSTRUMENT;EFS;EUR;94;131.49000000;923;EXCHANGE_LAST;;1;1;XEUR;11286679;688;
09.01.2025;12:38:55.024;FGBL SI 20250306 PS;SIMPLE_INSTRUMENT;EFP_FIN;EUR;95;131.50000000;339;EXCHANGE_LAST;;1;1;XEUR;11286679;688;
09.01.2025;12:40:02.364;FGBL SI 20250306 PS;SIMPLE_INSTRUMENT;EFP_FIN;EUR;96;131.50000000;2165;EXCHANGE_LAST;;1;1;XEUR;11286679;688;
09.01.2025;12:41:41.201;FGBL SI 20250306 PS;SIMPLE_INSTRUMENT;EFS;EUR;97;131.55000000;1000;EXCHANGE_LAST;;1;1;XEUR;11286679;688;
09.01.2025;12:41:49.135;FGBL SI 20250306 PS;SIMPLE_INSTRUMENT;EFS;EUR;98;131.53000000;1904;EXCHANGE_LAST;;1;1;XEUR;11286679;688;
09.01.2025;12:41:51.714;FGBL SI 20250306 PS;SIMPLE_INSTRUMENT;EFS;EUR;99;131.45000000;223;EXCHANGE_LAST;;1;1;XEUR;11286679;688;
09.01.2025;12:45:25.801;FGBL SI 20250306 PS;SIMPLE_INSTRUMENT;EFS;EUR;100;131.61000000;207;EXCHANGE_LAST;;1;1;XEUR;11286679;688;
09.01.2025;12:48:27.179;FGBL SI 20250306 PS;SIMPLE_INSTRUMENT;EFS;EUR;101;131.59000000;231;EXCHANGE_LAST;;1;1;XEUR;11286679;688;
09.01.2025;12:48:20.777;FGBL SI 20250306 PS;SIMPLE_INSTRUMENT;EFS;EUR;102;131.58000000;207;EXCHANGE_LAST;;1;1;XEUR;11286679;688;
09.01.2025;12:50:51.437;FGBL SI 20250306 PS;SIMPLE_INSTRUMENT;EFS;EUR;103;131.64000000;827;EXCHANGE_LAST;;1;1;XEUR;11286679;688;
09.01.2025;12:53:23.228;FGBL SI 20250306 PS;SIMPLE_INSTRUMENT;EFP_FIN;EUR;104;131.58000000;1019;EXCHANGE_LAST;;1;1;XEUR;11286679;688;
09.01.2025;12:56:04.536;FGBL SI 20250306 PS;SIMPLE_INSTRUMENT;EFP_FIN;EUR;105;131.48000000;505;EXCHANGE_LAST;;1;1;XEUR;11286679;688;
09.01.2025;12:56:08.175;FGBL SI 20250306 PS;SIMPLE_INSTRUMENT;EFP_FIN;EUR;106;131.58000000;313;EXCHANGE_LAST;;1;1;XEUR;11286679;688;
09.01.2025;12:56:36.064;FGBL SI 20250306 PS;SIMPLE_INSTRUMENT;EFP_FIN;EUR;107;131.58000000;219;EXCHANGE_LAST;;1;1;XEUR;11286679;688;
09.01.2025;12:57:12.113;FGBL SI 20250306 PS;SIMPLE_INSTRUMENT;EFP_FIN;EUR;108;131.35000000;1486;EXCHANGE_LAST;;1;1;XEUR;11286679;688;
09.01.2025;12:57:22.871;FGBL SI 20250306 PS;SIMPLE_INSTRUMENT;EFS;EUR;109;131.60000000;413;EXCHANGE_LAST;;1;1;XEUR;11286679;688;
09.01.2025;12:58:11.568;FGBL SI 20250306 PS;SIMPLE_INSTRUMENT;EFS;EUR;110;131.60000000;413;EXCHANGE_LAST;;1;1;XEUR;11286679;688;
09.01.2025;12:59:42.194;FGBL SI 20250306 PS;SIMPLE_INSTRUMENT;EFS;EUR;111;131.60000000;921;EXCHANGE_LAST;;1;1;XEUR;11286679;688;
09.01.2025;13:00:14.462;FGBL SI 20250306 PS;SIMPLE_INSTRUMENT;EFS;EUR;112;131.59000000;413;EXCHANGE_LAST;;1;1;XEUR;11286679;688;
09.01.2025;13:01:33.563;FGBL SI 20250306 PS;SIMPLE_INSTRUMENT;EFS;EUR;113;131.62000000;827;EXCHANGE_LAST;;1;1;XEUR;11286679;688;
09.01.2025;13:03:12.722;FGBL SI 20250306 PS;SIMPLE_INSTRUMENT;EFS;EUR;114;131.62000000;304;EXCHANGE_LAST;;1;1;XEUR;11286679;688;
09.01.2025;13:03:45.450;FGBL SI 20250306 PS;SIMPLE_INSTRUMENT;EFS;EUR;115;131.62000000;413;EXCHANGE_LAST;;1;1;XEUR;11286679;688;
09.01.2025;13:04:08.084;FGBL SI 20250306 PS;SIMPLE_INSTRUMENT;EFP_FIN;EUR;116;131.59000000;801;EXCHANGE_LAST;;1;1;XEUR;11286679;688;
09.01.2025;13:04:56.204;FGBL SI 20250306 PS;SIMPLE_INSTRUMENT;EFS;EUR;117;131.60000000;414;EXCHANGE_LAST;;1;1;XEUR;11286679;688;
09.01.2025;13:05:50.250;FGBL SI 20250306 PS;SIMPLE_INSTRUMENT;EFS;EUR;118;131.60000000;570;EXCHANGE_LAST;;1;1;XEUR;11286679;688;
09.01.2025;13:05:48.195;FGBL SI 20250306 PS;SIMPLE_INSTRUMENT;EFP_FIN;EUR;119;131.59000000;104;EXCHANGE_LAST;;1;1;XEUR;11286679;688;
09.01.2025;13:09:05.883;FGBL SI 20250306 PS;SIMPLE_INSTRUMENT;EFS;EUR;120;131.62000000;937;EXCHANGE_LAST;;1;1;XEUR;11286679;688;
09.01.2025;13:09:28.680;FGBL SI 20250306 PS;SIMPLE_INSTRUMENT;EFS;EUR;121;131.63000000;881;EXCHANGE_LAST;;1;1;XEUR;11286679;688;
09.01.2025;13:10:59.936;FGBL SI 20250306 PS;SIMPLE_INSTRUMENT;EFS;EUR;122;131.63000000;289;EXCHANGE_LAST;;1;1;XEUR;11286679;688;
09.01.2025;13:20:47.777;FGBL SI 20250306 PS;SIMPLE_INSTRUMENT;EFS;EUR;123;131.63000000;1614;EXCHANGE_LAST;;1;1;XEUR;11286679;688;
09.01.2025;13:22:08.108;FGBL SI 20250306 PS;SIMPLE_INSTRUMENT;EFS;EUR;124;131.60000000;413;EXCHANGE_LAST;;1;1;XEUR;11286679;688;
09.01.2025;13:23:37.973;FGBL SI 20250306 PS;SIMPLE_INSTRUMENT;EFS;EUR;125;131.60000000;461;EXCHANGE_LAST;;1;1;XEUR;11286679;688;
09.01.2025;13:25:58.345;FGBL SI 20250306 PS;SIMPLE_INSTRUMENT;EFP_FIN;EUR;127;131.60000000;315;EXCHANGE_LAST;;1;1;XEUR;11286679;688;
09.01.2025;13:29:44.225;FGBL SI 20250306 PS;SIMPLE_INSTRUMENT;EFS;EUR;128;131.59000000;414;EXCHANGE_LAST;;1;1;XEUR;11286679;688;
09.01.2025;13:34:25.816;FGBL SI 20250306 PS;SIMPLE_INSTRUMENT;EFS;EUR;129;131.61000000;304;EXCHANGE_LAST;;1;1;XEUR;11286679;688;
09.01.2025;13:36:39.434;FGBL SI 20250306 PS;SIMPLE_INSTRUMENT;EFS;EUR;130;131.64000000;414;EXCHANGE_LAST;;1;1;XEUR;11286679;688;
09.01.2025;13:37:27.022;FGBL SI 20250306 PS;SIMPLE_INSTRUMENT;EFS;EUR;131;131.65000000;413;EXCHANGE_LAST;;1;1;XEUR;11286679;688;
09.01.2025;13:39:06.737;FGBL SI 20250306 PS;SIMPLE_INSTRUMENT;EFS;EUR;132;131.65000000;413;EXCHANGE_LAST;;1;1;XEUR;11286679;688;
09.01.2025;13:41:58.920;FGBL SI 20250306 PS;SIMPLE_INSTRUMENT;EFS;EUR;133;131.63000000;207;EXCHANGE_LAST;;1;1;XEUR;11286679;688;
09.01.2025;13:43:34.868;FGBL SI 20250306 PS;SIMPLE_INSTRUMENT;EFS;EUR;134;131.65000000;207;EXCHANGE_LAST;;1;1;XEUR;11286679;688;
09.01.2025;13:43:53.349;FGBL SI 20250306 PS;SIMPLE_INSTRUMENT;BLOCK;EUR;135;131.65000000;2450;EXCHANGE_LAST;;1;1;XEUR;11286679;688;
09.01.2025;13:44:11.692;FGBL SI 20250306 PS;SIMPLE_INSTRUMENT;EFS;EUR;136;131.64000000;413;EXCHANGE_LAST;;1;1;XEUR;11286679;688;
09.01.2025;13:44:49.954;FGBL SI 20250306 PS;SIMPLE_INSTRUMENT;EFS;EUR;137;131.65000000;150;EXCHANGE_LAST;;1;1;XEUR;11286679;688;
09.01.2025;13:45:04.970;FGBL SI 20250306 PS;SIMPLE_INSTRUMENT;EFS;EUR;138;131.66000000;414;EXCHANGE_LAST;;1;1;XEUR;11286679;688;
09.01.2025;13:53:54.462;FGBL SI 20250306 PS;SIMPLE_INSTRUMENT;EFS;EUR;139;131.67000000;207;EXCHANGE_LAST;;1;1;XEUR;11286679;688;
09.01.2025;13:46:41.716;FGBL SI 20250306 PS;SIMPLE_INSTRUMENT;EFP_FIN;EUR;140;131.68000000;206;EXCHANGE_LAST;;1;1;XEUR;11286679;688;
09.01.2025;13:47:48.827;FGBL SI 20250306 PS;SIMPLE_INSTRUMENT;EFS;EUR;141;131.65000000;414;EXCHANGE_LAST;;1;1;XEUR;11286679;688;
09.01.2025;13:49:29.920;FGBL SI 20250306 PS;SIMPLE_INSTRUMENT;EFS;EUR;142;131.67000000;413;EXCHANGE_LAST;;1;1;XEUR;11286679;688;
09.01.2025;13:59:40.225;FGBL SI 20250306 PS;SIMPLE_INSTRUMENT;EFP_FIN;EUR;143;131.39000000;205;EXCHANGE_LAST;;1;1;XEUR;11286679;688;
09.01.2025;13:54:17.810;FGBL SI 20250306 PS;SIMPLE_INSTRUMENT;EFP_FIN;EUR;144;131.66000000;196;EXCHANGE_LAST;;1;1;XEUR;11286679;688;
09.01.2025;13:54:20.361;FGBL SI 20250306 PS;SIMPLE_INSTRUMENT;EFS;EUR;145;131.66000000;1899;EXCHANGE_LAST;;1;1;XEUR;11286679;688;
09.01.2025;13:54:50.561;FGBL SI 20250306 PS;SIMPLE_INSTRUMENT;EFS;EUR;146;131.67000000;414;EXCHANGE_LAST;;1;1;XEUR;11286679;688;
09.01.2025;14:02:36.810;FGBL SI 20250306 PS;SIMPLE_INSTRUMENT;EFP_FIN;EUR;147;131.67000000;258;EXCHANGE_LAST;;1;1;XEUR;11286679;688;
09.01.2025;14:04:50.009;FGBL SI 20250306 PS;SIMPLE_INSTRUMENT;EFP_FIN;EUR;148;131.61000000;156;EXCHANGE_LAST;;1;1;XEUR;11286679;688;
09.01.2025;14:06:02.906;FGBL SI 20250306 PS;SIMPLE_INSTRUMENT;EFS;EUR;149;131.65000000;691;EXCHANGE_LAST;;1;1;XEUR;11286679;688;
09.01.2025;14:07:16.078;FGBL SI 20250306 PS;SIMPLE_INSTRUMENT;EFS;EUR;150;131.60000000;83;EXCHANGE_LAST;;1;1;XEUR;11286679;688;
09.01.2025;14:10:14.717;FGBL SI 20250306 PS;SIMPLE_INSTRUMENT;EFP_FIN;EUR;151;131.58000000;60;EXCHANGE_LAST;;1;1;XEUR;11286679;688;
09.01.2025;14:10:29.485;FGBL SI 20250306 PS;SIMPLE_INSTRUMENT;EFP_FIN;EUR;152;131.66000000;512;EXCHANGE_LAST;;1;1;XEUR;11286679;688;
09.01.2025;14:10:37.406;FGBL SI 20250306 PS;SIMPLE_INSTRUMENT;EFS;EUR;153;131.56000000;166;EXCHANGE_LAST;;1;1;XEUR;11286679;688;
09.01.2025;14:11:02.422;FGBL SI 20250306 PS;SIMPLE_INSTRUMENT;EFS;EUR;154;131.56000000;414;EXCHANGE_LAST;;1;1;XEUR;11286679;688;
09.01.2025;14:12:49.628;FGBL SI 20250306 PS;SIMPLE_INSTRUMENT;EFS;EUR;155;131.60000000;1000;EXCHANGE_LAST;;1;1;XEUR;11286679;688;
09.01.2025;14:14:37.643;FGBL SI 20250306 PS;SIMPLE_INSTRUMENT;EFS;EUR;156;131.57000000;248;EXCHANGE_LAST;;1;1;XEUR;11286679;688;
09.01.2025;14:16:41.452;FGBL SI 20250306 PS;SIMPLE_INSTRUMENT;EFP_FIN;EUR;157;131.62000000;1443;EXCHANGE_LAST;;1;1;XEUR;11286679;688;
09.01.2025;14:18:30.999;FGBL SI 20250306 PS;SIMPLE_INSTRUMENT;EFS;EUR;158;131.54000000;184;EXCHANGE_LAST;;1;1;XEUR;11286679;688;
09.01.2025;14:25:32.694;FGBL SI 20250306 PS;SIMPLE_INSTRUMENT;EFS;EUR;159;131.56000000;950;EXCHANGE_LAST;;1;1;XEUR;11286679;688;
09.01.2025;14:26:29.216;FGBL SI 20250306 PS;SIMPLE_INSTRUMENT;EFS;EUR;160;131.64000000;414;EXCHANGE_LAST;;1;1;XEUR;11286679;688;
09.01.2025;14:29:09.326;FGBL SI 20250306 PS;SIMPLE_INSTRUMENT;EFS;EUR;161;131.61000000;414;EXCHANGE_LAST;;1;1;XEUR;11286679;688;
09.01.2025;14:32:54.455;FGBL SI 20250306 PS;SIMPLE_INSTRUMENT;EFS;EUR;162;131.61000000;414;EXCHANGE_LAST;;1;1;XEUR;11286679;688;
09.01.2025;14:33:38.980;FGBL SI 20250306 PS;SIMPLE_INSTRUMENT;EFP_FIN;EUR;163;131.58000000;203;EXCHANGE_LAST;;1;1;XEUR;11286679;688;
09.01.2025;14:35:19.970;FGBL SI 20250306 PS;SIMPLE_INSTRUMENT;EFS;EUR;164;131.61000000;124;EXCHANGE_LAST;;1;1;XEUR;11286679;688;
09.01.2025;14:47:43.361;FGBL SI 20250306 PS;SIMPLE_INSTRUMENT;EFS;EUR;165;131.60000000;289;EXCHANGE_LAST;;1;1;XEUR;11286679;688;
09.01.2025;14:50:59.280;FGBL SI 20250306 PS;SIMPLE_INSTRUMENT;EFS;EUR;166;131.60000000;379;EXCHANGE_LAST;;1;1;XEUR;11286679;688;
09.01.2025;14:56:26.327;FGBL SI 20250306 PS;SIMPLE_INSTRUMENT;EFS;EUR;167;131.58000000;207;EXCHANGE_LAST;;1;1;XEUR;11286679;688;
09.01.2025;14:57:06.465;FGBL SI 20250306 PS;SIMPLE_INSTRUMENT;EFS;EUR;168;131.54000000;207;EXCHANGE_LAST;;1;1;XEUR;11286679;688;
09.01.2025;14:57:55.848;FGBL SI 20250306 PS;SIMPLE_INSTRUMENT;EFS;EUR;169;131.54000000;414;EXCHANGE_LAST;;1;1;XEUR;11286679;688;
09.01.2025;14:59:11.432;FGBL SI 20250306 PS;SIMPLE_INSTRUMENT;EFS;EUR;170;131.58000000;207;EXCHANGE_LAST;;1;1;XEUR;11286679;688;
09.01.2025;15:02:42.621;FGBL SI 20250306 PS;SIMPLE_INSTRUMENT;EFS;EUR;171;131.59000000;414;EXCHANGE_LAST;;1;1;XEUR;11286679;688;
09.01.2025;15:04:37.775;FGBL SI 20250306 PS;SIMPLE_INSTRUMENT;EFS;EUR;172;131.59000000;414;EXCHANGE_LAST;;1;1;XEUR;11286679;688;
09.01.2025;15:05:25.564;FGBL SI 20250306 PS;SIMPLE_INSTRUMENT;EFS;EUR;173;131.60000000;414;EXCHANGE_LAST;;1;1;XEUR;11286679;688;
09.01.2025;15:11:28.485;FGBL SI 20250306 PS;SIMPLE_INSTRUMENT;EFS;EUR;174;131.57000000;124;EXCHANGE_LAST;;1;1;XEUR;11286679;688;
09.01.2025;15:14:29.161;FGBL SI 20250306 PS;SIMPLE_INSTRUMENT;EFS;EUR;175;131.57000000;414;EXCHANGE_LAST;;1;1;XEUR;11286679;688;
09.01.2025;15:15:52.209;FGBL SI 20250306 PS;SIMPLE_INSTRUMENT;EFS;EUR;176;131.56000000;414;EXCHANGE_LAST;;1;1;XEUR;11286679;688;
09.01.2025;15:16:27.563;FGBL SI 20250306 PS;SIMPLE_INSTRUMENT;EFS;EUR;177;131.57000000;289;EXCHANGE_LAST;;1;1;XEUR;11286679;688;
09.01.2025;15:17:06.165;FGBL SI 20250306 PS;SIMPLE_INSTRUMENT;EFP_FIN;EUR;178;131.61000000;3714;EXCHANGE_LAST;;1;1;XEUR;11286679;688;
09.01.2025;15:17:50.479;FGBL SI 20250306 PS;SIMPLE_INSTRUMENT;EFS;EUR;179;131.58000000;414;EXCHANGE_LAST;;1;1;XEUR;11286679;688;
09.01.2025;15:18:47.795;FGBL SI 20250306 PS;SIMPLE_INSTRUMENT;EFS;EUR;180;131.58000000;414;EXCHANGE_LAST;;1;1;XEUR;11286679;688;
09.01.2025;15:23:20.735;FGBL SI 20250306 PS;SIMPLE_INSTRUMENT;EFS;EUR;181;131.56000000;207;EXCHANGE_LAST;;1;1;XEUR;11286679;688;
09.01.2025;15:35:58.022;FGBL SI 20250306 PS;SIMPLE_INSTRUMENT;EFS;EUR;182;131.58000000;390;EXCHANGE_LAST;;1;1;XEUR;11286679;688;
09.01.2025;15:37:25.573;FGBL SI 20250306 PS;SIMPLE_INSTRUMENT;EFS;EUR;183;131.49000000;829;EXCHANGE_LAST;;1;1;XEUR;11286679;688;
09.01.2025;15:39:00.728;FGBL SI 20250306 PS;SIMPLE_INSTRUMENT;EFS;EUR;184;131.49000000;414;EXCHANGE_LAST;;1;1;XEUR;11286679;688;
09.01.2025;15:40:17.394;FGBL SI 20250306 PS;SIMPLE_INSTRUMENT;EFS;EUR;185;131.50000000;414;EXCHANGE_LAST;;1;1;XEUR;11286679;688;
09.01.2025;15:43:24.348;FGBL SI 20250306 PS;SIMPLE_INSTRUMENT;EFP_FIN;EUR;186;131.50000000;208;EXCHANGE_LAST;;1;1;XEUR;11286679;688;
09.01.2025;15:43:39.576;FGBL SI 20250306 PS;SIMPLE_INSTRUMENT;EFS;EUR;187;131.49000000;951;EXCHANGE_LAST;;1;1;XEUR;11286679;688;
09.01.2025;15:49:06.020;FGBL SI 20250306 PS;SIMPLE_INSTRUMENT;EFS;EUR;188;131.48000000;331;EXCHANGE_LAST;;1;1;XEUR;11286679;688;
09.01.2025;15:51:36.117;FGBL SI 20250306 PS;SIMPLE_INSTRUMENT;EFS;EUR;189;131.46000000;414;EXCHANGE_LAST;;1;1;XEUR;11286679;688;
09.01.2025;15:52:27.985;FGBL SI 20250306 PS;SIMPLE_INSTRUMENT;EFS;EUR;190;131.46000000;414;EXCHANGE_LAST;;1;1;XEUR;11286679;688;
09.01.2025;15:55:13.556;FGBL SI 20250306 PS;SIMPLE_INSTRUMENT;EFS;EUR;191;131.47000000;414;EXCHANGE_LAST;;1;1;XEUR;11286679;688;
09.01.2025;15:59:07.699;FGBL SI 20250306 PS;SIMPLE_INSTRUMENT;EFS;EUR;192;131.47000000;414;EXCHANGE_LAST;;1;1;XEUR;11286679;688;
09.01.2025;16:00:11.885;FGBL SI 20250306 PS;SIMPLE_INSTRUMENT;EFS;EUR;193;131.50000000;414;EXCHANGE_LAST;;1;1;XEUR;11286679;688;
09.01.2025;16:00:20.704;FGBL SI 20250306 PS;SIMPLE_INSTRUMENT;EFS;EUR;194;131.47000000;620;EXCHANGE_LAST;;1;1;XEUR;11286679;688;
09.01.2025;16:02:25.645;FGBL SI 20250306 PS;SIMPLE_INSTRUMENT;EFP_FIN;EUR;195;131.46000000;234;EXCHANGE_LAST;;1;1;XEUR;11286679;688;
09.01.2025;16:02:42.543;FGBL SI 20250306 PS;SIMPLE_INSTRUMENT;EFS;EUR;196;131.49000000;414;EXCHANGE_LAST;;1;1;XEUR;11286679;688;
09.01.2025;16:06:35.797;FGBL SI 20250306 PS;SIMPLE_INSTRUMENT;EFP_FIN;EUR;197;131.47000000;94;EXCHANGE_LAST;;1;1;XEUR;11286679;688;
09.01.2025;16:09:14.260;FGBL SI 20250306 PS;SIMPLE_INSTRUMENT;EFS;EUR;198;131.50000000;217;EXCHANGE_LAST;;1;1;XEUR;11286679;688;
09.01.2025;16:13:23.412;FGBL SI 20250306 PS;SIMPLE_INSTRUMENT;EFP_FIN;EUR;199;131.51000000;186;EXCHANGE_LAST;;1;1;XEUR;11286679;688;
09.01.2025;16:13:54.928;FGBL SI 20250306 PS;SIMPLE_INSTRUMENT;EFP_FIN;EUR;200;131.51000000;557;EXCHANGE_LAST;;1;1;XEUR;11286679;688;
09.01.2025;16:13:58.975;FGBL SI 20250306 PS;SIMPLE_INSTRUMENT;EFS;EUR;201;131.49000000;414;EXCHANGE_LAST;;1;1;XEUR;11286679;688;
09.01.2025;16:18:59.821;FGBL SI 20250306 PS;SIMPLE_INSTRUMENT;EFP_FIN;EUR;202;131.47000000;594;EXCHANGE_LAST;;1;1;XEUR;11286679;688;
09.01.2025;16:21:54.297;FGBL SI 20250306 PS;SIMPLE_INSTRUMENT;EFP_FIN;EUR;203;131.50000000;151;EXCHANGE_LAST;;1;1;XEUR;11286679;688;
09.01.2025;16:24:51.429;FGBL SI 20250306 PS;SIMPLE_INSTRUMENT;EFP_FIN;EUR;204;131.49000000;149;EXCHANGE_LAST;;1;1;XEUR;11286679;688;
09.01.2025;16:34:03.194;FGBL SI 20250306 PS;SIMPLE_INSTRUMENT;EFS;EUR;205;131.50000000;692;EXCHANGE_LAST;;1;1;XEUR;11286679;688;
09.01.2025;16:34:34.302;FGBL SI 20250306 PS;SIMPLE_INSTRUMENT;EFS;EUR;206;131.48000000;207;EXCHANGE_LAST;;1;1;XEUR;11286679;688;
09.01.2025;16:37:46.360;FGBL SI 20250306 PS;SIMPLE_INSTRUMENT;EFS;EUR;207;131.49000000;207;EXCHANGE_LAST;;1;1;XEUR;11286679;688;
09.01.2025;16:45:34.062;FGBL SI 20250306 PS;SIMPLE_INSTRUMENT;EFS;EUR;208;131.48000000;2800;EXCHANGE_LAST;;1;1;XEUR;11286679;688;
09.01.2025;16:51:56.888;FGBL SI 20250306 PS;SIMPLE_INSTRUMENT;EFS;EUR;209;131.56000000;79;EXCHANGE_LAST;;1;1;XEUR;11286679;688;
09.01.2025;16:57:03.903;FGBL SI 20250306 PS;SIMPLE_INSTRUMENT;EFS;EUR;210;131.44000000;416;EXCHANGE_LAST;;1;1;XEUR;11286679;688;
09.01.2025;17:23:19.713;FGBL SI 20250306 PS;SIMPLE_INSTRUMENT;EFS;EUR;211;131.34000000;414;EXCHANGE_LAST;;1;1;XEUR;11286679;688;
09.01.2025;08:11:00.792;FGBL SI 20250306 PS;SIMPLE_INSTRUMENT;VOLA;EUR;268435464;131.33000000;20;EXCHANGE_LAST;;1;1;XEUR;11286679;688;
09.01.2025;08:26:52.406;FGBL SI 20250306 PS;SIMPLE_INSTRUMENT;VOLA;EUR;268435467;131.46000000;99;EXCHANGE_LAST;;1;1;XEUR;11286679;688;
09.01.2025;08:46:21.027;FGBL SI 20250306 PS;SIMPLE_INSTRUMENT;VOLA;EUR;268435472;131.46000000;50;EXCHANGE_LAST;;1;1;XEUR;11286679;688;
09.01.2025;10:03:11.461;FGBL SI 20250306 PS;SIMPLE_INSTRUMENT;VOLA;EUR;268435494;131.35000000;44;EXCHANGE_LAST;;1;1;XEUR;11286679;688;
09.01.2025;10:03:50.759;FGBL SI 20250306 PS;SIMPLE_INSTRUMENT;VOLA;EUR;268435495;131.35000000;44;EXCHANGE_LAST;;1;1;XEUR;11286679;688;
09.01.2025;10:50:04.394;FGBL SI 20250306 PS;SIMPLE_INSTRUMENT;VOLA;EUR;268435502;131.49000000;50;EXCHANGE_LAST;;1;1;XEUR;11286679;688;
09.01.2025;11:04:37.609;FGBL SI 20250306 PS;SIMPLE_INSTRUMENT;VOLA;EUR;268435506;131.47000000;213;EXCHANGE_LAST;;1;1;XEUR;11286679;688;
09.01.2025;11:04:59.561;FGBL SI 20250306 PS;SIMPLE_INSTRUMENT;VOLA;EUR;268435507;131.47000000;212;EXCHANGE_LAST;;1;1;XEUR;11286679;688;
09.01.2025;12:54:35.614;FGBL SI 20250306 PS;SIMPLE_INSTRUMENT;VOLA;EUR;268435523;131.62000000;100;EXCHANGE_LAST;;1;1;XEUR;11286679;688;
09.01.2025;15:28:25.552;FGBL SI 20250306 PS;SIMPLE_INSTRUMENT;VOLA;EUR;268435556;131.59000000;24;EXCHANGE_LAST;;1;1;XEUR;11286679;688;
09.01.2025;16:02:55.309;FGBL SI 20250306 PS;SIMPLE_INSTRUMENT;VOLA;EUR;268435564;131.48000000;120;EXCHANGE_LAST;;1;1;XEUR;11286679;688;
09.01.2025;16:28:12.617;FGBL SI 20250306 PS;SIMPLE_INSTRUMENT;VOLA;EUR;268435566;131.48000000;380;EXCHANGE_LAST;;1;1;XEUR;11286679;688;
09.01.2025;08:01:37.780;FGBM SI 20250306 PS;SIMPLE_INSTRUMENT;EFS;EUR;1;116.96000000;3970;EXCHANGE_LAST;;1;1;XEUR;11286680;689;
09.01.2025;08:04:30.792;FGBM SI 20250306 PS;SIMPLE_INSTRUMENT;EFS;EUR;2;116.94000000;2982;EXCHANGE_LAST;;1;1;XEUR;11286680;689;
09.01.2025;08:10:31.896;FGBM SI 20250306 PS;SIMPLE_INSTRUMENT;EFS;EUR;3;116.95000000;905;EXCHANGE_LAST;;1;1;XEUR;11286680;689;
09.01.2025;08:12:36.979;FGBM SI 20250306 PS;SIMPLE_INSTRUMENT;EFS;EUR;4;116.94000000;905;EXCHANGE_LAST;;1;1;XEUR;11286680;689;
09.01.2025;08:17:54.541;FGBM SI 20250306 PS;SIMPLE_INSTRUMENT;EFS;EUR;5;116.99000000;993;EXCHANGE_LAST;;1;1;XEUR;11286680;689;
09.01.2025;08:18:16.643;FGBM SI 20250306 PS;SIMPLE_INSTRUMENT;EFS;EUR;6;116.95000000;1988;EXCHANGE_LAST;;1;1;XEUR;11286680;689;
09.01.2025;08:19:59.830;FGBM SI 20250306 PS;SIMPLE_INSTRUMENT;EFS;EUR;7;116.97000000;1806;EXCHANGE_LAST;;1;1;XEUR;11286680;689;
09.01.2025;08:20:37.512;FGBM SI 20250306 PS;SIMPLE_INSTRUMENT;EFS;EUR;8;116.95000000;2484;EXCHANGE_LAST;;1;1;XEUR;11286680;689;
09.01.2025;08:20:49.384;FGBM SI 20250306 PS;SIMPLE_INSTRUMENT;EFS;EUR;9;116.98000000;451;EXCHANGE_LAST;;1;1;XEUR;11286680;689;
09.01.2025;08:32:36.403;FGBM SI 20250306 PS;SIMPLE_INSTRUMENT;EFS;EUR;11;116.92000000;179;EXCHANGE_LAST;;1;1;XEUR;11286680;689;
09.01.2025;08:33:33.258;FGBM SI 20250306 PS;SIMPLE_INSTRUMENT;EFS;EUR;12;116.92000000;178;EXCHANGE_LAST;;1;1;XEUR;11286680;689;
09.01.2025;08:35:54.862;FGBM SI 20250306 PS;SIMPLE_INSTRUMENT;EFS;EUR;13;117.00000000;904;EXCHANGE_LAST;;1;1;XEUR;11286680;689;
09.01.2025;08:52:45.646;FGBM SI 20250306 PS;SIMPLE_INSTRUMENT;EFS;EUR;14;116.98000000;385;EXCHANGE_LAST;;1;1;XEUR;11286680;689;
09.01.2025;08:54:29.954;FGBM SI 20250306 PS;SIMPLE_INSTRUMENT;EFS;EUR;15;117.00000000;993;EXCHANGE_LAST;;1;1;XEUR;11286680;689;
09.01.2025;09:01:07.166;FGBM SI 20250306 PS;SIMPLE_INSTRUMENT;EFS;EUR;16;116.93000000;852;EXCHANGE_LAST;;1;1;XEUR;11286680;689;
09.01.2025;09:10:37.427;FGBM SI 20250306 PS;SIMPLE_INSTRUMENT;EFS;EUR;17;116.94000000;904;EXCHANGE_LAST;;1;1;XEUR;11286680;689;
09.01.2025;09:12:07.488;FGBM SI 20250306 PS;SIMPLE_INSTRUMENT;EFS;EUR;18;116.93000000;905;EXCHANGE_LAST;;1;1;XEUR;11286680;689;
09.01.2025;09:15:36.001;FGBM SI 20250306 PS;SIMPLE_INSTRUMENT;EFP_FIN;EUR;19;116.94000000;1930;EXCHANGE_LAST;;1;1;XEUR;11286680;689;
09.01.2025;09:22:56.657;FGBM SI 20250306 PS;SIMPLE_INSTRUMENT;EFP_FIN;EUR;20;116.92000000;233;EXCHANGE_LAST;;1;1;XEUR;11286680;689;
09.01.2025;09:27:24.872;FGBM SI 20250306 PS;SIMPLE_INSTRUMENT;EFS;EUR;21;116.90000000;794;EXCHANGE_LAST;;1;1;XEUR;11286680;689;
09.01.2025;09:40:34.959;FGBM SI 20250306 PS;SIMPLE_INSTRUMENT;EFS;EUR;22;116.88000000;995;EXCHANGE_LAST;;1;1;XEUR;11286680;689;
09.01.2025;09:43:21.110;FGBM SI 20250306 PS;SIMPLE_INSTRUMENT;EFP_FIN;EUR;23;116.89000000;384;EXCHANGE_LAST;;1;1;XEUR;11286680;689;
09.01.2025;09:42:07.953;FGBM SI 20250306 PS;SIMPLE_INSTRUMENT;EFP_FIN;EUR;24;116.91000000;214;EXCHANGE_LAST;;1;1;XEUR;11286680;689;
09.01.2025;09:42:59.950;FGBM SI 20250306 PS;SIMPLE_INSTRUMENT;EFS;EUR;25;116.88000000;903;EXCHANGE_LAST;;1;1;XEUR;11286680;689;
09.01.2025;09:45:01.298;FGBM SI 20250306 PS;SIMPLE_INSTRUMENT;EFP_FIN;EUR;26;116.91000000;214;EXCHANGE_LAST;;1;1;XEUR;11286680;689;
09.01.2025;09:46:18.150;FGBM SI 20250306 PS;SIMPLE_INSTRUMENT;EFP_FIN;EUR;27;116.91000000;450;EXCHANGE_LAST;;1;1;XEUR;11286680;689;
09.01.2025;09:47:52.003;FGBM SI 20250306 PS;SIMPLE_INSTRUMENT;EFP_FIN;EUR;28;116.91000000;225;EXCHANGE_LAST;;1;1;XEUR;11286680;689;
09.01.2025;10:10:04.273;FGBM SI 20250306 PS;SIMPLE_INSTRUMENT;EFS;EUR;29;116.91000000;994;EXCHANGE_LAST;;1;1;XEUR;11286680;689;
09.01.2025;10:16:23.216;FGBM SI 20250306 PS;SIMPLE_INSTRUMENT;EFS;EUR;30;116.90000000;994;EXCHANGE_LAST;;1;1;XEUR;11286680;689;
09.01.2025;10:17:44.606;FGBM SI 20250306 PS;SIMPLE_INSTRUMENT;EFP_FIN;EUR;31;116.93000000;473;EXCHANGE_LAST;;1;1;XEUR;11286680;689;
09.01.2025;10:18:59.201;FGBM SI 20250306 PS;SIMPLE_INSTRUMENT;EFS;EUR;32;116.91000000;1988;EXCHANGE_LAST;;1;1;XEUR;11286680;689;
09.01.2025;10:19:43.599;FGBM SI 20250306 PS;SIMPLE_INSTRUMENT;EFS;EUR;33;116.91000000;452;EXCHANGE_LAST;;1;1;XEUR;11286680;689;
09.01.2025;10:24:46.737;FGBM SI 20250306 PS;SIMPLE_INSTRUMENT;EFS;EUR;34;116.95000000;1391;EXCHANGE_LAST;;1;1;XEUR;11286680;689;
09.01.2025;10:28:52.220;FGBM SI 20250306 PS;SIMPLE_INSTRUMENT;EFS;EUR;35;116.94000000;1392;EXCHANGE_LAST;;1;1;XEUR;11286680;689;
09.01.2025;10:30:42.461;FGBM SI 20250306 PS;SIMPLE_INSTRUMENT;EFS;EUR;36;116.93000000;1590;EXCHANGE_LAST;;1;1;XEUR;11286680;689;
09.01.2025;10:48:36.521;FGBM SI 20250306 PS;SIMPLE_INSTRUMENT;EFP_FIN;EUR;37;116.92000000;186;EXCHANGE_LAST;;1;1;XEUR;11286680;689;
09.01.2025;10:52:56.732;FGBM SI 20250306 PS;SIMPLE_INSTRUMENT;EFS;EUR;38;116.91000000;2975;EXCHANGE_LAST;;1;1;XEUR;11286680;689;
09.01.2025;10:54:29.540;FGBM SI 20250306 PS;SIMPLE_INSTRUMENT;EFS;EUR;39;116.91000000;994;EXCHANGE_LAST;;1;1;XEUR;11286680;689;
09.01.2025;10:58:39.833;FGBM SI 20250306 PS;SIMPLE_INSTRUMENT;EFS;EUR;40;116.91000000;2846;EXCHANGE_LAST;;1;1;XEUR;11286680;689;
09.01.2025;11:08:37.448;FGBM SI 20250306 PS;SIMPLE_INSTRUMENT;EFS;EUR;41;116.93000000;1277;EXCHANGE_LAST;;1;1;XEUR;11286680;689;
09.01.2025;11:11:24.796;FGBM SI 20250306 PS;SIMPLE_INSTRUMENT;EFS;EUR;42;116.93000000;1277;EXCHANGE_LAST;;1;1;XEUR;11286680;689;
09.01.2025;11:12:35.915;FGBM SI 20250306 PS;SIMPLE_INSTRUMENT;EFP_FIN;EUR;43;116.91000000;450;EXCHANGE_LAST;;1;1;XEUR;11286680;689;
09.01.2025;11:21:22.497;FGBM SI 20250306 PS;SIMPLE_INSTRUMENT;EFS;EUR;44;116.88000000;966;EXCHANGE_LAST;;1;1;XEUR;11286680;689;
09.01.2025;11:23:43.693;FGBM SI 20250306 PS;SIMPLE_INSTRUMENT;EFS;EUR;45;116.89000000;452;EXCHANGE_LAST;;1;1;XEUR;11286680;689;
09.01.2025;11:26:24.787;FGBM SI 20250306 PS;SIMPLE_INSTRUMENT;EFS;EUR;46;116.88000000;483;EXCHANGE_LAST;;1;1;XEUR;11286680;689;
09.01.2025;11:26:30.132;FGBM SI 20250306 PS;SIMPLE_INSTRUMENT;EFS;EUR;47;116.88000000;483;EXCHANGE_LAST;;1;1;XEUR;11286680;689;
09.01.2025;11:32:49.923;FGBM SI 20250306 PS;SIMPLE_INSTRUMENT;EFS;EUR;48;116.88000000;452;EXCHANGE_LAST;;1;1;XEUR;11286680;689;
09.01.2025;11:45:13.703;FGBM SI 20250306 PS;SIMPLE_INSTRUMENT;EFS;EUR;49;116.92000000;1988;EXCHANGE_LAST;;1;1;XEUR;11286680;689;
09.01.2025;12:04:50.449;FGBM SI 20250306 PS;SIMPLE_INSTRUMENT;EFP_FIN;EUR;50;116.90000000;455;EXCHANGE_LAST;;1;1;XEUR;11286680;689;
09.01.2025;11:57:37.256;FGBM SI 20250306 PS;SIMPLE_INSTRUMENT;EFP_FIN;EUR;51;116.96000000;348;EXCHANGE_LAST;;1;1;XEUR;11286680;689;
09.01.2025;11:59:14.962;FGBM SI 20250306 PS;SIMPLE_INSTRUMENT;EFP_FIN;EUR;52;116.89000000;90;EXCHANGE_LAST;;1;1;XEUR;11286680;689;
09.01.2025;12:01:25.031;FGBM SI 20250306 PS;SIMPLE_INSTRUMENT;EFS;EUR;53;116.89000000;769;EXCHANGE_LAST;;1;1;XEUR;11286680;689;
09.01.2025;12:19:56.102;FGBM SI 20250306 PS;SIMPLE_INSTRUMENT;EFP_FIN;EUR;54;116.94000000;1510;EXCHANGE_LAST;;1;1;XEUR;11286680;689;
09.01.2025;12:21:32.452;FGBM SI 20250306 PS;SIMPLE_INSTRUMENT;EFS;EUR;55;116.95000000;497;EXCHANGE_LAST;;1;1;XEUR;11286680;689;
09.01.2025;12:32:12.082;FGBM SI 20250306 PS;SIMPLE_INSTRUMENT;EFP_FIN;EUR;56;116.95000000;226;EXCHANGE_LAST;;1;1;XEUR;11286680;689;
09.01.2025;12:38:37.150;FGBM SI 20250306 PS;SIMPLE_INSTRUMENT;EFS;EUR;57;116.96000000;1261;EXCHANGE_LAST;;1;1;XEUR;11286680;689;
09.01.2025;12:42:08.137;FGBM SI 20250306 PS;SIMPLE_INSTRUMENT;EFS;EUR;58;116.96000000;1988;EXCHANGE_LAST;;1;1;XEUR;11286680;689;
09.01.2025;12:43:40.329;FGBM SI 20250306 PS;SIMPLE_INSTRUMENT;BLOCK;EUR;59;116.98000000;5824;EXCHANGE_LAST;;1;1;XEUR;11286680;689;
09.01.2025;12:57:33.406;FGBM SI 20250306 PS;SIMPLE_INSTRUMENT;EFP_FIN;EUR;61;116.99000000;285;EXCHANGE_LAST;;1;1;XEUR;11286680;689;
09.01.2025;12:59:14.640;FGBM SI 20250306 PS;SIMPLE_INSTRUMENT;EFP_FIN;EUR;62;116.93000000;431;EXCHANGE_LAST;;1;1;XEUR;11286680;689;
09.01.2025;13:02:12.179;FGBM SI 20250306 PS;SIMPLE_INSTRUMENT;EFP_FIN;EUR;63;116.95000000;1139;EXCHANGE_LAST;;1;1;XEUR;11286680;689;
09.01.2025;13:05:28.970;FGBM SI 20250306 PS;SIMPLE_INSTRUMENT;EFS;EUR;64;117.00000000;903;EXCHANGE_LAST;;1;1;XEUR;11286680;689;
09.01.2025;13:12:23.383;FGBM SI 20250306 PS;SIMPLE_INSTRUMENT;EFP_FIN;EUR;66;117.00000000;869;EXCHANGE_LAST;;1;1;XEUR;11286680;689;
09.01.2025;13:13:06.158;FGBM SI 20250306 PS;SIMPLE_INSTRUMENT;EFP_FIN;EUR;67;117.00000000;2346;EXCHANGE_LAST;;1;1;XEUR;11286680;689;
09.01.2025;13:13:18.828;FGBM SI 20250306 PS;SIMPLE_INSTRUMENT;EFP_FIN;EUR;68;117.00000000;118;EXCHANGE_LAST;;1;1;XEUR;11286680;689;
09.01.2025;13:18:10.775;FGBM SI 20250306 PS;SIMPLE_INSTRUMENT;EFP_FIN;EUR;69;116.95000000;604;EXCHANGE_LAST;;1;1;XEUR;11286680;689;
09.01.2025;13:23:56.271;FGBM SI 20250306 PS;SIMPLE_INSTRUMENT;EFS;EUR;70;117.00000000;1486;EXCHANGE_LAST;;1;1;XEUR;11286680;689;
09.01.2025;13:34:56.981;FGBM SI 20250306 PS;SIMPLE_INSTRUMENT;EFS;EUR;71;116.99000000;993;EXCHANGE_LAST;;1;1;XEUR;11286680;689;
09.01.2025;13:46:07.849;FGBM SI 20250306 PS;SIMPLE_INSTRUMENT;EFP_FIN;EUR;72;117.00000000;582;EXCHANGE_LAST;;1;1;XEUR;11286680;689;
09.01.2025;13:51:53.522;FGBM SI 20250306 PS;SIMPLE_INSTRUMENT;EFS;EUR;73;117.02000000;1128;EXCHANGE_LAST;;1;1;XEUR;11286680;689;
09.01.2025;13:52:44.250;FGBM SI 20250306 PS;SIMPLE_INSTRUMENT;EFS;EUR;74;117.00000000;397;EXCHANGE_LAST;;1;1;XEUR;11286680;689;
09.01.2025;13:53:41.643;FGBM SI 20250306 PS;SIMPLE_INSTRUMENT;EFS;EUR;75;117.01000000;677;EXCHANGE_LAST;;1;1;XEUR;11286680;689;
09.01.2025;13:58:59.861;FGBM SI 20250306 PS;SIMPLE_INSTRUMENT;EFS;EUR;76;117.02000000;481;EXCHANGE_LAST;;1;1;XEUR;11286680;689;
09.01.2025;14:00:41.324;FGBM SI 20250306 PS;SIMPLE_INSTRUMENT;BLOCK;EUR;77;116.98000000;3726;EXCHANGE_LAST;;1;1;XEUR;11286680;689;
09.01.2025;14:02:55.423;FGBM SI 20250306 PS;SIMPLE_INSTRUMENT;EFP_FIN;EUR;78;117.00000000;432;EXCHANGE_LAST;;1;1;XEUR;11286680;689;
09.01.2025;14:04:22.055;FGBM SI 20250306 PS;SIMPLE_INSTRUMENT;EFS;EUR;79;117.00000000;451;EXCHANGE_LAST;;1;1;XEUR;11286680;689;
09.01.2025;14:05:36.439;FGBM SI 20250306 PS;SIMPLE_INSTRUMENT;EFS;EUR;80;116.98000000;497;EXCHANGE_LAST;;1;1;XEUR;11286680;689;
09.01.2025;14:06:08.706;FGBM SI 20250306 PS;SIMPLE_INSTRUMENT;EFS;EUR;81;116.99000000;451;EXCHANGE_LAST;;1;1;XEUR;11286680;689;
09.01.2025;14:14:52.882;FGBM SI 20250306 PS;SIMPLE_INSTRUMENT;EFP_FIN;EUR;82;116.98000000;233;EXCHANGE_LAST;;1;1;XEUR;11286680;689;
09.01.2025;14:20:55.948;FGBM SI 20250306 PS;SIMPLE_INSTRUMENT;EFP_FIN;EUR;83;117.01000000;1928;EXCHANGE_LAST;;1;1;XEUR;11286680;689;
09.01.2025;14:21:09.097;FGBM SI 20250306 PS;SIMPLE_INSTRUMENT;EFS;EUR;84;116.96000000;903;EXCHANGE_LAST;;1;1;XEUR;11286680;689;
09.01.2025;14:26:07.091;FGBM SI 20250306 PS;SIMPLE_INSTRUMENT;EFP_FIN;EUR;85;117.01000000;466;EXCHANGE_LAST;;1;1;XEUR;11286680;689;
09.01.2025;14:27:36.343;FGBM SI 20250306 PS;SIMPLE_INSTRUMENT;EFS;EUR;86;116.97000000;903;EXCHANGE_LAST;;1;1;XEUR;11286680;689;
09.01.2025;14:31:11.363;FGBM SI 20250306 PS;SIMPLE_INSTRUMENT;EFS;EUR;87;116.98000000;451;EXCHANGE_LAST;;1;1;XEUR;11286680;689;
09.01.2025;14:34:17.115;FGBM SI 20250306 PS;SIMPLE_INSTRUMENT;EFS;EUR;88;116.97000000;256;EXCHANGE_LAST;;1;1;XEUR;11286680;689;
09.01.2025;14:36:24.593;FGBM SI 20250306 PS;SIMPLE_INSTRUMENT;EFS;EUR;89;116.96000000;905;EXCHANGE_LAST;;1;1;XEUR;11286680;689;
09.01.2025;14:38:30.048;FGBM SI 20250306 PS;SIMPLE_INSTRUMENT;EFP_FIN;EUR;90;116.96000000;963;EXCHANGE_LAST;;1;1;XEUR;11286680;689;
09.01.2025;14:45:12.320;FGBM SI 20250306 PS;SIMPLE_INSTRUMENT;EFP_FIN;EUR;91;116.96000000;431;EXCHANGE_LAST;;1;1;XEUR;11286680;689;
09.01.2025;14:45:14.309;FGBM SI 20250306 PS;SIMPLE_INSTRUMENT;EFS;EUR;92;116.97000000;596;EXCHANGE_LAST;;1;1;XEUR;11286680;689;
09.01.2025;14:46:08.260;FGBM SI 20250306 PS;SIMPLE_INSTRUMENT;EFP_FIN;EUR;93;116.96000000;1725;EXCHANGE_LAST;;1;1;XEUR;11286680;689;
09.01.2025;14:48:06.369;FGBM SI 20250306 PS;SIMPLE_INSTRUMENT;EFS;EUR;94;116.99000000;333;EXCHANGE_LAST;;1;1;XEUR;11286680;689;
09.01.2025;15:02:47.627;FGBM SI 20250306 PS;SIMPLE_INSTRUMENT;EFS;EUR;95;117.00000000;904;EXCHANGE_LAST;;1;1;XEUR;11286680;689;
09.01.2025;15:04:37.730;FGBM SI 20250306 PS;SIMPLE_INSTRUMENT;EFS;EUR;96;116.98000000;853;EXCHANGE_LAST;;1;1;XEUR;11286680;689;
09.01.2025;15:24:24.972;FGBM SI 20250306 PS;SIMPLE_INSTRUMENT;EFS;EUR;97;116.95000000;903;EXCHANGE_LAST;;1;1;XEUR;11286680;689;
09.01.2025;15:25:52.267;FGBM SI 20250306 PS;SIMPLE_INSTRUMENT;EFP_FIN;EUR;98;116.99000000;224;EXCHANGE_LAST;;1;1;XEUR;11286680;689;
09.01.2025;15:35:50.511;FGBM SI 20250306 PS;SIMPLE_INSTRUMENT;EFS;EUR;99;116.92000000;1357;EXCHANGE_LAST;;1;1;XEUR;11286680;689;
09.01.2025;15:38:45.623;FGBM SI 20250306 PS;SIMPLE_INSTRUMENT;EFS;EUR;100;116.92000000;452;EXCHANGE_LAST;;1;1;XEUR;11286680;689;
09.01.2025;15:40:56.708;FGBM SI 20250306 PS;SIMPLE_INSTRUMENT;EFS;EUR;101;116.92000000;452;EXCHANGE_LAST;;1;1;XEUR;11286680;689;
09.01.2025;15:51:48.818;FGBM SI 20250306 PS;SIMPLE_INSTRUMENT;EFS;EUR;102;116.92000000;684;EXCHANGE_LAST;;1;1;XEUR;11286680;689;
09.01.2025;15:59:35.703;FGBM SI 20250306 PS;SIMPLE_INSTRUMENT;EFS;EUR;103;116.92000000;1988;EXCHANGE_LAST;;1;1;XEUR;11286680;689;
09.01.2025;16:22:59.358;FGBM SI 20250306 PS;SIMPLE_INSTRUMENT;EFS;EUR;104;116.89000000;905;EXCHANGE_LAST;;1;1;XEUR;11286680;689;
09.01.2025;16:23:08.082;FGBM SI 20250306 PS;SIMPLE_INSTRUMENT;EFP_FIN;EUR;105;116.99000000;224;EXCHANGE_LAST;;1;1;XEUR;11286680;689;
09.01.2025;16:25:41.806;FGBM SI 20250306 PS;SIMPLE_INSTRUMENT;EFS;EUR;106;116.90000000;400;EXCHANGE_LAST;;1;1;XEUR;11286680;689;
09.01.2025;16:41:02.863;FGBM SI 20250306 PS;SIMPLE_INSTRUMENT;EFS;EUR;107;116.90000000;903;EXCHANGE_LAST;;1;1;XEUR;11286680;689;
09.01.2025;16:44:21.704;FGBM SI 20250306 PS;SIMPLE_INSTRUMENT;EFS;EUR;108;116.89000000;903;EXCHANGE_LAST;;1;1;XEUR;11286680;689;
09.01.2025;16:55:02.897;FGBM SI 20250306 PS;SIMPLE_INSTRUMENT;EFS;EUR;110;116.97000000;13;EXCHANGE_LAST;;1;1;XEUR;11286680;689;
09.01.2025;16:55:50.790;FGBM SI 20250306 PS;SIMPLE_INSTRUMENT;EFS;EUR;111;116.87000000;452;EXCHANGE_LAST;;1;1;XEUR;11286680;689;
09.01.2025;17:01:38.614;FGBM SI 20250306 PS;SIMPLE_INSTRUMENT;EFP_FIN;EUR;112;117.00000000;216;EXCHANGE_LAST;;1;1;XEUR;11286680;689;
09.01.2025;08:28:08.581;FGBS SI 20250306 PS;SIMPLE_INSTRUMENT;BLOCK;EUR;1;106.69000000;16464;EXCHANGE_LAST;;1;1;XEUR;11286681;690;
09.01.2025;08:56:45.091;FGBS SI 20250306 PS;SIMPLE_INSTRUMENT;EFP_FIN;EUR;2;106.70000000;468;EXCHANGE_LAST;;1;1;XEUR;11286681;690;
09.01.2025;08:40:57.639;FGBS SI 20250306 PS;SIMPLE_INSTRUMENT;EFS;EUR;3;106.69500000;3018;EXCHANGE_LAST;;1;1;XEUR;11286681;690;
09.01.2025;08:49:42.215;FGBS SI 20250306 PS;SIMPLE_INSTRUMENT;EFP_FIN;EUR;4;106.70000000;239;EXCHANGE_LAST;;1;1;XEUR;11286681;690;
09.01.2025;08:53:43.601;FGBS SI 20250306 PS;SIMPLE_INSTRUMENT;EFS;EUR;5;106.69000000;2744;EXCHANGE_LAST;;1;1;XEUR;11286681;690;
09.01.2025;08:55:25.218;FGBS SI 20250306 PS;SIMPLE_INSTRUMENT;EFS;EUR;6;106.69500000;3293;EXCHANGE_LAST;;1;1;XEUR;11286681;690;
09.01.2025;09:04:15.373;FGBS SI 20250306 PS;SIMPLE_INSTRUMENT;EFS;EUR;8;106.67500000;2745;EXCHANGE_LAST;;1;1;XEUR;11286681;690;
09.01.2025;09:05:44.005;FGBS SI 20250306 PS;SIMPLE_INSTRUMENT;EFP_FIN;EUR;9;106.69000000;1402;EXCHANGE_LAST;;1;1;XEUR;11286681;690;
09.01.2025;09:08:53.688;FGBS SI 20250306 PS;SIMPLE_INSTRUMENT;EFS;EUR;10;106.69500000;14664;EXCHANGE_LAST;;1;1;XEUR;11286681;690;
09.01.2025;09:10:36.525;FGBS SI 20250306 PS;SIMPLE_INSTRUMENT;EFP_FIN;EUR;11;106.69000000;467;EXCHANGE_LAST;;1;1;XEUR;11286681;690;
09.01.2025;09:15:11.525;FGBS SI 20250306 PS;SIMPLE_INSTRUMENT;EFS;EUR;12;106.67000000;2745;EXCHANGE_LAST;;1;1;XEUR;11286681;690;
09.01.2025;09:16:07.446;FGBS SI 20250306 PS;SIMPLE_INSTRUMENT;EFP_FIN;EUR;13;106.69000000;467;EXCHANGE_LAST;;1;1;XEUR;11286681;690;
09.01.2025;09:32:36.434;FGBS SI 20250306 PS;SIMPLE_INSTRUMENT;EFP_FIN;EUR;14;106.68000000;934;EXCHANGE_LAST;;1;1;XEUR;11286681;690;
09.01.2025;09:50:00.385;FGBS SI 20250306 PS;SIMPLE_INSTRUMENT;EFP_FIN;EUR;15;106.67000000;60;EXCHANGE_LAST;;1;1;XEUR;11286681;690;
09.01.2025;09:50:54.853;FGBS SI 20250306 PS;SIMPLE_INSTRUMENT;EFP_FIN;EUR;16;106.65000000;326;EXCHANGE_LAST;;1;1;XEUR;11286681;690;
09.01.2025;09:59:15.137;FGBS SI 20250306 PS;SIMPLE_INSTRUMENT;EFS;EUR;17;106.66000000;2745;EXCHANGE_LAST;;1;1;XEUR;11286681;690;
09.01.2025;10:12:26.281;FGBS SI 20250306 PS;SIMPLE_INSTRUMENT;EFS;EUR;18;106.67500000;1098;EXCHANGE_LAST;;1;1;XEUR;11286681;690;
09.01.2025;10:25:12.589;FGBS SI 20250306 PS;SIMPLE_INSTRUMENT;EFP_FIN;EUR;19;106.66000000;585;EXCHANGE_LAST;;1;1;XEUR;11286681;690;
09.01.2025;10:44:29.927;FGBS SI 20250306 PS;SIMPLE_INSTRUMENT;EFS;EUR;20;106.65000000;961;EXCHANGE_LAST;;1;1;XEUR;11286681;690;
09.01.2025;10:44:43.329;FGBS SI 20250306 PS;SIMPLE_INSTRUMENT;EFS;EUR;21;106.65000000;961;EXCHANGE_LAST;;1;1;XEUR;11286681;690;
09.01.2025;11:09:50.359;FGBS SI 20250306 PS;SIMPLE_INSTRUMENT;EFP_FIN;EUR;22;106.67000000;1200;EXCHANGE_LAST;;1;1;XEUR;11286681;690;
09.01.2025;11:17:40.186;FGBS SI 20250306 PS;SIMPLE_INSTRUMENT;EFP_FIN;EUR;23;106.65000000;1499;EXCHANGE_LAST;;1;1;XEUR;11286681;690;
09.01.2025;11:19:57.363;FGBS SI 20250306 PS;SIMPLE_INSTRUMENT;EFS;EUR;24;106.65500000;2666;EXCHANGE_LAST;;1;1;XEUR;11286681;690;
09.01.2025;11:44:53.740;FGBS SI 20250306 PS;SIMPLE_INSTRUMENT;EFS;EUR;25;106.67000000;5490;EXCHANGE_LAST;;1;1;XEUR;11286681;690;
09.01.2025;11:55:58.743;FGBS SI 20250306 PS;SIMPLE_INSTRUMENT;EFP_FIN;EUR;26;106.65000000;550;EXCHANGE_LAST;;1;1;XEUR;11286681;690;
09.01.2025;12:00:51.639;FGBS SI 20250306 PS;SIMPLE_INSTRUMENT;EFP_FIN;EUR;27;106.66000000;326;EXCHANGE_LAST;;1;1;XEUR;11286681;690;
09.01.2025;12:04:22.022;FGBS SI 20250306 PS;SIMPLE_INSTRUMENT;EFP_FIN;EUR;28;106.68000000;221;EXCHANGE_LAST;;1;1;XEUR;11286681;690;
09.01.2025;12:09:21.491;FGBS SI 20250306 PS;SIMPLE_INSTRUMENT;EFP_FIN;EUR;29;106.69000000;701;EXCHANGE_LAST;;1;1;XEUR;11286681;690;
09.01.2025;12:27:11.796;FGBS SI 20250306 PS;SIMPLE_INSTRUMENT;EFS;EUR;30;106.68500000;2743;EXCHANGE_LAST;;1;1;XEUR;11286681;690;
09.01.2025;12:44:43.147;FGBS SI 20250306 PS;SIMPLE_INSTRUMENT;EFS;EUR;31;106.69000000;2585;EXCHANGE_LAST;;1;1;XEUR;11286681;690;
09.01.2025;12:44:56.148;FGBS SI 20250306 PS;SIMPLE_INSTRUMENT;EFS;EUR;32;106.69000000;2585;EXCHANGE_LAST;;1;1;XEUR;11286681;690;
09.01.2025;13:00:41.306;FGBS SI 20250306 PS;SIMPLE_INSTRUMENT;EFP_FIN;EUR;33;106.67000000;522;EXCHANGE_LAST;;1;1;XEUR;11286681;690;
09.01.2025;13:04:25.244;FGBS SI 20250306 PS;SIMPLE_INSTRUMENT;EFS;EUR;34;106.70000000;3293;EXCHANGE_LAST;;1;1;XEUR;11286681;690;
09.01.2025;13:16:38.247;FGBS SI 20250306 PS;SIMPLE_INSTRUMENT;EFS;EUR;35;106.67000000;5489;EXCHANGE_LAST;;1;1;XEUR;11286681;690;
09.01.2025;13:20:55.261;FGBS SI 20250306 PS;SIMPLE_INSTRUMENT;EFS;EUR;36;106.70000000;4106;EXCHANGE_LAST;;1;1;XEUR;11286681;690;
09.01.2025;14:02:29.647;FGBS SI 20250306 PS;SIMPLE_INSTRUMENT;EFS;EUR;37;106.70000000;2060;EXCHANGE_LAST;;1;1;XEUR;11286681;690;
09.01.2025;14:03:17.473;FGBS SI 20250306 PS;SIMPLE_INSTRUMENT;EFP_FIN;EUR;38;106.70000000;209;EXCHANGE_LAST;;1;1;XEUR;11286681;690;
09.01.2025;14:08:53.405;FGBS SI 20250306 PS;SIMPLE_INSTRUMENT;EFS;EUR;39;106.70000000;2745;EXCHANGE_LAST;;1;1;XEUR;11286681;690;
09.01.2025;14:28:09.102;FGBS SI 20250306 PS;SIMPLE_INSTRUMENT;EFS;EUR;40;106.70000000;2743;EXCHANGE_LAST;;1;1;XEUR;11286681;690;
09.01.2025;14:35:51.570;FGBS SI 20250306 PS;SIMPLE_INSTRUMENT;EFP_FIN;EUR;41;106.68000000;326;EXCHANGE_LAST;;1;1;XEUR;11286681;690;
09.01.2025;15:00:58.441;FGBS SI 20250306 PS;SIMPLE_INSTRUMENT;EFP_FIN;EUR;42;106.68500000;234;EXCHANGE_LAST;;1;1;XEUR;11286681;690;
09.01.2025;15:08:36.877;FGBS SI 20250306 PS;SIMPLE_INSTRUMENT;EFP_FIN;EUR;43;106.68500000;234;EXCHANGE_LAST;;1;1;XEUR;11286681;690;
09.01.2025;15:08:07.189;FGBS SI 20250306 PS;SIMPLE_INSTRUMENT;EFP_FIN;EUR;44;106.68000000;1082;EXCHANGE_LAST;;1;1;XEUR;11286681;690;
09.01.2025;15:15:41.004;FGBS SI 20250306 PS;SIMPLE_INSTRUMENT;EFS;EUR;45;106.70000000;774;EXCHANGE_LAST;;1;1;XEUR;11286681;690;
09.01.2025;15:44:03.747;FGBS SI 20250306 PS;SIMPLE_INSTRUMENT;EFS;EUR;46;106.68000000;2745;EXCHANGE_LAST;;1;1;XEUR;11286681;690;
09.01.2025;15:45:40.835;FGBS SI 20250306 PS;SIMPLE_INSTRUMENT;EFS;EUR;47;106.67500000;2745;EXCHANGE_LAST;;1;1;XEUR;11286681;690;
09.01.2025;15:53:26.216;FGBS SI 20250306 PS;SIMPLE_INSTRUMENT;EFS;EUR;48;106.68000000;2744;EXCHANGE_LAST;;1;1;XEUR;11286681;690;
09.01.2025;15:59:35.500;FGBS SI 20250306 PS;SIMPLE_INSTRUMENT;EFP_FIN;EUR;49;106.67000000;996;EXCHANGE_LAST;;1;1;XEUR;11286681;690;
09.01.2025;16:09:33.384;FGBS SI 20250306 PS;SIMPLE_INSTRUMENT;EFS;EUR;50;106.66500000;1297;EXCHANGE_LAST;;1;1;XEUR;11286681;690;
09.01.2025;16:09:42.708;FGBS SI 20250306 PS;SIMPLE_INSTRUMENT;EFP_FIN;EUR;51;106.67000000;652;EXCHANGE_LAST;;1;1;XEUR;11286681;690;
09.01.2025;16:12:22.762;FGBS SI 20250306 PS;SIMPLE_INSTRUMENT;EFP_FIN;EUR;52;106.76000000;326;EXCHANGE_LAST;;1;1;XEUR;11286681;690;
09.01.2025;16:29:46.259;FGBS SI 20250306 PS;SIMPLE_INSTRUMENT;EFP_FIN;EUR;53;106.67000000;797;EXCHANGE_LAST;;1;1;XEUR;11286681;690;
09.01.2025;16:48:10.103;FGBS SI 20250306 PS;SIMPLE_INSTRUMENT;EFS;EUR;54;106.65500000;2000;EXCHANGE_LAST;;1;1;XEUR;11286681;690;
09.01.2025;16:51:05.032;FGBS SI 20250306 PS;SIMPLE_INSTRUMENT;EFP_FIN;EUR;55;106.65000000;326;EXCHANGE_LAST;;1;1;XEUR;11286681;690;
09.01.2025;16:53:41.890;FGBS SI 20250306 PS;SIMPLE_INSTRUMENT;EFP_FIN;EUR;56;106.65000000;326;EXCHANGE_LAST;;1;1;XEUR;11286681;690;
09.01.2025;17:05:09.476;FGBS SI 20250306 PS;SIMPLE_INSTRUMENT;EFP_FIN;EUR;57;106.65000000;290;EXCHANGE_LAST;;1;1;XEUR;11286681;690;
09.01.2025;17:11:21.968;FGBS SI 20250306 PS;SIMPLE_INSTRUMENT;EFS;EUR;58;106.65000000;2666;EXCHANGE_LAST;;1;1;XEUR;11286681;690;
09.01.2025;08:58:49.843;FGBX SI 20250306 PS;SIMPLE_INSTRUMENT;EFP_FIN;EUR;3;127.54000000;854;EXCHANGE_LAST;;1;1;XEUR;11286682;691;
09.01.2025;09:07:05.470;FGBX SI 20250306 PS;SIMPLE_INSTRUMENT;EFS;EUR;5;127.46000000;373;EXCHANGE_LAST;;1;1;XEUR;11286682;691;
09.01.2025;09:41:32.032;FGBX SI 20250306 PS;SIMPLE_INSTRUMENT;EFS;EUR;8;127.26000000;193;EXCHANGE_LAST;;1;1;XEUR;11286682;691;
09.01.2025;09:47:12.356;FGBX SI 20250306 PS;SIMPLE_INSTRUMENT;EFP_FIN;EUR;9;127.38000000;183;EXCHANGE_LAST;;1;1;XEUR;11286682;691;
09.01.2025;09:59:11.674;FGBX SI 20250306 PS;SIMPLE_INSTRUMENT;EFS;EUR;10;127.22000000;193;EXCHANGE_LAST;;1;1;XEUR;11286682;691;
09.01.2025;10:04:27.256;FGBX SI 20250306 PS;SIMPLE_INSTRUMENT;EFS;EUR;11;127.24000000;193;EXCHANGE_LAST;;1;1;XEUR;11286682;691;
09.01.2025;10:10:31.508;FGBX SI 20250306 PS;SIMPLE_INSTRUMENT;EFS;EUR;12;127.24000000;270;EXCHANGE_LAST;;1;1;XEUR;11286682;691;
09.01.2025;10:12:47.180;FGBX SI 20250306 PS;SIMPLE_INSTRUMENT;EFS;EUR;13;127.22000000;269;EXCHANGE_LAST;;1;1;XEUR;11286682;691;
09.01.2025;10:19:58.205;FGBX SI 20250306 PS;SIMPLE_INSTRUMENT;EFS;EUR;14;127.38000000;388;EXCHANGE_LAST;;1;1;XEUR;11286682;691;
09.01.2025;10:26:12.425;FGBX SI 20250306 PS;SIMPLE_INSTRUMENT;EFS;EUR;15;127.36000000;96;EXCHANGE_LAST;;1;1;XEUR;11286682;691;
09.01.2025;10:34:21.249;FGBX SI 20250306 PS;SIMPLE_INSTRUMENT;EFS;EUR;16;127.36000000;187;EXCHANGE_LAST;;1;1;XEUR;11286682;691;
09.01.2025;11:27:57.924;FGBX SI 20250306 PS;SIMPLE_INSTRUMENT;EFP_FIN;EUR;19;127.22000000;585;EXCHANGE_LAST;;1;1;XEUR;11286682;691;
09.01.2025;11:21:31.266;FGBX SI 20250306 PS;SIMPLE_INSTRUMENT;EFS;EUR;20;127.00000000;106;EXCHANGE_LAST;;1;1;XEUR;11286682;691;
09.01.2025;11:25:43.964;FGBX SI 20250306 PS;SIMPLE_INSTRUMENT;EFS;EUR;21;127.32000000;92;EXCHANGE_LAST;;1;1;XEUR;11286682;691;
09.01.2025;11:27:32.425;FGBX SI 20250306 PS;SIMPLE_INSTRUMENT;EFS;EUR;22;127.18000000;110;EXCHANGE_LAST;;1;1;XEUR;11286682;691;
09.01.2025;11:38:19.589;FGBX SI 20250306 PS;SIMPLE_INSTRUMENT;BLOCK;EUR;23;127.02000000;185;EXCHANGE_LAST;;1;1;XEUR;11286682;691;
09.01.2025;11:45:41.860;FGBX SI 20250306 PS;SIMPLE_INSTRUMENT;EFP_FIN;EUR;24;127.06000000;149;EXCHANGE_LAST;;1;1;XEUR;11286682;691;
09.01.2025;12:38:28.149;FGBX SI 20250306 PS;SIMPLE_INSTRUMENT;EFS;EUR;26;127.30000000;254;EXCHANGE_LAST;;1;1;XEUR;11286682;691;
09.01.2025;12:42:28.139;FGBX SI 20250306 PS;SIMPLE_INSTRUMENT;EFS;EUR;27;127.32000000;388;EXCHANGE_LAST;;1;1;XEUR;11286682;691;
09.01.2025;13:17:50.251;FGBX SI 20250306 PS;SIMPLE_INSTRUMENT;EFS;EUR;29;127.54000000;193;EXCHANGE_LAST;;1;1;XEUR;11286682;691;
09.01.2025;14:04:41.690;FGBX SI 20250306 PS;SIMPLE_INSTRUMENT;EFP_FIN;EUR;31;127.70000000;178;EXCHANGE_LAST;;1;1;XEUR;11286682;691;
09.01.2025;14:11:47.212;FGBX SI 20250306 PS;SIMPLE_INSTRUMENT;EFS;EUR;32;127.56000000;620;EXCHANGE_LAST;;1;1;XEUR;11286682;691;
09.01.2025;14:20:24.971;FGBX SI 20250306 PS;SIMPLE_INSTRUMENT;EFP_FIN;EUR;33;127.64000000;260;EXCHANGE_LAST;;1;1;XEUR;11286682;691;
09.01.2025;14:16:00.837;FGBX SI 20250306 PS;SIMPLE_INSTRUMENT;EFP_FIN;EUR;34;127.62000000;60;EXCHANGE_LAST;;1;1;XEUR;11286682;691;
09.01.2025;15:33:46.153;FGBX SI 20250306 PS;SIMPLE_INSTRUMENT;EFP_FIN;EUR;38;127.60000000;187;EXCHANGE_LAST;;1;1;XEUR;11286682;691;
09.01.2025;16:01:16.622;FGBX SI 20250306 PS;SIMPLE_INSTRUMENT;BLOCK;EUR;40;127.40000000;542;EXCHANGE_LAST;;1;1;XEUR;11286682;691;
09.01.2025;16:09:59.003;FGBX SI 20250306 PS;SIMPLE_INSTRUMENT;EFS;EUR;41;127.38000000;50;EXCHANGE_LAST;;1;1;XEUR;11286682;691;
09.01.2025;16:16:51.826;FGBX SI 20250306 PS;SIMPLE_INSTRUMENT;EFP_FIN;EUR;42;127.62000000;372;EXCHANGE_LAST;;1;1;XEUR;11286682;691;
09.01.2025;16:17:00.308;FGBX SI 20250306 PS;SIMPLE_INSTRUMENT;BLOCK;EUR;43;127.50000000;746;EXCHANGE_LAST;;1;1;XEUR;11286682;691;
09.01.2025;16:24:17.276;FGBX SI 20250306 PS;SIMPLE_INSTRUMENT;BLOCK;EUR;46;127.50000000;746;EXCHANGE_LAST;;1;1;XEUR;11286682;691;
09.01.2025;16:42:19.958;FGBX SI 20250306 PS;SIMPLE_INSTRUMENT;EFP_FIN;EUR;47;127.40000000;277;EXCHANGE_LAST;;1;1;XEUR;11286682;691;
09.01.2025;16:50:25.431;FGBX SI 20250306 PS;SIMPLE_INSTRUMENT;EFP_FIN;EUR;48;127.38000000;555;EXCHANGE_LAST;;1;1;XEUR;11286682;691;
09.01.2025;15:48:50.467;FIA5 SI 20260618 PS AM C 16.00 0;SIMPLE_INSTRUMENT;BLOCK;EUR;16;0.59000000;750;EXCHANGE_LAST;;2;1;XEUR;11340153;48227;
09.01.2025;17:11:03.393;FIAK SI 20250320 CS;SIMPLE_INSTRUMENT;BLOCK;EUR;96;12.49300000;5420;EXCHANGE_LAST;;1;1;XEUR;10690012;144766;
09.01.2025;11:10:12.692;FIN FI 20250205 CS EU C 71.4000 0;FLEXIBLE_INSTRUMENT;BLOCK;CHF;15;0.65000000;370;EXCHANGE_LAST;;1;1;XEUR;1152924386529906600;671;
09.01.2025;02:34:46.737;FMAU SI 20250321 CS;SIMPLE_INSTRUMENT;BLOCK;USD;4;5720.94400000;117;EXCHANGE_LAST;;1;1;XEUR;7590511;45287;
09.01.2025;00:35:50.117;FMCH SI 20250321 CS;SIMPLE_INSTRUMENT;EFP_IDX;USD;1;487.33500000;42;EXCHANGE_LAST;;1;1;XEUR;7592069;402909;
09.01.2025;00:38:33.670;FMEA SI 20250321 CS;SIMPLE_INSTRUMENT;BLOCK;USD;2;684.62400000;3641;EXCHANGE_LAST;;1;2;XEUR;7589834;12395;
09.01.2025;04:50:06.557;FMEA SI 20250321 CS;SIMPLE_INSTRUMENT;BLOCK;USD;10;684.62400000;583;EXCHANGE_LAST;;1;1;XEUR;7589834;12395;
09.01.2025;08:32:44.958;FMED SI 20250321 CS;SIMPLE_INSTRUMENT;BLOCK;USD;24;9279.58000000;315;EXCHANGE_LAST;;1;1;XEUR;7590729;48144;
09.01.2025;08:40:04.028;FMEE SI 20250321 CS;SIMPLE_INSTRUMENT;BLOCK;USD;25;314.24700000;388;EXCHANGE_LAST;;1;1;XEUR;7589846;12396;
09.01.2025;06:53:52.356;FMEL SI 20250321 CS;SIMPLE_INSTRUMENT;BLOCK;USD;12;481.32300000;50;EXCHANGE_LAST;;1;1;XEUR;7589856;12397;
09.01.2025;08:04:00.189;FMEL SI 20250321 CS;SIMPLE_INSTRUMENT;BLOCK;USD;20;481.32300000;603;EXCHANGE_LAST;;1;2;XEUR;7589856;12397;
09.01.2025;08:11:06.868;FMES SI 20250321 CS;SIMPLE_INSTRUMENT;EFP_IDX;EUR;21;555.08800000;9;EXCHANGE_LAST;;1;1;XEUR;7591454;221291;
09.01.2025;15:40:32.694;FMFP SI 20250321 CS;SIMPLE_INSTRUMENT;BLOCK;USD;31;2286.00000000;137;EXCHANGE_LAST;;1;1;XEUR;7411195;51999;
09.01.2025;07:44:13.722;FMGC SI 20250321 CS;SIMPLE_INSTRUMENT;BLOCK;USD;16;12847.26000000;30;EXCHANGE_LAST;;1;1;XEUR;7590767;48916;
09.01.2025;14:34:18.785;FMGO SI 20250321 CS;SIMPLE_INSTRUMENT;BLOCK;USD;30;5130.00000000;26;EXCHANGE_LAST;;1;1;XEUR;8609359;583623;
09.01.2025;09:04:01.219;FMID SI 20250321 CS;SIMPLE_INSTRUMENT;BLOCK;USD;2;1579.64100000;24;EXCHANGE_LAST;;1;1;XEUR;7590528;45289;
09.01.2025;02:47:59.056;FMIN SI 20250321 CS;SIMPLE_INSTRUMENT;BLOCK;USD;7;1251.07200000;200;EXCHANGE_LAST;;1;1;XEUR;7589865;12404;
09.01.2025;07:56:49.097;FMMX SI 20250321 CS;SIMPLE_INSTRUMENT;BLOCK;USD;18;595.27200000;766;EXCHANGE_LAST;;1;1;XEUR;7589867;12545;
09.01.2025;03:42:22.802;FMMY SI 20250321 CS;SIMPLE_INSTRUMENT;BLOCK;USD;9;388.87800000;183;EXCHANGE_LAST;;2;1;XEUR;7589866;12405;
09.01.2025;02:39:47.354;FMPX SI 20250321 CS;SIMPLE_INSTRUMENT;BLOCK;USD;6;8105.12600000;481;EXCHANGE_LAST;;1;1;XEUR;7590531;45291;
09.01.2025;07:11:35.199;FMSA SI 20250321 CS;SIMPLE_INSTRUMENT;BLOCK;USD;13;1794.87000000;127;EXCHANGE_LAST;;1;1;XEUR;7591259;134861;
09.01.2025;07:37:49.008;FMSA SI 20250321 CS;SIMPLE_INSTRUMENT;BLOCK;USD;15;1794.87000000;90;EXCHANGE_LAST;;1;1;XEUR;7591259;134861;
09.01.2025;08:44:39.568;FMSA SI 20250321 CS;SIMPLE_INSTRUMENT;BLOCK;USD;26;1793.90700000;90;EXCHANGE_LAST;;1;1;XEUR;7591259;134861;
09.01.2025;08:20:53.617;FMSC SI 20250321 CS;SIMPLE_INSTRUMENT;BLOCK;USD;23;714.57500000;60;EXCHANGE_LAST;;1;1;XEUR;7591474;221303;
09.01.2025;07:52:37.806;FMSJ SI 20250321 CS;SIMPLE_INSTRUMENT;BLOCK;USD;17;2507.88300000;19;EXCHANGE_LAST;;1;1;XEUR;7591428;208341;
09.01.2025;04:50:19.391;FMTW SI 20250321 CS;SIMPLE_INSTRUMENT;BLOCK;USD;1;850.07800000;350;EXCHANGE_LAST;;1;1;XEUR;7590882;51884;
09.01.2025;09:51:16.217;FMTW SI 20250321 CS;SIMPLE_INSTRUMENT;EFP_IDX;USD;3;851.04700000;32;EXCHANGE_LAST;;1;1;XEUR;7590882;51884;
09.01.2025;09:51:30.585;FMTW SI 20250321 CS;SIMPLE_INSTRUMENT;EFP_IDX;USD;4;851.04600000;8;EXCHANGE_LAST;;1;1;XEUR;7590882;51884;
09.01.2025;11:23:21.473;FMUA SI 20250321 CS;SIMPLE_INSTRUMENT;BLOCK;USD;5;888.80000000;37;EXCHANGE_LAST;;1;1;XEUR;7590507;45284;
09.01.2025;11:23:22.793;FMUA SI 20250321 CS;SIMPLE_INSTRUMENT;BLOCK;USD;6;888.60000000;29;EXCHANGE_LAST;;1;1;XEUR;7590507;45284;
09.01.2025;08:12:37.148;FMWN SI 20250321 CS;SIMPLE_INSTRUMENT;BLOCK;EUR;19;590.78000000;320;EXCHANGE_LAST;;1;1;XEUR;7590222;30654;
09.01.2025;06:44:58.267;FMWO SI 20250321 CS;SIMPLE_INSTRUMENT;EFP_IDX;USD;11;11916.10000000;583;EXCHANGE_LAST;;1;1;XEUR;7589707;7059;
09.01.2025;07:21:35.654;FMWO SI 20250321 CS;SIMPLE_INSTRUMENT;BLOCK;USD;14;11922.10000000;330;EXCHANGE_LAST;;1;1;XEUR;7589707;7059;
09.01.2025;08:17:50.040;FMWO SI 20250321 CS;SIMPLE_INSTRUMENT;EFP_IDX;USD;22;11923.50000000;180;EXCHANGE_LAST;;1;1;XEUR;7589707;7059;
09.01.2025;03:17:25.380;FMXJ SI 20250321 CS;SIMPLE_INSTRUMENT;BLOCK;USD;8;578.70000000;5;EXCHANGE_LAST;;1;1;XEUR;7590866;51660;
09.01.2025;08:44:59.920;FMZA SI 20250321 CS;SIMPLE_INSTRUMENT;BLOCK;USD;27;554.72300000;59;EXCHANGE_LAST;;1;1;XEUR;7589899;12680;
09.01.2025;08:37:49.302;FOAT SI 20250306 PS;SIMPLE_INSTRUMENT;BLOCK;EUR;1;121.67000000;1886;EXCHANGE_LAST;;1;1;XEUR;11286683;749;
09.01.2025;08:39:42.556;FOAT SI 20250306 PS;SIMPLE_INSTRUMENT;BLOCK;EUR;2;121.69000000;830;EXCHANGE_LAST;;1;1;XEUR;11286683;749;
09.01.2025;08:40:36.367;FOAT SI 20250306 PS;SIMPLE_INSTRUMENT;EFP_FIN;EUR;3;121.69000000;885;EXCHANGE_LAST;;1;1;XEUR;11286683;749;
09.01.2025;08:42:31.265;FOAT SI 20250306 PS;SIMPLE_INSTRUMENT;EFP_FIN;EUR;4;121.60000000;267;EXCHANGE_LAST;;1;1;XEUR;11286683;749;
09.01.2025;08:51:23.929;FOAT SI 20250306 PS;SIMPLE_INSTRUMENT;BLOCK;EUR;5;121.71000000;1659;EXCHANGE_LAST;;1;1;XEUR;11286683;749;
09.01.2025;08:54:32.313;FOAT SI 20250306 PS;SIMPLE_INSTRUMENT;EFP_FIN;EUR;6;121.70000000;1668;EXCHANGE_LAST;;1;1;XEUR;11286683;749;
09.01.2025;08:55:39.191;FOAT SI 20250306 PS;SIMPLE_INSTRUMENT;EFP_FIN;EUR;7;121.67000000;779;EXCHANGE_LAST;;1;1;XEUR;11286683;749;
09.01.2025;09:07:10.915;FOAT SI 20250306 PS;SIMPLE_INSTRUMENT;EFP_FIN;EUR;8;121.70000000;417;EXCHANGE_LAST;;1;1;XEUR;11286683;749;
09.01.2025;09:12:46.619;FOAT SI 20250306 PS;SIMPLE_INSTRUMENT;EFP_FIN;EUR;9;121.70000000;2176;EXCHANGE_LAST;;1;1;XEUR;11286683;749;
09.01.2025;09:22:13.573;FOAT SI 20250306 PS;SIMPLE_INSTRUMENT;EFP_FIN;EUR;10;121.67000000;834;EXCHANGE_LAST;;1;1;XEUR;11286683;749;
09.01.2025;09:23:05.953;FOAT SI 20250306 PS;SIMPLE_INSTRUMENT;EFP_FIN;EUR;11;121.63000000;417;EXCHANGE_LAST;;1;1;XEUR;11286683;749;
09.01.2025;09:23:30.388;FOAT SI 20250306 PS;SIMPLE_INSTRUMENT;EFP_FIN;EUR;12;121.63000000;2085;EXCHANGE_LAST;;1;1;XEUR;11286683;749;
09.01.2025;09:25:21.050;FOAT SI 20250306 PS;SIMPLE_INSTRUMENT;EFP_FIN;EUR;13;121.63000000;442;EXCHANGE_LAST;;1;1;XEUR;11286683;749;
09.01.2025;09:29:07.756;FOAT SI 20250306 PS;SIMPLE_INSTRUMENT;EFP_FIN;EUR;14;121.51000000;1860;EXCHANGE_LAST;;1;1;XEUR;11286683;749;
09.01.2025;09:32:30.877;FOAT SI 20250306 PS;SIMPLE_INSTRUMENT;EFP_FIN;EUR;15;121.54000000;417;EXCHANGE_LAST;;1;1;XEUR;11286683;749;
09.01.2025;09:34:10.160;FOAT SI 20250306 PS;SIMPLE_INSTRUMENT;BLOCK;EUR;16;121.50000000;1425;EXCHANGE_LAST;;1;1;XEUR;11286683;749;
09.01.2025;09:35:07.735;FOAT SI 20250306 PS;SIMPLE_INSTRUMENT;EFS;EUR;17;121.52000000;549;EXCHANGE_LAST;;1;1;XEUR;11286683;749;
09.01.2025;09:44:09.572;FOAT SI 20250306 PS;SIMPLE_INSTRUMENT;EFP_FIN;EUR;18;121.50000000;128;EXCHANGE_LAST;;1;1;XEUR;11286683;749;
09.01.2025;09:48:58.518;FOAT SI 20250306 PS;SIMPLE_INSTRUMENT;EFP_FIN;EUR;19;121.60000000;175;EXCHANGE_LAST;;1;1;XEUR;11286683;749;
09.01.2025;09:49:24.726;FOAT SI 20250306 PS;SIMPLE_INSTRUMENT;EFP_FIN;EUR;20;121.60000000;267;EXCHANGE_LAST;;1;1;XEUR;11286683;749;
09.01.2025;09:55:44.651;FOAT SI 20250306 PS;SIMPLE_INSTRUMENT;BLOCK;EUR;21;121.51000000;1350;EXCHANGE_LAST;;1;1;XEUR;11286683;749;
09.01.2025;09:54:28.374;FOAT SI 20250306 PS;SIMPLE_INSTRUMENT;EFP_FIN;EUR;22;121.53000000;640;EXCHANGE_LAST;;1;1;XEUR;11286683;749;
09.01.2025;09:56:12.235;FOAT SI 20250306 PS;SIMPLE_INSTRUMENT;EFP_FIN;EUR;23;121.60000000;530;EXCHANGE_LAST;;1;1;XEUR;11286683;749;
09.01.2025;09:58:01.068;FOAT SI 20250306 PS;SIMPLE_INSTRUMENT;BLOCK;EUR;24;121.52000000;538;EXCHANGE_LAST;;1;1;XEUR;11286683;749;
09.01.2025;10:02:49.985;FOAT SI 20250306 PS;SIMPLE_INSTRUMENT;EFP_FIN;EUR;25;121.52000000;221;EXCHANGE_LAST;;1;1;XEUR;11286683;749;
09.01.2025;10:05:07.769;FOAT SI 20250306 PS;SIMPLE_INSTRUMENT;EFP_FIN;EUR;26;121.60000000;192;EXCHANGE_LAST;;1;1;XEUR;11286683;749;
09.01.2025;10:11:33.255;FOAT SI 20250306 PS;SIMPLE_INSTRUMENT;EFP_FIN;EUR;27;121.40000000;217;EXCHANGE_LAST;;1;1;XEUR;11286683;749;
09.01.2025;10:25:28.189;FOAT SI 20250306 PS;SIMPLE_INSTRUMENT;EFP_FIN;EUR;28;121.70000000;3131;EXCHANGE_LAST;;1;1;XEUR;11286683;749;
09.01.2025;10:27:24.517;FOAT SI 20250306 PS;SIMPLE_INSTRUMENT;EFP_FIN;EUR;29;121.69000000;2085;EXCHANGE_LAST;;1;1;XEUR;11286683;749;
09.01.2025;10:38:13.046;FOAT SI 20250306 PS;SIMPLE_INSTRUMENT;EFP_FIN;EUR;30;121.50000000;730;EXCHANGE_LAST;;1;1;XEUR;11286683;749;
09.01.2025;10:38:35.588;FOAT SI 20250306 PS;SIMPLE_INSTRUMENT;EFP_FIN;EUR;31;121.53000000;639;EXCHANGE_LAST;;1;1;XEUR;11286683;749;
09.01.2025;10:39:56.152;FOAT SI 20250306 PS;SIMPLE_INSTRUMENT;EFP_FIN;EUR;32;121.53000000;830;EXCHANGE_LAST;;1;1;XEUR;11286683;749;
09.01.2025;10:40:38.902;FOAT SI 20250306 PS;SIMPLE_INSTRUMENT;EFP_FIN;EUR;33;121.53000000;320;EXCHANGE_LAST;;1;1;XEUR;11286683;749;
09.01.2025;10:49:20.749;FOAT SI 20250306 PS;SIMPLE_INSTRUMENT;EFP_FIN;EUR;34;121.60000000;2210;EXCHANGE_LAST;;1;1;XEUR;11286683;749;
09.01.2025;11:01:18.175;FOAT SI 20250306 PS;SIMPLE_INSTRUMENT;EFP_FIN;EUR;35;121.35000000;133;EXCHANGE_LAST;;1;1;XEUR;11286683;749;
09.01.2025;11:14:14.062;FOAT SI 20250306 PS;SIMPLE_INSTRUMENT;EFP_FIN;EUR;36;121.50000000;340;EXCHANGE_LAST;;1;1;XEUR;11286683;749;
09.01.2025;11:41:52.804;FOAT SI 20250306 PS;SIMPLE_INSTRUMENT;EFP_FIN;EUR;37;121.51000000;1770;EXCHANGE_LAST;;1;1;XEUR;11286683;749;
09.01.2025;11:44:38.973;FOAT SI 20250306 PS;SIMPLE_INSTRUMENT;EFS;EUR;38;121.45000000;265;EXCHANGE_LAST;;1;1;XEUR;11286683;749;
09.01.2025;11:53:49.668;FOAT SI 20250306 PS;SIMPLE_INSTRUMENT;BLOCK;EUR;39;121.62000000;545;EXCHANGE_LAST;;1;1;XEUR;11286683;749;
09.01.2025;12:02:00.014;FOAT SI 20250306 PS;SIMPLE_INSTRUMENT;BLOCK;EUR;40;121.56000000;709;EXCHANGE_LAST;;1;1;XEUR;11286683;749;
09.01.2025;12:13:49.569;FOAT SI 20250306 PS;SIMPLE_INSTRUMENT;EFS;EUR;41;121.56000000;215;EXCHANGE_LAST;;1;1;XEUR;11286683;749;
09.01.2025;12:15:09.643;FOAT SI 20250306 PS;SIMPLE_INSTRUMENT;EFP_FIN;EUR;42;121.60000000;223;EXCHANGE_LAST;;1;1;XEUR;11286683;749;
09.01.2025;12:16:00.027;FOAT SI 20250306 PS;SIMPLE_INSTRUMENT;EFP_FIN;EUR;43;121.60000000;90;EXCHANGE_LAST;;1;1;XEUR;11286683;749;
09.01.2025;12:21:09.955;FOAT SI 20250306 PS;SIMPLE_INSTRUMENT;EFP_FIN;EUR;44;121.60000000;1091;EXCHANGE_LAST;;1;1;XEUR;11286683;749;
09.01.2025;12:33:39.211;FOAT SI 20250306 PS;SIMPLE_INSTRUMENT;EFP_FIN;EUR;45;121.56000000;501;EXCHANGE_LAST;;1;1;XEUR;11286683;749;
09.01.2025;12:40:14.708;FOAT SI 20250306 PS;SIMPLE_INSTRUMENT;EFP_FIN;EUR;46;121.56000000;1167;EXCHANGE_LAST;;1;1;XEUR;11286683;749;
09.01.2025;12:40:28.765;FOAT SI 20250306 PS;SIMPLE_INSTRUMENT;EFS;EUR;47;121.59000000;996;EXCHANGE_LAST;;1;1;XEUR;11286683;749;
09.01.2025;12:58:01.498;FOAT SI 20250306 PS;SIMPLE_INSTRUMENT;EFP_FIN;EUR;48;121.57000000;354;EXCHANGE_LAST;;1;1;XEUR;11286683;749;
09.01.2025;13:10:54.256;FOAT SI 20250306 PS;SIMPLE_INSTRUMENT;EFP_FIN;EUR;49;121.61000000;164;EXCHANGE_LAST;;1;1;XEUR;11286683;749;
09.01.2025;13:16:06.798;FOAT SI 20250306 PS;SIMPLE_INSTRUMENT;EFP_FIN;EUR;50;121.63000000;138;EXCHANGE_LAST;;1;1;XEUR;11286683;749;
09.01.2025;13:21:38.603;FOAT SI 20250306 PS;SIMPLE_INSTRUMENT;EFS;EUR;51;121.61000000;554;EXCHANGE_LAST;;1;1;XEUR;11286683;749;
09.01.2025;13:32:26.124;FOAT SI 20250306 PS;SIMPLE_INSTRUMENT;EFP_FIN;EUR;52;121.63000000;318;EXCHANGE_LAST;;1;1;XEUR;11286683;749;
09.01.2025;13:51:02.351;FOAT SI 20250306 PS;SIMPLE_INSTRUMENT;EFP_FIN;EUR;53;121.67000000;355;EXCHANGE_LAST;;1;1;XEUR;11286683;749;
09.01.2025;13:54:33.400;FOAT SI 20250306 PS;SIMPLE_INSTRUMENT;EFP_FIN;EUR;54;121.66000000;195;EXCHANGE_LAST;;1;1;XEUR;11286683;749;
09.01.2025;14:02:56.010;FOAT SI 20250306 PS;SIMPLE_INSTRUMENT;EFS;EUR;55;121.68000000;56;EXCHANGE_LAST;;1;1;XEUR;11286683;749;
