#Date;TrdTime;Contract;ContractType;TrdTyp;Currency;TesId;Prc;Qty;TrdInd;Aggressor;Buy;Sell;Exch;InstrumentId;RelatedProdId;PrcDecomp
30.01.2025;08:49:52.178;A2SG SI 20251219 CS;SIMPLE_INSTRUMENT;BLOCK;EUR;2;1.43000000;800;EXCHANGE_LAST;;1;4;XEUR;5914262;14;
30.01.2025;11:58:14.870;A2SG SI 20271217 CS;SIMPLE_INSTRUMENT;BLOCK;EUR;20;1.48000000;300;EXCHANGE_LAST;;1;1;XEUR;8369813;14;
30.01.2025;12:21:35.625;A2SG SI 20271217 CS;SIMPLE_INSTRUMENT;BLOCK;EUR;23;1.49000000;1000;EXCHANGE_LAST;;1;1;XEUR;8369813;14;
30.01.2025;11:17:47.794;A2XA SI 20251219 CS;SIMPLE_INSTRUMENT;BLOCK;EUR;16;2.16000000;300;EXCHANGE_LAST;;1;1;XEUR;3681055;17;
30.01.2025;11:24:52.972;A2XA SI 20271217 CS;SIMPLE_INSTRUMENT;BLOCK;EUR;18;2.10000000;250;EXCHANGE_LAST;;1;1;XEUR;5914267;17;
30.01.2025;08:26:38.433;ABBN SI 20250321 PS AM C 52.00 0;SIMPLE_INSTRUMENT;BLOCK;CHF;2;2.11000000;1343;EXCHANGE_LAST;;1;1;XEUR;10886859;574517;
30.01.2025;09:58:26.810;ABBN SI 20250221 PS AM P 50.00 0;SIMPLE_INSTRUMENT;BLOCK;CHF;15;0.75000000;1210;EXCHANGE_LAST;;1;1;XEUR;12279674;574517;
30.01.2025;10:19:04.961;ABBN SI 20250321 PS AM C 52.00 0;SIMPLE_INSTRUMENT;BLOCK;CHF;17;1.33000000;2000;EXCHANGE_LAST;;1;1;XEUR;10886859;574517;
30.01.2025;15:32:35.244;ABBN SI 20250919 PS AM P 43.00 0;SIMPLE_INSTRUMENT;BLOCK;CHF;46;1.27000000;1250;EXCHANGE_LAST;;1;1;XEUR;12393074;574517;
30.01.2025;15:40:03.516;ADEF SI 20250321 CS;SIMPLE_INSTRUMENT;BLOCK;CHF;52;22.01700000;2000;EXCHANGE_LAST;;1;1;XEUR;10692264;47;
30.01.2025;11:00:02.359;ADS.O.250130.IRTSP.000005;STANDARD_OPTION_STRATEGY;BLOCK;EUR;5;-10.80000000;250;EXCHANGE_LAST;;1;1;XEUR;72057808786332413;50;
30.01.2025;11:00:02.359;ADS SI 20251219 PS AM P 240.00 0;SIMPLE_INSTRUMENT;BLOCK;EUR;5;17.52000000;250;PRC_DECOMP_EXCHANGE;;;;XEUR;5919900;50;EXCHANGE
30.01.2025;11:00:02.359;ADS SI 20250321 PS AM C 265.00 0;SIMPLE_INSTRUMENT;BLOCK;EUR;5;6.72000000;250;PRC_DECOMP_EXCHANGE;;;;XEUR;12430902;50;EXCHANGE
30.01.2025;15:49:45.878;ADS.O.250130.COMBO.000008;STANDARD_OPTION_STRATEGY;BLOCK;EUR;19;-4.70000000;250;EXCHANGE_LAST;;1;1;XEUR;72057808786332416;50;
30.01.2025;15:49:45.878;ADS SI 20250620 PS AM C 280.00 0;SIMPLE_INSTRUMENT;BLOCK;EUR;19;9.52000000;250;PRC_DECOMP_EXCHANGE;;;;XEUR;7967399;50;EXCHANGE
30.01.2025;15:49:45.878;ADS SI 20250620 PS AM P 220.00 0;SIMPLE_INSTRUMENT;BLOCK;EUR;19;4.82000000;250;PRC_DECOMP_EXCHANGE;;;;XEUR;11297076;50;EXCHANGE
30.01.2025;10:11:40.846;AIR SI 20251219 PS AM P 150.00 0;SIMPLE_INSTRUMENT;BLOCK;EUR;11;5.05000000;600;EXCHANGE_LAST;;1;1;XEUR;12431437;64;
30.01.2025;09:27:02.866;ALC SI 20250620 PS AM C 88.00 0;SIMPLE_INSTRUMENT;BLOCK;CHF;8;2.35000000;350;EXCHANGE_LAST;;1;1;XEUR;11329047;130134;
30.01.2025;11:33:31.837;ALV SI 20250620 PS AM C 280.00 0;SIMPLE_INSTRUMENT;BLOCK;EUR;3;39.15000000;300;EXCHANGE_LAST;;1;1;XEUR;7898310;74;
30.01.2025;13:44:15.454;ALV SI 20250321 PS AM P 275.00 0;SIMPLE_INSTRUMENT;BLOCK;EUR;8;1.00000000;300;EXCHANGE_LAST;;1;1;XEUR;12394541;74;
30.01.2025;14:34:47.795;ALV SI 20250919 PS AM C 300.00 0;SIMPLE_INSTRUMENT;BLOCK;EUR;10;24.10000000;300;EXCHANGE_LAST;;1;1;XEUR;11871531;74;
30.01.2025;13:04:06.494;ANN SI 20261218 PS AM P 28.00 0;SIMPLE_INSTRUMENT;BLOCK;EUR;14;4.12000000;2500;EXCHANGE_LAST;;2;1;XEUR;7644472;45202;
30.01.2025;15:19:25.443;ANN SI 20251219 PS AM P 28.00 0;SIMPLE_INSTRUMENT;BLOCK;EUR;22;2.69000000;2800;EXCHANGE_LAST;;1;1;XEUR;7644476;45202;
30.01.2025;12:06:06.812;AOM SI 20260619 PS AM P 18.00 0;SIMPLE_INSTRUMENT;BLOCK;EUR;19;2.35000000;1000;EXCHANGE_LAST;;1;1;XEUR;11249225;88;
30.01.2025;16:11:21.905;ARG SI 20250321 PS AM P 600.00 0;SIMPLE_INSTRUMENT;BLOCK;EUR;3;21.50000000;75;EXCHANGE_LAST;;1;1;XEUR;10880613;355435;
30.01.2025;10:14:44.949;ASG5 SI 20250619 PS AM P 20.00 0;SIMPLE_INSTRUMENT;BLOCK;EUR;6;0.18000000;2500;EXCHANGE_LAST;;1;1;XEUR;7889068;109;
30.01.2025;12:24:10.718;ASM SI 20271217 PS AM P 550.00 0;SIMPLE_INSTRUMENT;BLOCK;EUR;11;77.50000000;450;EXCHANGE_LAST;;2;2;XEUR;11828649;107;
30.01.2025;13:07:08.789;ASM SI 20250620 PS AM P 640.00 0;SIMPLE_INSTRUMENT;BLOCK;EUR;13;31.78000000;150;EXCHANGE_LAST;;1;1;XEUR;7898589;107;
30.01.2025;13:07:08.870;ASM SI 20250620 PS AM P 560.00 0;SIMPLE_INSTRUMENT;BLOCK;EUR;14;12.20000000;150;EXCHANGE_LAST;;1;1;XEUR;7898584;107;
30.01.2025;15:35:55.771;ASM.N.250130.000012;NON_STANDARD_OPTION_STRATEGY;BLOCK;EUR;23;-30.00000000;150;EXCHANGE_LAST;;1;1;XEUR;72058053599446383;107;
30.01.2025;15:35:55.771;ASM SI 20250321 PS AM C 790.00 0;SIMPLE_INSTRUMENT;BLOCK;EUR;23;9.50000000;300;PRC_DECOMP_MEMBER;;;;XEUR;12432556;107;MEMBER
30.01.2025;15:35:55.771;ASM SI 20250221 PS AM C 770.00 0;SIMPLE_INSTRUMENT;BLOCK;EUR;23;5.40000000;150;PRC_DECOMP_MEMBER;;;;XEUR;12338872;107;MEMBER
30.01.2025;15:35:55.771;ASM SI 20250221 PS AM C 840.00 0;SIMPLE_INSTRUMENT;BLOCK;EUR;23;1.10000000;300;PRC_DECOMP_MEMBER;;;;XEUR;12338948;107;MEMBER
30.01.2025;15:35:55.771;ASM SI 20250221 PS AM P 650.00 0;SIMPLE_INSTRUMENT;BLOCK;EUR;23;7.80000000;150;PRC_DECOMP_MEMBER;;;;XEUR;12238570;107;MEMBER
30.01.2025;16:19:30.794;ASM SI 20250620 PS AM P 680.00 0;SIMPLE_INSTRUMENT;BLOCK;EUR;25;48.91000000;150;EXCHANGE_LAST;;1;1;XEUR;11349933;107;
30.01.2025;16:19:31.389;ASM SI 20250321 PS AM P 680.00 0;SIMPLE_INSTRUMENT;BLOCK;EUR;26;25.76000000;150;EXCHANGE_LAST;;1;1;XEUR;10830128;107;
30.01.2025;09:42:26.451;ATL SI 20250221 PS AM P 176.00 0;SIMPLE_INSTRUMENT;BLOCK;SEK;5;1.87000000;12000;EXCHANGE_LAST;;1;1;XEUR;12659918;720141;
30.01.2025;09:34:32.045;AXA.O.250130.BRT.000001;STANDARD_OPTION_STRATEGY;BLOCK;EUR;5;1.65000000;1250;EXCHANGE_LAST;;1;1;XEUR;72058139498795260;127;
30.01.2025;09:34:32.045;AXA SI 20250321 PS AM P 30.00 0;SIMPLE_INSTRUMENT;BLOCK;EUR;5;0.09000000;1250;PRC_DECOMP_EXCHANGE;;;;XEUR;10830416;127;EXCHANGE
30.01.2025;09:34:32.045;AXA SI 20260619 PS AM P 30.00 0;SIMPLE_INSTRUMENT;BLOCK;EUR;5;1.74000000;1250;PRC_DECOMP_EXCHANGE;;;;XEUR;11479916;127;EXCHANGE
30.01.2025;09:45:52.996;AXA SI 20250620 PS AM P 24.00 0;SIMPLE_INSTRUMENT;BLOCK;EUR;6;0.17000000;1250;EXCHANGE_LAST;;1;1;XEUR;7898730;127;
30.01.2025;09:45:52.992;AXA SI 20250620 PS AM P 32.00 0;SIMPLE_INSTRUMENT;BLOCK;EUR;7;0.77000000;1250;EXCHANGE_LAST;;1;1;XEUR;7898739;127;
30.01.2025;12:50:02.202;AXA.O.250130.PDIA.000003;STANDARD_OPTION_STRATEGY;BLOCK;EUR;23;2.17000000;1250;EXCHANGE_LAST;;1;1;XEUR;72058139498795262;127;
30.01.2025;12:50:02.202;AXA SI 20271217 PS AM P 28.00 0;SIMPLE_INSTRUMENT;BLOCK;EUR;23;2.52000000;1250;PRC_DECOMP_EXCHANGE;;;;XEUR;8773982;127;EXCHANGE
30.01.2025;12:50:02.202;AXA SI 20250620 PS AM P 26.00 0;SIMPLE_INSTRUMENT;BLOCK;EUR;23;0.35000000;1250;PRC_DECOMP_EXCHANGE;;;;XEUR;9735899;127;EXCHANGE
30.01.2025;16:13:51.831;B2AS SI 20261218 CS;SIMPLE_INSTRUMENT;BLOCK;EUR;56;2.18000000;300;EXCHANGE_LAST;;1;1;XEUR;4632165;140;
30.01.2025;16:40:07.716;B2AS SI 20271217 CS;SIMPLE_INSTRUMENT;BLOCK;EUR;69;2.18000000;500;EXCHANGE_LAST;;1;1;XEUR;5914347;140;
30.01.2025;13:51:07.541;B2NP SI 20251219 CS;SIMPLE_INSTRUMENT;BLOCK;EUR;33;5.40000000;400;EXCHANGE_LAST;;2;1;XEUR;5914355;131;
30.01.2025;09:24:24.682;B3BV SI 20251219 CS;SIMPLE_INSTRUMENT;BLOCK;EUR;3;0.68500000;1600;EXCHANGE_LAST;;2;1;XEUR;5914370;135;
30.01.2025;11:26:55.623;B3BV SI 20251219 CS;SIMPLE_INSTRUMENT;BLOCK;EUR;12;0.70000000;8500;EXCHANGE_LAST;;4;3;XEUR;5914370;135;
30.01.2025;11:17:46.490;B3BV SI 20251219 CS;SIMPLE_INSTRUMENT;BLOCK;EUR;15;0.70000000;250;EXCHANGE_LAST;;1;1;XEUR;5914370;135;
30.01.2025;12:18:27.960;B3BV SI 20251219 CS;SIMPLE_INSTRUMENT;BLOCK;EUR;22;0.70000000;4000;EXCHANGE_LAST;;1;1;XEUR;5914370;135;
30.01.2025;09:30:30.800;BAEN.O.250130.BR13.000001;STANDARD_OPTION_STRATEGY;BLOCK;CHF;10;-4.80000000;500;EXCHANGE_LAST;;1;1;XEUR;72058276937746640;159;
30.01.2025;09:30:30.800;BAEN SI 20251219 PS AM P 64.00 0;SIMPLE_INSTRUMENT;BLOCK;CHF;10;6.81000000;500;PRC_DECOMP_MEMBER;;;;XEUR;12433506;159;MEMBER
30.01.2025;09:30:30.800;BAEN SI 20251219 PS AM P 40.00 0;SIMPLE_INSTRUMENT;BLOCK;CHF;10;0.67000000;1500;PRC_DECOMP_MEMBER;;;;XEUR;5921984;159;MEMBER
30.01.2025;15:40:04.265;BALN SI 20260619 PS AM P 140.00 0;SIMPLE_INSTRUMENT;BLOCK;CHF;47;6.02000000;200;EXCHANGE_LAST;;1;1;XEUR;9538961;147;
30.01.2025;08:24:08.007;BAS SI 20250214 PS AM C 50.00 0;SIMPLE_INSTRUMENT;BLOCK;EUR;1;0.27000000;5275;EXCHANGE_LAST;;1;1;XEUR;12673175;150;
30.01.2025;10:52:00.039;BAS SI 20251219 PS AM C 48.00 0;SIMPLE_INSTRUMENT;BLOCK;EUR;2;3.94000000;500;EXCHANGE_LAST;;1;1;XEUR;5922203;150;
30.01.2025;10:58:25.630;BAS SI 20250417 PS AM C 50.00 0;SIMPLE_INSTRUMENT;BLOCK;EUR;4;1.63000000;5000;EXCHANGE_LAST;;1;2;XEUR;12673179;150;
30.01.2025;11:34:00.427;BAS SI 20250131 PS AM C 48.00 0;SIMPLE_INSTRUMENT;BLOCK;EUR;5;0.32000000;945;EXCHANGE_LAST;;1;1;XEUR;12604624;150;
30.01.2025;12:38:49.315;BAS.O.250130.CDIA.000007;STANDARD_OPTION_STRATEGY;BLOCK;EUR;7;-0.96000000;2500;EXCHANGE_LAST;;1;1;XEUR;72058238283091557;150;
30.01.2025;12:38:49.315;BAS SI 20250620 PS AM C 48.00 0;SIMPLE_INSTRUMENT;BLOCK;EUR;7;2.71000000;2500;PRC_DECOMP_EXCHANGE;;;;XEUR;7898967;150;EXCHANGE
30.01.2025;12:38:49.315;BAS SI 20250919 PS AM C 52.00 0;SIMPLE_INSTRUMENT;BLOCK;EUR;7;1.75000000;2500;PRC_DECOMP_EXCHANGE;;;;XEUR;11873033;150;EXCHANGE
30.01.2025;14:52:52.703;BAS.O.250130.BRT.000010;STANDARD_OPTION_STRATEGY;BLOCK;EUR;10;5.75000000;1000;EXCHANGE_LAST;;1;1;XEUR;72058238283091560;150;
30.01.2025;14:52:52.703;BAS SI 20261218 PS AM P 48.00 0;SIMPLE_INSTRUMENT;BLOCK;EUR;10;7.15000000;1000;PRC_DECOMP_EXCHANGE;;;;XEUR;7153480;150;EXCHANGE
30.01.2025;14:52:52.703;BAS SI 20250221 PS AM P 48.00 0;SIMPLE_INSTRUMENT;BLOCK;EUR;10;1.40000000;1000;PRC_DECOMP_EXCHANGE;;;;XEUR;12238966;150;EXCHANGE
30.01.2025;15:02:34.332;BAS.O.250130.BRT.000010;STANDARD_OPTION_STRATEGY;BLOCK;EUR;11;5.75000000;500;EXCHANGE_LAST;;1;1;XEUR;72058238283091560;150;
30.01.2025;15:02:34.332;BAS SI 20261218 PS AM P 48.00 0;SIMPLE_INSTRUMENT;BLOCK;EUR;11;7.15000000;500;PRC_DECOMP_MEMBER;;;;XEUR;7153480;150;MEMBER
30.01.2025;15:02:34.332;BAS SI 20250221 PS AM P 48.00 0;SIMPLE_INSTRUMENT;BLOCK;EUR;11;1.40000000;500;PRC_DECOMP_MEMBER;;;;XEUR;12238966;150;MEMBER
30.01.2025;15:43:32.053;BAS SI 20250221 PS AM C 49.00 0;SIMPLE_INSTRUMENT;BLOCK;EUR;12;0.56000000;1500;EXCHANGE_LAST;;1;1;XEUR;12339045;150;
30.01.2025;16:35:36.333;BAS SI 20251219 PS AM C 48.00 0;SIMPLE_INSTRUMENT;BLOCK;EUR;13;3.94000000;500;EXCHANGE_LAST;;1;1;XEUR;5922203;150;
30.01.2025;08:20:03.446;BIO SI 20250321 PS AM P 36.00 0;SIMPLE_INSTRUMENT;BLOCK;CHF;1;0.35000000;275;EXCHANGE_LAST;;1;1;XEUR;10831942;193;
30.01.2025;16:42:38.676;BMW SI 20250221 PS AM C 82.00 0;SIMPLE_INSTRUMENT;BLOCK;EUR;16;1.54000000;1000;EXCHANGE_LAST;;1;2;XEUR;12339270;210;
30.01.2025;16:50:37.468;BMW SI 20250321 PS AM P 79.00 0;SIMPLE_INSTRUMENT;BLOCK;EUR;17;3.07000000;500;EXCHANGE_LAST;;1;1;XEUR;12434881;210;
30.01.2025;10:54:15.953;BNP.O.250130.STD.000002;STANDARD_OPTION_STRATEGY;BLOCK;EUR;14;20.05000000;1200;EXCHANGE_LAST;;2;2;XEUR;72058611945199842;237;
30.01.2025;10:54:15.953;BNP SI 20271217 PS AM P 64.00 0;SIMPLE_INSTRUMENT;BLOCK;EUR;14;13.23000000;1200;PRC_DECOMP_EXCHANGE;;;;XEUR;8776292;237;EXCHANGE
30.01.2025;10:54:15.953;BNP SI 20271217 PS AM C 64.00 0;SIMPLE_INSTRUMENT;BLOCK;EUR;14;6.82000000;1200;PRC_DECOMP_EXCHANGE;;;;XEUR;8776303;237;EXCHANGE
30.01.2025;11:27:46.246;BNP SI 20251219 PS AM P 60.00 0;SIMPLE_INSTRUMENT;BLOCK;EUR;16;4.73000000;2000;EXCHANGE_LAST;;1;2;XEUR;5995681;237;
30.01.2025;12:30:34.800;BNP SI 20260619 PS AM P 60.00 0;SIMPLE_INSTRUMENT;BLOCK;EUR;21;7.23000000;1000;EXCHANGE_LAST;;1;2;XEUR;9541702;237;
30.01.2025;14:46:47.773;BNP.O.250130.BUL.000004;STANDARD_OPTION_STRATEGY;BLOCK;EUR;33;2.92000000;800;EXCHANGE_LAST;;1;1;XEUR;72058611945199844;237;
30.01.2025;14:46:47.773;BNP SI 20250321 PS AM C 60.00 0;SIMPLE_INSTRUMENT;BLOCK;EUR;33;6.37000000;800;PRC_DECOMP_EXCHANGE;;;;XEUR;10832953;237;EXCHANGE
30.01.2025;14:46:47.773;BNP SI 20250321 PS AM C 64.00 0;SIMPLE_INSTRUMENT;BLOCK;EUR;33;3.45000000;800;PRC_DECOMP_EXCHANGE;;;;XEUR;10832961;237;EXCHANGE
30.01.2025;12:54:10.189;BNR SI 20250221 PS AM C 61.00 0;SIMPLE_INSTRUMENT;BLOCK;EUR;8;1.58000000;177;EXCHANGE_LAST;;1;1;XEUR;12616578;235;
30.01.2025;16:49:32.058;C4RI SI 20251219 CS;SIMPLE_INSTRUMENT;BLOCK;EUR;73;2.65000000;600;EXCHANGE_LAST;;1;2;XEUR;5914459;50862;
30.01.2025;12:03:32.967;CBKE.O.250130.BUL.000001;STANDARD_OPTION_STRATEGY;BLOCK;EUR;8;0.45000000;15000;EXCHANGE_LAST;;1;2;XEUR;72058899707986085;304;
30.01.2025;12:03:32.967;CBKE SI 20250620 PS EU C 19.00 0;SIMPLE_INSTRUMENT;BLOCK;EUR;8;0.89000000;15000;PRC_DECOMP_EXCHANGE;;;;XEUR;11354584;304;EXCHANGE
30.01.2025;12:03:32.967;CBKE SI 20250620 PS EU C 18.00 0;SIMPLE_INSTRUMENT;BLOCK;EUR;8;1.34000000;15000;PRC_DECOMP_EXCHANGE;;;;XEUR;8883194;304;EXCHANGE
30.01.2025;14:44:19.539;CFR.O.250130.BER.000003;STANDARD_OPTION_STRATEGY;BLOCK;CHF;38;7.10000000;500;EXCHANGE_LAST;;1;1;XEUR;72058938362728489;313;
30.01.2025;14:44:19.539;CFR SI 20250620 PS AM P 140.00 0;SIMPLE_INSTRUMENT;BLOCK;CHF;38;1.94000000;500;PRC_DECOMP_EXCHANGE;;;;XEUR;9996499;313;EXCHANGE
30.01.2025;14:44:19.539;CFR SI 20250620 PS AM P 170.00 0;SIMPLE_INSTRUMENT;BLOCK;CHF;38;9.04000000;500;PRC_DECOMP_EXCHANGE;;;;XEUR;11354564;313;EXCHANGE
30.01.2025;14:12:23.494;CON SI 20250221 PS AM C 70.00 0;SIMPLE_INSTRUMENT;BLOCK;EUR;10;1.75000000;500;EXCHANGE_LAST;;1;2;XEUR;12276930;414620;
30.01.2025;12:40:58.737;DAI.O.250130.STD.000005;STANDARD_OPTION_STRATEGY;BLOCK;EUR;6;11.07000000;1250;EXCHANGE_LAST;;1;1;XEUR;73961106363663870;443196;
30.01.2025;12:40:58.737;DAI SI 20251219 PS AM C 60.00 0;SIMPLE_INSTRUMENT;BLOCK;EUR;6;4.03000000;1250;PRC_DECOMP_EXCHANGE;;;;XEUR;7144524;443196;EXCHANGE
30.01.2025;12:40:58.737;DAI SI 20251219 PS AM P 60.00 0;SIMPLE_INSTRUMENT;BLOCK;EUR;6;7.04000000;1250;PRC_DECOMP_EXCHANGE;;;;XEUR;7144540;443196;EXCHANGE
30.01.2025;13:31:36.706;DAI.O.250130.STD.000005;STANDARD_OPTION_STRATEGY;BLOCK;EUR;8;11.07000000;750;EXCHANGE_LAST;;1;1;XEUR;73961106363663870;443196;
30.01.2025;13:31:36.706;DAI SI 20251219 PS AM C 60.00 0;SIMPLE_INSTRUMENT;BLOCK;EUR;8;4.12000000;750;PRC_DECOMP_EXCHANGE;;;;XEUR;7144524;443196;EXCHANGE
30.01.2025;13:31:36.706;DAI SI 20251219 PS AM P 60.00 0;SIMPLE_INSTRUMENT;BLOCK;EUR;8;6.95000000;750;PRC_DECOMP_EXCHANGE;;;;XEUR;7144540;443196;EXCHANGE
30.01.2025;16:28:03.549;DAI SI 20251219 PS AM P 60.00 0;SIMPLE_INSTRUMENT;BLOCK;EUR;13;7.10000000;1000;EXCHANGE_LAST;;1;1;XEUR;7144540;443196;
30.01.2025;15:13:34.061;DPW SI 20250321 PS AM C 36.00 0;SIMPLE_INSTRUMENT;BLOCK;EUR;21;1.15000000;3000;EXCHANGE_LAST;;1;1;XEUR;10836841;445;
30.01.2025;16:03:44.654;DPW SI 20250321 PS AM C 36.00 0;SIMPLE_INSTRUMENT;BLOCK;EUR;25;1.15000000;2000;EXCHANGE_LAST;;3;1;XEUR;10836841;445;
30.01.2025;16:24:19.014;DPW SI 20251219 PS AM P 28.00 0;SIMPLE_INSTRUMENT;BLOCK;EUR;28;0.88000000;2000;EXCHANGE_LAST;;1;1;XEUR;5926784;445;
30.01.2025;11:19:55.288;DTE SI 20250620 PS AM C 33.00 0;SIMPLE_INSTRUMENT;BLOCK;EUR;10;0.88000000;5000;EXCHANGE_LAST;;1;3;XEUR;12038060;424;
30.01.2025;12:24:15.773;DTE SI 20250620 PS AM C 34.00 0;SIMPLE_INSTRUMENT;BLOCK;EUR;12;0.59000000;4000;EXCHANGE_LAST;;2;1;XEUR;11356822;424;
30.01.2025;14:50:02.771;DTEE SI 20251219 PS EU C 25.00 0;SIMPLE_INSTRUMENT;BLOCK;EUR;19;7.25000000;14000;EXCHANGE_LAST;;1;1;XEUR;9660427;429;
30.01.2025;14:50:05.016;DTEE SI 20251219 PS EU P 25.00 0;SIMPLE_INSTRUMENT;BLOCK;EUR;20;0.40000000;4000;EXCHANGE_LAST;;1;1;XEUR;9660428;429;
30.01.2025;16:39:43.397;E2NT SI 20291221 CS;SIMPLE_INSTRUMENT;BLOCK;EUR;57;0.78000000;850;EXCHANGE_LAST;;2;1;XEUR;8378976;470;
30.01.2025;16:39:38.219;E2NT SI 20281215 CS;SIMPLE_INSTRUMENT;BLOCK;EUR;58;0.85000000;850;EXCHANGE_LAST;;2;1;XEUR;6802271;470;
30.01.2025;16:39:48.644;E2NT SI 20271217 CS;SIMPLE_INSTRUMENT;BLOCK;EUR;61;0.92000000;850;EXCHANGE_LAST;;2;1;XEUR;5914575;470;
30.01.2025;16:40:01.017;E2NT SI 20261218 CS;SIMPLE_INSTRUMENT;BLOCK;EUR;62;1.00000000;850;EXCHANGE_LAST;;2;1;XEUR;4632357;470;
30.01.2025;16:40:09.812;E2NT SI 20251219 CS;SIMPLE_INSTRUMENT;BLOCK;EUR;63;1.01000000;850;EXCHANGE_LAST;;2;1;XEUR;3681294;470;
30.01.2025;12:38:14.929;EAD SI 20261218 PS AM C 185.00 0;SIMPLE_INSTRUMENT;BLOCK;EUR;22;16.65000000;500;EXCHANGE_LAST;;1;1;XEUR;12602620;465;
30.01.2025;16:35:04.929;EAD SI 20250321 PS AM P 160.00 0;SIMPLE_INSTRUMENT;BLOCK;EUR;39;3.28000000;500;EXCHANGE_LAST;;1;1;XEUR;11013901;465;
30.01.2025;15:15:13.137;ENR SI 20250321 PS AM C 54.00 0;SIMPLE_INSTRUMENT;BLOCK;EUR;23;5.83000000;2250;EXCHANGE_LAST;;1;1;XEUR;12484031;298530;
30.01.2025;15:15:13.513;ENR SI 20250321 PS AM C 54.00 0;SIMPLE_INSTRUMENT;BLOCK;EUR;24;5.85000000;12750;EXCHANGE_LAST;;1;1;XEUR;12484031;298530;
30.01.2025;16:35:59.367;ENR SI 20250221 PS AM P 52.00 0;SIMPLE_INSTRUMENT;BLOCK;EUR;29;1.15000000;2250;EXCHANGE_LAST;;1;1;XEUR;12273413;298530;
30.01.2025;13:01:08.594;ENT5 SI 20250320 PS AM C 14.00 0;SIMPLE_INSTRUMENT;BLOCK;EUR;12;0.18500000;500;EXCHANGE_LAST;;1;1;XEUR;10822837;497;
30.01.2025;14:36:26.023;ENT5.O.250130.COMBO.000002;STANDARD_OPTION_STRATEGY;BLOCK;EUR;19;-0.06250000;400;EXCHANGE_LAST;;1;1;XEUR;72059728636684217;497;
30.01.2025;14:36:26.023;ENT5 SI 20250220 PS AM P 13.00 0;SIMPLE_INSTRUMENT;BLOCK;EUR;19;0.04450000;400;PRC_DECOMP_EXCHANGE;;;;XEUR;12232109;497;EXCHANGE
30.01.2025;14:36:26.023;ENT5 SI 20250220 PS AM C 13.80 0;SIMPLE_INSTRUMENT;BLOCK;EUR;19;0.10700000;400;PRC_DECOMP_EXCHANGE;;;;XEUR;12232152;497;EXCHANGE
30.01.2025;16:37:38.125;ENT5 FI 20291220 PS EU C 13.0000 0;FLEXIBLE_INSTRUMENT;BLOCK;EUR;31;1.46000000;1000;EXCHANGE_LAST;;1;1;XEUR;1152923639205601163;497;
30.01.2025;16:37:26.856;ENT5 FI 20291220 PS EU P 13.0000 0;FLEXIBLE_INSTRUMENT;BLOCK;EUR;32;3.20000000;1000;EXCHANGE_LAST;;1;1;XEUR;1152923639205601164;497;
30.01.2025;16:40:25.894;ENT5 FI 20291220 PS EU C 13.0000 0;FLEXIBLE_INSTRUMENT;BLOCK;EUR;33;1.46000000;1000;EXCHANGE_LAST;;1;1;XEUR;1152923639205601163;497;
30.01.2025;16:40:42.634;ENT5 FI 20291220 PS EU P 13.0000 0;FLEXIBLE_INSTRUMENT;BLOCK;EUR;34;3.20000000;1000;EXCHANGE_LAST;;1;1;XEUR;1152923639205601164;497;
30.01.2025;16:40:57.005;ENT5 SI 20271216 PS AM P 12.00 0;SIMPLE_INSTRUMENT;BLOCK;EUR;36;1.57500000;1000;EXCHANGE_LAST;;1;1;XEUR;8765008;497;
30.01.2025;16:51:46.761;ENT5 SI 20281214 PS AM P 12.00 0;SIMPLE_INSTRUMENT;BLOCK;EUR;39;1.90000000;1000;EXCHANGE_LAST;;1;1;XEUR;10381179;497;
30.01.2025;10:09:40.855;EOA SI 20250221 PS AM C 11.40 0;SIMPLE_INSTRUMENT;BLOCK;EUR;3;0.18000000;10000;EXCHANGE_LAST;;2;1;XEUR;12265504;49065;
30.01.2025;15:05:59.977;EOA SI 20260619 PS AM P 10.00 0;SIMPLE_INSTRUMENT;BLOCK;EUR;11;0.69000000;2000;EXCHANGE_LAST;;1;1;XEUR;9579048;49065;
30.01.2025;16:59:26.293;FATX SI 20250321 CS;SIMPLE_INSTRUMENT;BLOCK;EUR;9;3864.00000000;101;EXCHANGE_LAST;;1;1;XEUR;11385582;28699;
30.01.2025;16:59:46.726;FATX SI 20250321 CS;SIMPLE_INSTRUMENT;EFP_IDX;EUR;10;3867.00000000;59;EXCHANGE_LAST;;1;1;XEUR;11385582;28699;
30.01.2025;08:38:15.026;FBTP SI 20250306 PS;SIMPLE_INSTRUMENT;EFP_FIN;EUR;1;119.15000000;848;EXCHANGE_LAST;;1;1;XEUR;11286675;636;
30.01.2025;08:46:01.257;FBTP SI 20250306 PS;SIMPLE_INSTRUMENT;EFP_FIN;EUR;2;119.17000000;113;EXCHANGE_LAST;;1;1;XEUR;11286675;636;
30.01.2025;08:46:51.745;FBTP SI 20250306 PS;SIMPLE_INSTRUMENT;EFP_FIN;EUR;3;119.19000000;75;EXCHANGE_LAST;;1;1;XEUR;11286675;636;
30.01.2025;08:47:53.616;FBTP SI 20250306 PS;SIMPLE_INSTRUMENT;EFP_FIN;EUR;4;119.16000000;1790;EXCHANGE_LAST;;1;1;XEUR;11286675;636;
30.01.2025;08:54:21.918;FBTP SI 20250306 PS;SIMPLE_INSTRUMENT;EFP_FIN;EUR;5;119.15000000;417;EXCHANGE_LAST;;1;1;XEUR;11286675;636;
30.01.2025;09:13:48.821;FBTP SI 20250306 PS;SIMPLE_INSTRUMENT;EFP_FIN;EUR;6;119.14000000;1211;EXCHANGE_LAST;;1;1;XEUR;11286675;636;
30.01.2025;09:14:31.924;FBTP SI 20250306 PS;SIMPLE_INSTRUMENT;EFP_FIN;EUR;7;119.20000000;561;EXCHANGE_LAST;;1;1;XEUR;11286675;636;
30.01.2025;09:17:24.151;FBTP SI 20250306 PS;SIMPLE_INSTRUMENT;EFP_FIN;EUR;8;119.12000000;194;EXCHANGE_LAST;;1;1;XEUR;11286675;636;
30.01.2025;09:20:52.622;FBTP SI 20250306 PS;SIMPLE_INSTRUMENT;EFP_FIN;EUR;9;119.18000000;184;EXCHANGE_LAST;;1;1;XEUR;11286675;636;
30.01.2025;09:24:26.984;FBTP SI 20250306 PS;SIMPLE_INSTRUMENT;EFP_FIN;EUR;10;119.16000000;1495;EXCHANGE_LAST;;1;1;XEUR;11286675;636;
30.01.2025;09:31:58.864;FBTP SI 20250306 PS;SIMPLE_INSTRUMENT;EFP_FIN;EUR;11;119.27000000;582;EXCHANGE_LAST;;1;1;XEUR;11286675;636;
30.01.2025;09:26:54.936;FBTP SI 20250306 PS;SIMPLE_INSTRUMENT;BLOCK;EUR;12;119.17000000;339;EXCHANGE_LAST;;1;1;XEUR;11286675;636;
30.01.2025;09:31:00.229;FBTP SI 20250306 PS;SIMPLE_INSTRUMENT;BLOCK;EUR;13;119.28000000;663;EXCHANGE_LAST;;1;1;XEUR;11286675;636;
30.01.2025;09:31:28.253;FBTP SI 20250306 PS;SIMPLE_INSTRUMENT;EFP_FIN;EUR;14;119.17000000;125;EXCHANGE_LAST;;1;1;XEUR;11286675;636;
30.01.2025;09:33:37.846;FBTP SI 20250306 PS;SIMPLE_INSTRUMENT;EFP_FIN;EUR;15;119.24000000;409;EXCHANGE_LAST;;1;1;XEUR;11286675;636;
30.01.2025;09:36:55.534;FBTP SI 20250306 PS;SIMPLE_INSTRUMENT;EFP_FIN;EUR;16;119.26000000;225;EXCHANGE_LAST;;1;1;XEUR;11286675;636;
30.01.2025;09:38:03.812;FBTP SI 20250306 PS;SIMPLE_INSTRUMENT;EFP_FIN;EUR;17;119.26000000;199;EXCHANGE_LAST;;1;1;XEUR;11286675;636;
30.01.2025;09:41:10.739;FBTP SI 20250306 PS;SIMPLE_INSTRUMENT;EFP_FIN;EUR;18;119.26000000;149;EXCHANGE_LAST;;1;1;XEUR;11286675;636;
30.01.2025;09:43:27.670;FBTP SI 20250306 PS;SIMPLE_INSTRUMENT;BLOCK;EUR;19;119.25000000;2951;EXCHANGE_LAST;;1;1;XEUR;11286675;636;
30.01.2025;09:47:29.472;FBTP SI 20250306 PS;SIMPLE_INSTRUMENT;BLOCK;EUR;20;119.27000000;1180;EXCHANGE_LAST;;1;1;XEUR;11286675;636;
30.01.2025;09:48:26.963;FBTP SI 20250306 PS;SIMPLE_INSTRUMENT;EFP_FIN;EUR;21;119.29000000;334;EXCHANGE_LAST;;1;1;XEUR;11286675;636;
30.01.2025;09:49:48.928;FBTP SI 20250306 PS;SIMPLE_INSTRUMENT;EFP_FIN;EUR;22;119.26000000;560;EXCHANGE_LAST;;1;1;XEUR;11286675;636;
30.01.2025;09:55:05.548;FBTP SI 20250306 PS;SIMPLE_INSTRUMENT;EFP_FIN;EUR;24;119.27000000;292;EXCHANGE_LAST;;1;1;XEUR;11286675;636;
30.01.2025;09:59:39.521;FBTP SI 20250306 PS;SIMPLE_INSTRUMENT;EFP_FIN;EUR;26;119.26000000;120;EXCHANGE_LAST;;1;1;XEUR;11286675;636;
30.01.2025;10:08:42.106;FBTP SI 20250306 PS;SIMPLE_INSTRUMENT;BLOCK;EUR;27;119.15000000;2289;EXCHANGE_LAST;;1;1;XEUR;11286675;636;
30.01.2025;10:12:04.917;FBTP SI 20250306 PS;SIMPLE_INSTRUMENT;EFP_FIN;EUR;29;119.27000000;194;EXCHANGE_LAST;;1;1;XEUR;11286675;636;
30.01.2025;10:13:19.622;FBTP SI 20250306 PS;SIMPLE_INSTRUMENT;BLOCK;EUR;30;119.22000000;1534;EXCHANGE_LAST;;1;1;XEUR;11286675;636;
30.01.2025;10:20:26.586;FBTP SI 20250306 PS;SIMPLE_INSTRUMENT;EFP_FIN;EUR;31;119.16000000;171;EXCHANGE_LAST;;1;1;XEUR;11286675;636;
30.01.2025;10:31:34.038;FBTP SI 20250306 PS;SIMPLE_INSTRUMENT;EFP_FIN;EUR;32;119.25000000;194;EXCHANGE_LAST;;1;1;XEUR;11286675;636;
30.01.2025;10:39:29.897;FBTP SI 20250306 PS;SIMPLE_INSTRUMENT;BLOCK;EUR;33;119.15000000;1374;EXCHANGE_LAST;;1;1;XEUR;11286675;636;
30.01.2025;10:41:42.898;FBTP SI 20250306 PS;SIMPLE_INSTRUMENT;BLOCK;EUR;34;119.26000000;478;EXCHANGE_LAST;;1;1;XEUR;11286675;636;
30.01.2025;10:45:55.491;FBTP SI 20250306 PS;SIMPLE_INSTRUMENT;EFP_FIN;EUR;35;119.27000000;194;EXCHANGE_LAST;;1;1;XEUR;11286675;636;
30.01.2025;10:50:14.127;FBTP SI 20250306 PS;SIMPLE_INSTRUMENT;EFP_FIN;EUR;36;119.23000000;149;EXCHANGE_LAST;;1;1;XEUR;11286675;636;
30.01.2025;10:53:52.102;FBTP SI 20250306 PS;SIMPLE_INSTRUMENT;EFP_FIN;EUR;37;119.32000000;194;EXCHANGE_LAST;;1;1;XEUR;11286675;636;
30.01.2025;11:02:35.309;FBTP SI 20250306 PS;SIMPLE_INSTRUMENT;EFP_FIN;EUR;38;119.23000000;149;EXCHANGE_LAST;;1;1;XEUR;11286675;636;
30.01.2025;11:04:26.148;FBTP SI 20250306 PS;SIMPLE_INSTRUMENT;EFP_FIN;EUR;39;119.35000000;1949;EXCHANGE_LAST;;1;1;XEUR;11286675;636;
30.01.2025;11:05:51.351;FBTP SI 20250306 PS;SIMPLE_INSTRUMENT;EFP_FIN;EUR;40;119.23000000;137;EXCHANGE_LAST;;1;1;XEUR;11286675;636;
30.01.2025;11:06:04.778;FBTP SI 20250306 PS;SIMPLE_INSTRUMENT;BLOCK;EUR;41;119.43000000;853;EXCHANGE_LAST;;1;1;XEUR;11286675;636;
30.01.2025;11:06:59.526;FBTP SI 20250306 PS;SIMPLE_INSTRUMENT;EFP_FIN;EUR;42;119.35000000;315;EXCHANGE_LAST;;1;1;XEUR;11286675;636;
30.01.2025;11:33:35.425;FBTP SI 20250306 PS;SIMPLE_INSTRUMENT;BLOCK;EUR;44;119.42000000;518;EXCHANGE_LAST;;1;1;XEUR;11286675;636;
30.01.2025;11:53:23.178;FBTP SI 20250306 PS;SIMPLE_INSTRUMENT;EFP_FIN;EUR;45;119.40000000;224;EXCHANGE_LAST;;1;1;XEUR;11286675;636;
30.01.2025;12:01:47.278;FBTP SI 20250306 PS;SIMPLE_INSTRUMENT;EFP_FIN;EUR;46;119.35000000;229;EXCHANGE_LAST;;1;1;XEUR;11286675;636;
30.01.2025;12:03:17.474;FBTP SI 20250306 PS;SIMPLE_INSTRUMENT;EFP_FIN;EUR;47;119.44000000;895;EXCHANGE_LAST;;1;1;XEUR;11286675;636;
30.01.2025;12:09:40.135;FBTP SI 20250306 PS;SIMPLE_INSTRUMENT;EFP_FIN;EUR;48;119.42000000;916;EXCHANGE_LAST;;1;1;XEUR;11286675;636;
30.01.2025;12:16:33.332;FBTP SI 20250306 PS;SIMPLE_INSTRUMENT;EFP_FIN;EUR;49;119.43000000;450;EXCHANGE_LAST;;1;1;XEUR;11286675;636;
30.01.2025;13:29:06.692;FBTP SI 20250306 PS;SIMPLE_INSTRUMENT;EFP_FIN;EUR;50;119.38000000;170;EXCHANGE_LAST;;1;1;XEUR;11286675;636;
30.01.2025;13:56:18.122;FBTP SI 20250306 PS;SIMPLE_INSTRUMENT;BLOCK;EUR;51;119.42000000;257;EXCHANGE_LAST;;1;1;XEUR;11286675;636;
30.01.2025;14:01:35.055;FBTP SI 20250306 PS;SIMPLE_INSTRUMENT;EFP_FIN;EUR;52;119.46000000;191;EXCHANGE_LAST;;1;1;XEUR;11286675;636;
30.01.2025;14:04:45.715;FBTP SI 20250306 PS;SIMPLE_INSTRUMENT;BLOCK;EUR;53;119.38000000;297;EXCHANGE_LAST;;1;1;XEUR;11286675;636;
30.01.2025;14:21:28.742;FBTP SI 20250306 PS;SIMPLE_INSTRUMENT;EFP_FIN;EUR;54;119.43000000;168;EXCHANGE_LAST;;1;1;XEUR;11286675;636;
30.01.2025;14:29:41.473;FBTP SI 20250306 PS;SIMPLE_INSTRUMENT;EFP_FIN;EUR;55;119.36000000;985;EXCHANGE_LAST;;1;1;XEUR;11286675;636;
30.01.2025;14:34:49.000;FBTP SI 20250306 PS;SIMPLE_INSTRUMENT;EFP_FIN;EUR;56;119.35000000;271;EXCHANGE_LAST;;1;1;XEUR;11286675;636;
30.01.2025;14:48:20.307;FBTP SI 20250306 PS;SIMPLE_INSTRUMENT;BLOCK;EUR;57;119.45000000;257;EXCHANGE_LAST;;1;1;XEUR;11286675;636;
30.01.2025;15:11:05.775;FBTP SI 20250306 PS;SIMPLE_INSTRUMENT;BLOCK;EUR;58;119.50000000;1000;EXCHANGE_LAST;;1;1;XEUR;11286675;636;
30.01.2025;15:10:15.628;FBTP SI 20250306 PS;SIMPLE_INSTRUMENT;EFP_FIN;EUR;59;119.35000000;448;EXCHANGE_LAST;;1;1;XEUR;11286675;636;
30.01.2025;15:23:26.084;FBTP SI 20250306 PS;SIMPLE_INSTRUMENT;BLOCK;EUR;60;119.49000000;498;EXCHANGE_LAST;;1;1;XEUR;11286675;636;
30.01.2025;15:27:01.348;FBTP SI 20250306 PS;SIMPLE_INSTRUMENT;EFP_FIN;EUR;61;119.45000000;478;EXCHANGE_LAST;;1;1;XEUR;11286675;636;
30.01.2025;15:45:12.461;FBTP SI 20250306 PS;SIMPLE_INSTRUMENT;EFP_FIN;EUR;62;119.48000000;254;EXCHANGE_LAST;;1;1;XEUR;11286675;636;
30.01.2025;16:28:12.234;FBTP SI 20250306 PS;SIMPLE_INSTRUMENT;EFP_FIN;EUR;63;119.35000000;224;EXCHANGE_LAST;;1;1;XEUR;11286675;636;
30.01.2025;08:53:58.489;FBTS SI 20250306 PS;SIMPLE_INSTRUMENT;BLOCK;EUR;1;107.08000000;1339;EXCHANGE_LAST;;1;1;XEUR;11286677;639;
30.01.2025;10:13:24.891;FBTS SI 20250306 PS;SIMPLE_INSTRUMENT;EFP_FIN;EUR;5;107.12000000;317;EXCHANGE_LAST;;1;1;XEUR;11286677;639;
30.01.2025;10:37:36.886;FBTS SI 20250306 PS;SIMPLE_INSTRUMENT;EFP_FIN;EUR;6;107.13000000;286;EXCHANGE_LAST;;1;1;XEUR;11286677;639;
30.01.2025;10:42:52.401;FBTS SI 20250306 PS;SIMPLE_INSTRUMENT;EFP_FIN;EUR;7;107.15000000;618;EXCHANGE_LAST;;1;1;XEUR;11286677;639;
30.01.2025;11:43:35.148;FBTS SI 20250306 PS;SIMPLE_INSTRUMENT;EFP_FIN;EUR;9;107.15000000;663;EXCHANGE_LAST;;1;1;XEUR;11286677;639;
30.01.2025;12:11:13.979;FBTS SI 20250306 PS;SIMPLE_INSTRUMENT;EFP_FIN;EUR;10;107.15000000;1057;EXCHANGE_LAST;;1;1;XEUR;11286677;639;
30.01.2025;12:26:53.481;FBTS SI 20250306 PS;SIMPLE_INSTRUMENT;EFP_FIN;EUR;11;107.15000000;85;EXCHANGE_LAST;;1;1;XEUR;11286677;639;
30.01.2025;13:02:23.645;FBTS SI 20250306 PS;SIMPLE_INSTRUMENT;EFP_FIN;EUR;15;107.17000000;908;EXCHANGE_LAST;;1;1;XEUR;11286677;639;
30.01.2025;13:04:13.854;FBTS SI 20250306 PS;SIMPLE_INSTRUMENT;BLOCK;EUR;16;107.16000000;211;EXCHANGE_LAST;;1;1;XEUR;11286677;639;
30.01.2025;13:20:31.016;FBTS SI 20250306 PS;SIMPLE_INSTRUMENT;EFP_FIN;EUR;17;107.18000000;908;EXCHANGE_LAST;;1;1;XEUR;11286677;639;
30.01.2025;08:07:37.290;FCPE SI 20250328 CS;SIMPLE_INSTRUMENT;BLOCK;USD;1;185.06000000;36;EXCHANGE_LAST;;1;1;XEUR;10945400;586;
30.01.2025;08:07:49.651;FCPE SI 20250328 CS;SIMPLE_INSTRUMENT;BLOCK;USD;2;185.05000000;21;EXCHANGE_LAST;;1;1;XEUR;10945400;586;
30.01.2025;16:55:31.486;FDAX SI 20250321 CS;SIMPLE_INSTRUMENT;EFP_IDX;EUR;1;21831.00000000;102;EXCHANGE_LAST;;1;1;XEUR;7561255;589;
30.01.2025;16:55:36.747;FDAX SI 20250321 CS;SIMPLE_INSTRUMENT;EFP_IDX;EUR;2;21832.00000000;26;EXCHANGE_LAST;;1;1;XEUR;7561255;589;
30.01.2025;12:03:19.038;FDAX SI 20250321 CS;SIMPLE_INSTRUMENT;VOLA;EUR;671088650;21821.00000000;29;EXCHANGE_LAST;;1;1;XEUR;7561255;589;
30.01.2025;12:36:33.685;FDAX SI 20250321 CS;SIMPLE_INSTRUMENT;VOLA;EUR;671088654;21820.00000000;36;EXCHANGE_LAST;;1;1;XEUR;7561255;589;
30.01.2025;15:10:49.679;FDAX SI 20250321 CS;SIMPLE_INSTRUMENT;VOLA;EUR;671088662;21800.00000000;132;EXCHANGE_LAST;;1;1;XEUR;7561255;589;
30.01.2025;08:20:45.086;FEBD SI 20251219 CS;SIMPLE_INSTRUMENT;BLOCK;EUR;1;10.26000000;1500;EXCHANGE_LAST;;1;1;XEUR;5914075;597;
30.01.2025;08:23:37.878;FEBD SI 20251219 CS;SIMPLE_INSTRUMENT;BLOCK;EUR;2;10.29000000;1000;EXCHANGE_LAST;;1;1;XEUR;5914075;597;
30.01.2025;08:24:32.900;FEBD SI 20251219 CS;SIMPLE_INSTRUMENT;BLOCK;EUR;3;10.29000000;1000;EXCHANGE_LAST;;1;1;XEUR;5914075;597;
30.01.2025;08:38:36.989;FEBD SI 20251219 CS;SIMPLE_INSTRUMENT;BLOCK;EUR;4;10.29000000;500;EXCHANGE_LAST;;1;1;XEUR;5914075;597;
30.01.2025;09:05:19.192;FEBD SI 20251219 CS;SIMPLE_INSTRUMENT;BLOCK;EUR;8;10.28000000;500;EXCHANGE_LAST;;1;1;XEUR;5914075;597;
30.01.2025;10:38:53.350;FEBD SI 20261218 CS;SIMPLE_INSTRUMENT;BLOCK;EUR;19;10.10000000;1000;EXCHANGE_LAST;;2;1;XEUR;7158212;597;
30.01.2025;12:22:34.185;FEBD SI 20271217 CS;SIMPLE_INSTRUMENT;BLOCK;EUR;28;9.34000000;250;EXCHANGE_LAST;;1;1;XEUR;7776307;597;
30.01.2025;12:22:42.638;FEBD SI 20271217 CS;SIMPLE_INSTRUMENT;BLOCK;EUR;29;9.34000000;100;EXCHANGE_LAST;;1;1;XEUR;7776307;597;
30.01.2025;12:33:28.206;FEBD SI 20271217 CS;SIMPLE_INSTRUMENT;BLOCK;EUR;33;9.33000000;650;EXCHANGE_LAST;;1;1;XEUR;7776307;597;
30.01.2025;12:22:39.291;FEBD SI 20261218 CS;SIMPLE_INSTRUMENT;BLOCK;EUR;34;10.12000000;1000;EXCHANGE_LAST;;1;3;XEUR;7158212;597;
30.01.2025;12:44:44.837;FEBD SI 20251219 CS;SIMPLE_INSTRUMENT;BLOCK;EUR;40;10.28000000;250;EXCHANGE_LAST;;1;1;XEUR;5914075;597;
30.01.2025;12:45:04.524;FEBD SI 20251219 CS;SIMPLE_INSTRUMENT;BLOCK;EUR;41;10.29000000;250;EXCHANGE_LAST;;1;1;XEUR;5914075;597;
30.01.2025;13:00:30.128;FEBD SI 20271217 CS;SIMPLE_INSTRUMENT;BLOCK;EUR;42;9.32000000;250;EXCHANGE_LAST;;1;1;XEUR;7776307;597;
30.01.2025;13:00:47.778;FEBD SI 20271217 CS;SIMPLE_INSTRUMENT;BLOCK;EUR;43;9.32000000;400;EXCHANGE_LAST;;1;1;XEUR;7776307;597;
30.01.2025;16:43:19.917;FEDV SI 20250321 CS;SIMPLE_INSTRUMENT;BLOCK;EUR;79;1744.50000000;330;EXCHANGE_LAST;;1;1;XEUR;11359068;596;
30.01.2025;16:43:33.733;FEDV SI 20250321 CS;SIMPLE_INSTRUMENT;BLOCK;EUR;80;1745.00000000;1170;EXCHANGE_LAST;;1;1;XEUR;11359068;596;
30.01.2025;15:42:00.943;FES1 SI 20250321 PS;SIMPLE_INSTRUMENT;BLOCK;EUR;73;12.30000000;1000;EXCHANGE_LAST;;1;1;XEUR;11391470;58959;
30.01.2025;16:17:11.975;FES1 SI 20250321 PS;SIMPLE_INSTRUMENT;BLOCK;EUR;77;12.20000000;200;EXCHANGE_LAST;;1;1;XEUR;11391470;58959;
30.01.2025;10:23:11.627;FESB SI 20250321 CS;SIMPLE_INSTRUMENT;VOLA;EUR;603979782;161.80000000;300;EXCHANGE_LAST;;1;1;XEUR;11359072;605;
30.01.2025;11:19:14.479;FESB SI 20250321 CS;SIMPLE_INSTRUMENT;VOLA;EUR;603979793;162.20000000;600;EXCHANGE_LAST;;1;1;XEUR;11359072;605;
30.01.2025;11:25:26.963;FESB SI 20250321 CS;SIMPLE_INSTRUMENT;VOLA;EUR;603979794;162.20000000;1000;EXCHANGE_LAST;;1;1;XEUR;11359072;605;
30.01.2025;09:25:28.566;FESX SI 20250321 CS;SIMPLE_INSTRUMENT;BLOCK;EUR;1;5274.00000000;4000;EXCHANGE_LAST;;1;1;XEUR;7793482;675;
30.01.2025;09:35:52.823;FESX SI 20250321 CS;SIMPLE_INSTRUMENT;BLOCK;EUR;2;5274.00000000;2230;EXCHANGE_LAST;;1;1;XEUR;7793482;675;
30.01.2025;12:38:32.114;FESX SI 20250321 CS;SIMPLE_INSTRUMENT;EFP_IDX;EUR;3;5285.00000000;1500;EXCHANGE_LAST;;1;1;XEUR;7793482;675;
30.01.2025;13:19:02.563;FESX SI 20250321 CS;SIMPLE_INSTRUMENT;EFP_IDX;EUR;4;5285.00000000;1000;EXCHANGE_LAST;;1;1;XEUR;7793482;675;
30.01.2025;13:18:45.142;FESX SI 20250321 CS;SIMPLE_INSTRUMENT;BLOCK;EUR;5;5285.00000000;5000;EXCHANGE_LAST;;1;1;XEUR;7793482;675;
30.01.2025;14:03:33.795;FESX SI 20250321 CS;SIMPLE_INSTRUMENT;EFP_IDX;EUR;6;5285.00000000;1000;EXCHANGE_LAST;;1;1;XEUR;7793482;675;
30.01.2025;14:29:12.522;FESX SI 20250321 CS;SIMPLE_INSTRUMENT;EFP_IDX;EUR;7;5285.00000000;1000;EXCHANGE_LAST;;1;1;XEUR;7793482;675;
30.01.2025;14:48:46.579;FESX SI 20250321 CS;SIMPLE_INSTRUMENT;EFP_IDX;EUR;8;5285.00000000;1000;EXCHANGE_LAST;;1;1;XEUR;7793482;675;
30.01.2025;15:35:46.259;FESX SI 20250321 CS;SIMPLE_INSTRUMENT;BLOCK;EUR;9;5285.00000000;3000;EXCHANGE_LAST;;1;1;XEUR;7793482;675;
30.01.2025;16:17:43.783;FESX SI 20250321 CS;SIMPLE_INSTRUMENT;EFP_IDX;EUR;10;5280.00000000;1000;EXCHANGE_LAST;;1;1;XEUR;7793482;675;
30.01.2025;16:44:25.917;FESX SI 20250321 CS;SIMPLE_INSTRUMENT;EFP_IDX;EUR;11;5295.00000000;146;EXCHANGE_LAST;;1;1;XEUR;7793482;675;
30.01.2025;16:44:59.599;FESX SI 20250321 CS;SIMPLE_INSTRUMENT;EFP_IDX;EUR;12;5294.00000000;182;EXCHANGE_LAST;;1;1;XEUR;7793482;675;
30.01.2025;16:45:07.600;FESX SI 20250321 CS;SIMPLE_INSTRUMENT;EFP_IDX;EUR;13;5295.00000000;232;EXCHANGE_LAST;;1;1;XEUR;7793482;675;
30.01.2025;16:44:48.282;FESX SI 20250321 CS;SIMPLE_INSTRUMENT;EFP_IDX;EUR;14;5294.00000000;104;EXCHANGE_LAST;;1;1;XEUR;7793482;675;
30.01.2025;16:47:17.663;FESX SI 20250321 CS;SIMPLE_INSTRUMENT;EFP_IDX;EUR;15;5294.00000000;159;EXCHANGE_LAST;;1;1;XEUR;7793482;675;
30.01.2025;16:47:17.703;FESX SI 20250321 CS;SIMPLE_INSTRUMENT;EFP_IDX;EUR;16;5295.00000000;391;EXCHANGE_LAST;;1;1;XEUR;7793482;675;
30.01.2025;17:00:09.913;FESX SI 20250321 CS;SIMPLE_INSTRUMENT;BLOCK;EUR;17;5295.00000000;4000;EXCHANGE_LAST;;1;1;XEUR;7793482;675;
30.01.2025;16:59:11.331;FESX SI 20250321 CS;SIMPLE_INSTRUMENT;EFP_IDX;EUR;18;5300.00000000;1500;EXCHANGE_LAST;;1;1;XEUR;7793482;675;
30.01.2025;17:00:13.418;FESX SI 20250321 CS;SIMPLE_INSTRUMENT;EFP_IDX;EUR;19;5300.00000000;1500;EXCHANGE_LAST;;1;1;XEUR;7793482;675;
30.01.2025;09:01:27.323;FESX SI 20250321 CS;SIMPLE_INSTRUMENT;VOLA;EUR;637534224;5278.00000000;960;EXCHANGE_LAST;;1;1;XEUR;7793482;675;
30.01.2025;09:02:27.735;FESX SI 20250321 CS;SIMPLE_INSTRUMENT;VOLA;EUR;637534226;5275.00000000;276;EXCHANGE_LAST;;1;1;XEUR;7793482;675;
30.01.2025;10:25:28.146;FESX SI 20250321 CS;SIMPLE_INSTRUMENT;VOLA;EUR;637534263;5270.00000000;1038;EXCHANGE_LAST;;1;1;XEUR;7793482;675;
30.01.2025;11:19:35.381;FESX SI 20250321 CS;SIMPLE_INSTRUMENT;VOLA;EUR;637534288;5283.00000000;576;EXCHANGE_LAST;;1;1;XEUR;7793482;675;
30.01.2025;11:55:52.537;FESX SI 20250321 CS;SIMPLE_INSTRUMENT;VOLA;EUR;637534297;5285.00000000;512;EXCHANGE_LAST;;1;1;XEUR;7793482;675;
30.01.2025;13:09:05.529;FESX SI 20250321 CS;SIMPLE_INSTRUMENT;VOLA;EUR;637534308;5285.00000000;410;EXCHANGE_LAST;;1;1;XEUR;7793482;675;
30.01.2025;14:08:53.216;FESX SI 20250321 CS;SIMPLE_INSTRUMENT;VOLA;EUR;637534320;5280.00000000;4030;EXCHANGE_LAST;;1;1;XEUR;7793482;675;
30.01.2025;15:43:47.793;FESX SI 20250321 CS;SIMPLE_INSTRUMENT;VOLA;EUR;637534343;5280.00000000;45;EXCHANGE_LAST;;1;1;XEUR;7793482;675;
30.01.2025;16:05:14.010;FESX SI 20250321 CS;SIMPLE_INSTRUMENT;VOLA;EUR;637534351;5293.00000000;850;EXCHANGE_LAST;;1;1;XEUR;7793482;675;
30.01.2025;16:05:21.243;FESX SI 20250321 CS;SIMPLE_INSTRUMENT;VOLA;EUR;637534352;5293.00000000;620;EXCHANGE_LAST;;1;1;XEUR;7793482;675;
30.01.2025;16:07:30.104;FESX SI 20250321 CS;SIMPLE_INSTRUMENT;VOLA;EUR;637534356;5295.00000000;2750;EXCHANGE_LAST;;1;1;XEUR;7793482;675;
30.01.2025;16:32:27.578;FESX SI 20250321 CS;SIMPLE_INSTRUMENT;VOLA;EUR;637534375;5290.00000000;1647;EXCHANGE_LAST;;1;1;XEUR;7793482;675;
30.01.2025;16:34:33.976;FESX SI 20250321 CS;SIMPLE_INSTRUMENT;VOLA;EUR;637534376;5293.00000000;1688;EXCHANGE_LAST;;1;1;XEUR;7793482;675;
30.01.2025;16:37:57.790;FESX SI 20250321 CS;SIMPLE_INSTRUMENT;VOLA;EUR;637534382;5295.00000000;675;EXCHANGE_LAST;;1;1;XEUR;7793482;675;
30.01.2025;16:38:44.230;FESX SI 20250321 CS;SIMPLE_INSTRUMENT;VOLA;EUR;637534383;5292.00000000;2000;EXCHANGE_LAST;;1;1;XEUR;7793482;675;
30.01.2025;16:39:15.072;FESX SI 20250321 CS;SIMPLE_INSTRUMENT;VOLA;EUR;637534384;5292.00000000;2000;EXCHANGE_LAST;;1;1;XEUR;7793482;675;
30.01.2025;16:39:58.458;FESX SI 20250321 CS;SIMPLE_INSTRUMENT;VOLA;EUR;637534386;5292.00000000;1700;EXCHANGE_LAST;;1;1;XEUR;7793482;675;
30.01.2025;08:42:52.038;FEXD SI 20261218 CS;SIMPLE_INSTRUMENT;BLOCK;EUR;5;158.70000000;400;EXCHANGE_LAST;;1;1;XEUR;2163053;693;
30.01.2025;08:45:46.776;FEXD SI 20261218 CS;SIMPLE_INSTRUMENT;BLOCK;EUR;6;158.50000000;1000;EXCHANGE_LAST;;1;1;XEUR;2163053;693;
30.01.2025;09:00:42.953;FEXD SI 20261218 CS;SIMPLE_INSTRUMENT;BLOCK;EUR;7;158.60000000;500;EXCHANGE_LAST;;1;1;XEUR;2163053;693;
30.01.2025;09:16:46.738;FEXD SI 20261218 CS;SIMPLE_INSTRUMENT;BLOCK;EUR;9;158.70000000;200;EXCHANGE_LAST;;1;1;XEUR;2163053;693;
30.01.2025;09:26:11.259;FEXD SI 20261218 CS;SIMPLE_INSTRUMENT;BLOCK;EUR;10;158.70000000;200;EXCHANGE_LAST;;1;1;XEUR;2163053;693;
30.01.2025;09:53:13.903;FEXD SI 20251219 CS;SIMPLE_INSTRUMENT;BLOCK;EUR;12;160.90000000;1000;EXCHANGE_LAST;;1;1;XEUR;1548120;693;
30.01.2025;10:14:30.244;FEXD SI 20271217 CS;SIMPLE_INSTRUMENT;BLOCK;EUR;16;153.40000000;750;EXCHANGE_LAST;;1;1;XEUR;2848338;693;
30.01.2025;10:14:43.603;FEXD SI 20271217 CS;SIMPLE_INSTRUMENT;BLOCK;EUR;17;153.50000000;750;EXCHANGE_LAST;;1;1;XEUR;2848338;693;
30.01.2025;11:22:06.408;FEXD SI 20251219 CS;SIMPLE_INSTRUMENT;BLOCK;EUR;21;160.70000000;250;EXCHANGE_LAST;;1;1;XEUR;1548120;693;
30.01.2025;11:21:09.046;FEXD SI 20251219 CS;SIMPLE_INSTRUMENT;BLOCK;EUR;22;160.80000000;250;EXCHANGE_LAST;;1;1;XEUR;1548120;693;
30.01.2025;11:56:31.595;FEXD SI 20261218 CS;SIMPLE_INSTRUMENT;BLOCK;EUR;23;159.20000000;500;EXCHANGE_LAST;;1;1;XEUR;2163053;693;
30.01.2025;12:04:16.139;FEXD SI 20251219 CS;SIMPLE_INSTRUMENT;BLOCK;EUR;25;160.80000000;500;EXCHANGE_LAST;;1;1;XEUR;1548120;693;
30.01.2025;13:12:47.867;FEXD SI 20251219 CS;SIMPLE_INSTRUMENT;BLOCK;EUR;46;161.20000000;10000;EXCHANGE_LAST;;1;1;XEUR;1548120;693;
30.01.2025;13:36:17.488;FEXD SI 20251219 CS;SIMPLE_INSTRUMENT;BLOCK;EUR;47;160.90000000;450;EXCHANGE_LAST;;1;2;XEUR;1548120;693;
30.01.2025;13:37:19.050;FEXD SI 20251219 CS;SIMPLE_INSTRUMENT;BLOCK;EUR;48;161.20000000;1000;EXCHANGE_LAST;;1;1;XEUR;1548120;693;
30.01.2025;13:51:50.434;FEXD SI 20261218 CS;SIMPLE_INSTRUMENT;BLOCK;EUR;49;159.10000000;310;EXCHANGE_LAST;;1;1;XEUR;2163053;693;
30.01.2025;14:12:01.934;FEXD SI 20251219 CS;SIMPLE_INSTRUMENT;BLOCK;EUR;50;161.00000000;800;EXCHANGE_LAST;;1;2;XEUR;1548120;693;
30.01.2025;14:26:51.897;FEXD SI 20301220 CS;SIMPLE_INSTRUMENT;BLOCK;EUR;55;141.90000000;155;EXCHANGE_LAST;;1;1;XEUR;5914108;693;
30.01.2025;14:27:16.101;FEXD SI 20291221 CS;SIMPLE_INSTRUMENT;BLOCK;EUR;56;145.40000000;176;EXCHANGE_LAST;;1;1;XEUR;4631968;693;
30.01.2025;14:27:31.315;FEXD SI 20261218 CS;SIMPLE_INSTRUMENT;BLOCK;EUR;57;159.20000000;293;EXCHANGE_LAST;;1;1;XEUR;2163053;693;
30.01.2025;15:13:08.505;FEXD SI 20251219 CS;SIMPLE_INSTRUMENT;BLOCK;EUR;61;160.90000000;177;EXCHANGE_LAST;;1;1;XEUR;1548120;693;
30.01.2025;15:13:15.505;FEXD SI 20251219 CS;SIMPLE_INSTRUMENT;BLOCK;EUR;62;161.00000000;176;EXCHANGE_LAST;;1;1;XEUR;1548120;693;
30.01.2025;15:11:31.501;FEXD SI 20251219 CS;SIMPLE_INSTRUMENT;BLOCK;EUR;63;161.10000000;717;EXCHANGE_LAST;;1;1;XEUR;1548120;693;
30.01.2025;15:11:39.501;FEXD SI 20251219 CS;SIMPLE_INSTRUMENT;BLOCK;EUR;64;161.20000000;716;EXCHANGE_LAST;;1;1;XEUR;1548120;693;
30.01.2025;15:12:25.503;FEXD SI 20251219 CS;SIMPLE_INSTRUMENT;BLOCK;EUR;65;161.10000000;350;EXCHANGE_LAST;;1;1;XEUR;1548120;693;
30.01.2025;15:16:42.304;FEXD SI 20261218 CS;SIMPLE_INSTRUMENT;BLOCK;EUR;67;159.10000000;181;EXCHANGE_LAST;;1;1;XEUR;2163053;693;
30.01.2025;15:16:49.029;FEXD SI 20271217 CS;SIMPLE_INSTRUMENT;BLOCK;EUR;68;153.40000000;129;EXCHANGE_LAST;;1;1;XEUR;2848338;693;
30.01.2025;15:36:38.943;FEXD SI 20271217 CS;SIMPLE_INSTRUMENT;BLOCK;EUR;70;153.60000000;700;EXCHANGE_LAST;;1;1;XEUR;2848338;693;
30.01.2025;15:46:46.383;FEXD SI 20261218 CS;SIMPLE_INSTRUMENT;BLOCK;EUR;74;159.50000000;600;EXCHANGE_LAST;;1;1;XEUR;2163053;693;
30.01.2025;17:07:27.473;FEXD SI 20251219 CS;SIMPLE_INSTRUMENT;BLOCK;EUR;92;160.30000000;100;EXCHANGE_LAST;;1;1;XEUR;1548120;693;
30.01.2025;08:16:26.412;FGBL SI 20250306 PS;SIMPLE_INSTRUMENT;EFS;EUR;1;131.58000000;284;EXCHANGE_LAST;;1;1;XEUR;11286679;688;
30.01.2025;08:13:24.305;FGBL SI 20250306 PS;SIMPLE_INSTRUMENT;EFS;EUR;2;131.56000000;220;EXCHANGE_LAST;;1;1;XEUR;11286679;688;
30.01.2025;08:29:33.713;FGBL SI 20250306 PS;SIMPLE_INSTRUMENT;EFP_FIN;EUR;3;131.52000000;223;EXCHANGE_LAST;;1;1;XEUR;11286679;688;
30.01.2025;08:29:10.129;FGBL SI 20250306 PS;SIMPLE_INSTRUMENT;EFS;EUR;4;131.54000000;416;EXCHANGE_LAST;;1;1;XEUR;11286679;688;
30.01.2025;08:30:26.120;FGBL SI 20250306 PS;SIMPLE_INSTRUMENT;EFS;EUR;5;131.54000000;416;EXCHANGE_LAST;;1;1;XEUR;11286679;688;
30.01.2025;08:47:26.716;FGBL SI 20250306 PS;SIMPLE_INSTRUMENT;EFS;EUR;6;131.62000000;416;EXCHANGE_LAST;;1;1;XEUR;11286679;688;
30.01.2025;08:51:16.936;FGBL SI 20250306 PS;SIMPLE_INSTRUMENT;EFS;EUR;7;131.60000000;416;EXCHANGE_LAST;;1;1;XEUR;11286679;688;
30.01.2025;08:57:37.206;FGBL SI 20250306 PS;SIMPLE_INSTRUMENT;EFS;EUR;8;131.62000000;208;EXCHANGE_LAST;;1;1;XEUR;11286679;688;
30.01.2025;09:12:14.686;FGBL SI 20250306 PS;SIMPLE_INSTRUMENT;EFS;EUR;9;131.62000000;374;EXCHANGE_LAST;;1;1;XEUR;11286679;688;
30.01.2025;09:18:24.313;FGBL SI 20250306 PS;SIMPLE_INSTRUMENT;EFS;EUR;10;131.75000000;168;EXCHANGE_LAST;;1;1;XEUR;11286679;688;
30.01.2025;09:28:29.577;FGBL SI 20250306 PS;SIMPLE_INSTRUMENT;EFS;EUR;11;131.77000000;416;EXCHANGE_LAST;;1;1;XEUR;11286679;688;
30.01.2025;09:28:34.527;FGBL SI 20250306 PS;SIMPLE_INSTRUMENT;EFS;EUR;12;131.77000000;465;EXCHANGE_LAST;;1;1;XEUR;11286679;688;
30.01.2025;09:30:04.658;FGBL SI 20250306 PS;SIMPLE_INSTRUMENT;EFS;EUR;13;131.77000000;416;EXCHANGE_LAST;;1;1;XEUR;11286679;688;
30.01.2025;09:30:08.261;FGBL SI 20250306 PS;SIMPLE_INSTRUMENT;EFS;EUR;14;131.77000000;208;EXCHANGE_LAST;;1;1;XEUR;11286679;688;
30.01.2025;09:36:35.819;FGBL SI 20250306 PS;SIMPLE_INSTRUMENT;EFS;EUR;15;131.68000000;416;EXCHANGE_LAST;;1;1;XEUR;11286679;688;
30.01.2025;09:38:45.895;FGBL SI 20250306 PS;SIMPLE_INSTRUMENT;EFP_FIN;EUR;16;131.77000000;490;EXCHANGE_LAST;;1;1;XEUR;11286679;688;
30.01.2025;09:43:51.900;FGBL SI 20250306 PS;SIMPLE_INSTRUMENT;EFS;EUR;17;131.73000000;948;EXCHANGE_LAST;;1;1;XEUR;11286679;688;
30.01.2025;09:48:37.536;FGBL SI 20250306 PS;SIMPLE_INSTRUMENT;EFP_FIN;EUR;18;131.74000000;948;EXCHANGE_LAST;;1;1;XEUR;11286679;688;
30.01.2025;09:50:46.932;FGBL SI 20250306 PS;SIMPLE_INSTRUMENT;EFP_FIN;EUR;19;131.77000000;371;EXCHANGE_LAST;;1;1;XEUR;11286679;688;
30.01.2025;09:51:08.524;FGBL SI 20250306 PS;SIMPLE_INSTRUMENT;EFP_FIN;EUR;20;131.69000000;135;EXCHANGE_LAST;;1;1;XEUR;11286679;688;
30.01.2025;09:54:05.562;FGBL SI 20250306 PS;SIMPLE_INSTRUMENT;EFS;EUR;21;131.73000000;474;EXCHANGE_LAST;;1;1;XEUR;11286679;688;
30.01.2025;09:56:35.304;FGBL SI 20250306 PS;SIMPLE_INSTRUMENT;EFP_FIN;EUR;22;131.74000000;143;EXCHANGE_LAST;;1;1;XEUR;11286679;688;
30.01.2025;09:56:18.640;FGBL SI 20250306 PS;SIMPLE_INSTRUMENT;EFS;EUR;23;131.71000000;208;EXCHANGE_LAST;;1;1;XEUR;11286679;688;
30.01.2025;09:59:02.369;FGBL SI 20250306 PS;SIMPLE_INSTRUMENT;EFS;EUR;24;131.72000000;474;EXCHANGE_LAST;;1;1;XEUR;11286679;688;
30.01.2025;10:01:58.256;FGBL SI 20250306 PS;SIMPLE_INSTRUMENT;EFS;EUR;25;131.76000000;100;EXCHANGE_LAST;;1;1;XEUR;11286679;688;
30.01.2025;10:04:44.354;FGBL SI 20250306 PS;SIMPLE_INSTRUMENT;EFS;EUR;26;131.75000000;948;EXCHANGE_LAST;;1;1;XEUR;11286679;688;
30.01.2025;10:05:37.976;FGBL SI 20250306 PS;SIMPLE_INSTRUMENT;EFS;EUR;27;131.74000000;152;EXCHANGE_LAST;;1;1;XEUR;11286679;688;
30.01.2025;10:11:35.982;FGBL SI 20250306 PS;SIMPLE_INSTRUMENT;EFS;EUR;28;131.78000000;1138;EXCHANGE_LAST;;1;1;XEUR;11286679;688;
30.01.2025;10:16:08.959;FGBL SI 20250306 PS;SIMPLE_INSTRUMENT;EFP_FIN;EUR;29;131.75000000;250;EXCHANGE_LAST;;1;1;XEUR;11286679;688;
30.01.2025;10:14:32.710;FGBL SI 20250306 PS;SIMPLE_INSTRUMENT;EFP_FIN;EUR;30;131.75000000;1233;EXCHANGE_LAST;;1;1;XEUR;11286679;688;
30.01.2025;10:16:23.064;FGBL SI 20250306 PS;SIMPLE_INSTRUMENT;EFP_FIN;EUR;31;131.77000000;835;EXCHANGE_LAST;;1;1;XEUR;11286679;688;
30.01.2025;10:30:10.048;FGBL SI 20250306 PS;SIMPLE_INSTRUMENT;EFS;EUR;32;131.80000000;455;EXCHANGE_LAST;;1;1;XEUR;11286679;688;
30.01.2025;10:31:01.272;FGBL SI 20250306 PS;SIMPLE_INSTRUMENT;EFS;EUR;33;131.78000000;623;EXCHANGE_LAST;;1;1;XEUR;11286679;688;
30.01.2025;10:31:40.452;FGBL SI 20250306 PS;SIMPLE_INSTRUMENT;EFP_FIN;EUR;34;131.78000000;1234;EXCHANGE_LAST;;1;1;XEUR;11286679;688;
30.01.2025;10:41:06.066;FGBL SI 20250306 PS;SIMPLE_INSTRUMENT;EFS;EUR;35;131.80000000;237;EXCHANGE_LAST;;1;1;XEUR;11286679;688;
30.01.2025;10:49:05.906;FGBL SI 20250306 PS;SIMPLE_INSTRUMENT;EFS;EUR;36;131.82000000;340;EXCHANGE_LAST;;1;1;XEUR;11286679;688;
30.01.2025;10:58:03.544;FGBL SI 20250306 PS;SIMPLE_INSTRUMENT;EFS;EUR;37;131.88000000;1895;EXCHANGE_LAST;;1;1;XEUR;11286679;688;
30.01.2025;10:58:13.309;FGBL SI 20250306 PS;SIMPLE_INSTRUMENT;EFS;EUR;38;131.70000000;949;EXCHANGE_LAST;;1;1;XEUR;11286679;688;
30.01.2025;11:01:34.456;FGBL SI 20250306 PS;SIMPLE_INSTRUMENT;EFS;EUR;39;131.84000000;1185;EXCHANGE_LAST;;1;1;XEUR;11286679;688;
30.01.2025;11:03:57.129;FGBL SI 20250306 PS;SIMPLE_INSTRUMENT;EFS;EUR;40;131.84000000;1232;EXCHANGE_LAST;;1;1;XEUR;11286679;688;
30.01.2025;11:31:56.171;FGBL SI 20250306 PS;SIMPLE_INSTRUMENT;EFP_FIN;EUR;41;131.88000000;214;EXCHANGE_LAST;;1;1;XEUR;11286679;688;
30.01.2025;11:40:22.559;FGBL SI 20250306 PS;SIMPLE_INSTRUMENT;EFS;EUR;42;131.88000000;416;EXCHANGE_LAST;;1;1;XEUR;11286679;688;
30.01.2025;11:55:58.225;FGBL SI 20250306 PS;SIMPLE_INSTRUMENT;EFS;EUR;43;131.90000000;416;EXCHANGE_LAST;;1;1;XEUR;11286679;688;
30.01.2025;11:58:58.268;FGBL SI 20250306 PS;SIMPLE_INSTRUMENT;EFS;EUR;44;131.90000000;473;EXCHANGE_LAST;;1;1;XEUR;11286679;688;
30.01.2025;12:00:25.166;FGBL SI 20250306 PS;SIMPLE_INSTRUMENT;EFS;EUR;45;131.89000000;208;EXCHANGE_LAST;;1;1;XEUR;11286679;688;
30.01.2025;12:01:50.291;FGBL SI 20250306 PS;SIMPLE_INSTRUMENT;EFS;EUR;46;131.90000000;415;EXCHANGE_LAST;;1;1;XEUR;11286679;688;
30.01.2025;12:24:49.129;FGBL SI 20250306 PS;SIMPLE_INSTRUMENT;EFS;EUR;47;131.91000000;415;EXCHANGE_LAST;;1;1;XEUR;11286679;688;
30.01.2025;12:34:26.645;FGBL SI 20250306 PS;SIMPLE_INSTRUMENT;EFS;EUR;48;131.92000000;291;EXCHANGE_LAST;;1;1;XEUR;11286679;688;
30.01.2025;12:43:03.118;FGBL SI 20250306 PS;SIMPLE_INSTRUMENT;EFS;EUR;49;131.94000000;416;EXCHANGE_LAST;;1;1;XEUR;11286679;688;
30.01.2025;12:44:11.786;FGBL SI 20250306 PS;SIMPLE_INSTRUMENT;EFS;EUR;50;131.92000000;346;EXCHANGE_LAST;;1;1;XEUR;11286679;688;
30.01.2025;12:50:30.725;FGBL SI 20250306 PS;SIMPLE_INSTRUMENT;EFS;EUR;51;131.96000000;249;EXCHANGE_LAST;;1;1;XEUR;11286679;688;
30.01.2025;12:51:55.606;FGBL SI 20250306 PS;SIMPLE_INSTRUMENT;EFS;EUR;52;131.96000000;415;EXCHANGE_LAST;;1;1;XEUR;11286679;688;
30.01.2025;12:52:12.680;FGBL SI 20250306 PS;SIMPLE_INSTRUMENT;EFP_FIN;EUR;53;131.94000000;96;EXCHANGE_LAST;;1;1;XEUR;11286679;688;
30.01.2025;12:54:45.791;FGBL SI 20250306 PS;SIMPLE_INSTRUMENT;EFS;EUR;54;131.92000000;473;EXCHANGE_LAST;;1;1;XEUR;11286679;688;
30.01.2025;12:57:01.608;FGBL SI 20250306 PS;SIMPLE_INSTRUMENT;EFS;EUR;55;131.91000000;208;EXCHANGE_LAST;;1;1;XEUR;11286679;688;
30.01.2025;12:59:07.377;FGBL SI 20250306 PS;SIMPLE_INSTRUMENT;EFS;EUR;56;131.91000000;473;EXCHANGE_LAST;;1;1;XEUR;11286679;688;
30.01.2025;12:59:52.535;FGBL SI 20250306 PS;SIMPLE_INSTRUMENT;EFS;EUR;57;131.91000000;473;EXCHANGE_LAST;;1;1;XEUR;11286679;688;
30.01.2025;13:03:43.063;FGBL SI 20250306 PS;SIMPLE_INSTRUMENT;EFS;EUR;58;131.90000000;270;EXCHANGE_LAST;;1;1;XEUR;11286679;688;
30.01.2025;13:04:55.483;FGBL SI 20250306 PS;SIMPLE_INSTRUMENT;EFS;EUR;59;131.88000000;623;EXCHANGE_LAST;;1;1;XEUR;11286679;688;
30.01.2025;13:11:17.991;FGBL SI 20250306 PS;SIMPLE_INSTRUMENT;BLOCK;EUR;60;131.87000000;2191;EXCHANGE_LAST;;1;1;XEUR;11286679;688;
30.01.2025;13:11:02.617;FGBL SI 20250306 PS;SIMPLE_INSTRUMENT;EFP_FIN;EUR;61;131.88000000;475;EXCHANGE_LAST;;1;1;XEUR;11286679;688;
30.01.2025;13:13:04.698;FGBL SI 20250306 PS;SIMPLE_INSTRUMENT;EFP_FIN;EUR;62;131.81000000;424;EXCHANGE_LAST;;1;1;XEUR;11286679;688;
30.01.2025;13:20:45.371;FGBL SI 20250306 PS;SIMPLE_INSTRUMENT;EFP_FIN;EUR;63;131.93000000;1374;EXCHANGE_LAST;;1;1;XEUR;11286679;688;
30.01.2025;13:21:44.514;FGBL SI 20250306 PS;SIMPLE_INSTRUMENT;EFS;EUR;64;131.90000000;415;EXCHANGE_LAST;;1;1;XEUR;11286679;688;
30.01.2025;13:23:51.808;FGBL SI 20250306 PS;SIMPLE_INSTRUMENT;EFS;EUR;65;131.97000000;208;EXCHANGE_LAST;;1;1;XEUR;11286679;688;
30.01.2025;13:24:38.952;FGBL SI 20250306 PS;SIMPLE_INSTRUMENT;EFS;EUR;66;131.90000000;415;EXCHANGE_LAST;;1;1;XEUR;11286679;688;
30.01.2025;13:34:41.387;FGBL SI 20250306 PS;SIMPLE_INSTRUMENT;EFS;EUR;67;131.97000000;100;EXCHANGE_LAST;;1;1;XEUR;11286679;688;
30.01.2025;13:49:06.103;FGBL SI 20250306 PS;SIMPLE_INSTRUMENT;EFS;EUR;68;131.92000000;568;EXCHANGE_LAST;;1;1;XEUR;11286679;688;
30.01.2025;13:55:09.315;FGBL SI 20250306 PS;SIMPLE_INSTRUMENT;EFS;EUR;69;131.74000000;711;EXCHANGE_LAST;;1;1;XEUR;11286679;688;
30.01.2025;14:05:14.596;FGBL SI 20250306 PS;SIMPLE_INSTRUMENT;EFS;EUR;70;132.02000000;208;EXCHANGE_LAST;;1;1;XEUR;11286679;688;
30.01.2025;14:05:24.137;FGBL SI 20250306 PS;SIMPLE_INSTRUMENT;EFS;EUR;71;131.87000000;415;EXCHANGE_LAST;;1;1;XEUR;11286679;688;
30.01.2025;14:07:10.112;FGBL SI 20250306 PS;SIMPLE_INSTRUMENT;EFS;EUR;72;132.00000000;291;EXCHANGE_LAST;;1;1;XEUR;11286679;688;
30.01.2025;14:18:50.578;FGBL SI 20250306 PS;SIMPLE_INSTRUMENT;EFS;EUR;73;131.93000000;95;EXCHANGE_LAST;;1;1;XEUR;11286679;688;
30.01.2025;14:43:23.253;FGBL SI 20250306 PS;SIMPLE_INSTRUMENT;BLOCK;EUR;74;131.90000000;5002;EXCHANGE_LAST;;1;1;XEUR;11286679;688;
30.01.2025;14:41:41.126;FGBL SI 20250306 PS;SIMPLE_INSTRUMENT;EFS;EUR;75;131.90000000;467;EXCHANGE_LAST;;1;1;XEUR;11286679;688;
30.01.2025;14:50:22.273;FGBL SI 20250306 PS;SIMPLE_INSTRUMENT;EFP_FIN;EUR;76;131.93000000;222;EXCHANGE_LAST;;1;1;XEUR;11286679;688;
30.01.2025;14:54:05.485;FGBL SI 20250306 PS;SIMPLE_INSTRUMENT;EFS;EUR;77;132.01000000;208;EXCHANGE_LAST;;1;1;XEUR;11286679;688;
30.01.2025;14:54:56.206;FGBL SI 20250306 PS;SIMPLE_INSTRUMENT;EFS;EUR;78;132.01000000;415;EXCHANGE_LAST;;1;1;XEUR;11286679;688;
30.01.2025;15:02:31.742;FGBL SI 20250306 PS;SIMPLE_INSTRUMENT;EFS;EUR;79;132.00000000;1183;EXCHANGE_LAST;;1;1;XEUR;11286679;688;
30.01.2025;15:05:49.891;FGBL SI 20250306 PS;SIMPLE_INSTRUMENT;EFS;EUR;80;132.11000000;415;EXCHANGE_LAST;;1;1;XEUR;11286679;688;
30.01.2025;15:11:16.775;FGBL SI 20250306 PS;SIMPLE_INSTRUMENT;EFP_FIN;EUR;81;132.01000000;803;EXCHANGE_LAST;;1;1;XEUR;11286679;688;
30.01.2025;15:11:42.208;FGBL SI 20250306 PS;SIMPLE_INSTRUMENT;EFS;EUR;82;132.08000000;415;EXCHANGE_LAST;;1;1;XEUR;11286679;688;
30.01.2025;15:17:57.560;FGBL SI 20250306 PS;SIMPLE_INSTRUMENT;EFS;EUR;83;131.98000000;208;EXCHANGE_LAST;;1;1;XEUR;11286679;688;
30.01.2025;15:19:12.629;FGBL SI 20250306 PS;SIMPLE_INSTRUMENT;EFS;EUR;84;131.99000000;415;EXCHANGE_LAST;;1;1;XEUR;11286679;688;
30.01.2025;15:20:37.588;FGBL SI 20250306 PS;SIMPLE_INSTRUMENT;EFS;EUR;85;132.04000000;416;EXCHANGE_LAST;;1;1;XEUR;11286679;688;
30.01.2025;15:33:04.118;FGBL SI 20250306 PS;SIMPLE_INSTRUMENT;EFS;EUR;86;132.03000000;416;EXCHANGE_LAST;;1;1;XEUR;11286679;688;
30.01.2025;15:42:26.550;FGBL SI 20250306 PS;SIMPLE_INSTRUMENT;EFS;EUR;87;132.02000000;474;EXCHANGE_LAST;;1;1;XEUR;11286679;688;
30.01.2025;15:44:30.614;FGBL SI 20250306 PS;SIMPLE_INSTRUMENT;EFS;EUR;88;131.94000000;416;EXCHANGE_LAST;;1;1;XEUR;11286679;688;
30.01.2025;15:47:29.047;FGBL SI 20250306 PS;SIMPLE_INSTRUMENT;EFS;EUR;89;132.00000000;59;EXCHANGE_LAST;;1;1;XEUR;11286679;688;
30.01.2025;15:49:52.134;FGBL SI 20250306 PS;SIMPLE_INSTRUMENT;EFS;EUR;90;131.91000000;208;EXCHANGE_LAST;;1;1;XEUR;11286679;688;
30.01.2025;15:53:21.169;FGBL SI 20250306 PS;SIMPLE_INSTRUMENT;EFS;EUR;91;131.89000000;415;EXCHANGE_LAST;;1;1;XEUR;11286679;688;
30.01.2025;15:53:58.350;FGBL SI 20250306 PS;SIMPLE_INSTRUMENT;EFS;EUR;92;131.89000000;415;EXCHANGE_LAST;;1;1;XEUR;11286679;688;
30.01.2025;15:55:15.741;FGBL SI 20250306 PS;SIMPLE_INSTRUMENT;EFS;EUR;93;131.89000000;208;EXCHANGE_LAST;;1;1;XEUR;11286679;688;
30.01.2025;15:55:43.961;FGBL SI 20250306 PS;SIMPLE_INSTRUMENT;EFS;EUR;94;131.88000000;908;EXCHANGE_LAST;;1;1;XEUR;11286679;688;
30.01.2025;15:58:55.379;FGBL SI 20250306 PS;SIMPLE_INSTRUMENT;EFS;EUR;95;131.89000000;415;EXCHANGE_LAST;;1;1;XEUR;11286679;688;
30.01.2025;16:04:53.718;FGBL SI 20250306 PS;SIMPLE_INSTRUMENT;EFS;EUR;96;131.82000000;208;EXCHANGE_LAST;;1;1;XEUR;11286679;688;
30.01.2025;16:07:25.217;FGBL SI 20250306 PS;SIMPLE_INSTRUMENT;EFS;EUR;97;131.87000000;681;EXCHANGE_LAST;;1;1;XEUR;11286679;688;
30.01.2025;16:11:06.893;FGBL SI 20250306 PS;SIMPLE_INSTRUMENT;EFS;EUR;98;131.83000000;2500;EXCHANGE_LAST;;1;1;XEUR;11286679;688;
30.01.2025;16:14:01.460;FGBL SI 20250306 PS;SIMPLE_INSTRUMENT;EFS;EUR;99;131.88000000;474;EXCHANGE_LAST;;1;1;XEUR;11286679;688;
30.01.2025;16:21:13.376;FGBL SI 20250306 PS;SIMPLE_INSTRUMENT;EFS;EUR;100;131.90000000;416;EXCHANGE_LAST;;1;1;XEUR;11286679;688;
30.01.2025;16:22:23.362;FGBL SI 20250306 PS;SIMPLE_INSTRUMENT;EFS;EUR;101;131.89000000;474;EXCHANGE_LAST;;1;1;XEUR;11286679;688;
30.01.2025;16:24:40.226;FGBL SI 20250306 PS;SIMPLE_INSTRUMENT;EFS;EUR;102;131.83000000;474;EXCHANGE_LAST;;1;1;XEUR;11286679;688;
30.01.2025;16:34:01.990;FGBL SI 20250306 PS;SIMPLE_INSTRUMENT;EFS;EUR;103;131.90000000;500;EXCHANGE_LAST;;1;1;XEUR;11286679;688;
30.01.2025;16:42:55.232;FGBL SI 20250306 PS;SIMPLE_INSTRUMENT;EFS;EUR;104;131.90000000;416;EXCHANGE_LAST;;1;1;XEUR;11286679;688;
30.01.2025;16:46:54.950;FGBL SI 20250306 PS;SIMPLE_INSTRUMENT;EFS;EUR;105;131.87000000;208;EXCHANGE_LAST;;1;1;XEUR;11286679;688;
30.01.2025;16:53:12.356;FGBL SI 20250306 PS;SIMPLE_INSTRUMENT;EFS;EUR;106;131.87000000;217;EXCHANGE_LAST;;1;1;XEUR;11286679;688;
30.01.2025;17:04:34.866;FGBL SI 20250306 PS;SIMPLE_INSTRUMENT;EFS;EUR;107;131.91000000;415;EXCHANGE_LAST;;1;1;XEUR;11286679;688;
30.01.2025;17:05:13.633;FGBL SI 20250306 PS;SIMPLE_INSTRUMENT;EFS;EUR;108;131.87000000;220;EXCHANGE_LAST;;1;1;XEUR;11286679;688;
30.01.2025;17:05:30.934;FGBL SI 20250306 PS;SIMPLE_INSTRUMENT;EFS;EUR;109;131.87000000;229;EXCHANGE_LAST;;1;1;XEUR;11286679;688;
30.01.2025;17:10:38.603;FGBL SI 20250306 PS;SIMPLE_INSTRUMENT;EFS;EUR;110;131.87000000;415;EXCHANGE_LAST;;1;1;XEUR;11286679;688;
30.01.2025;12:08:25.817;FGBL SI 20250306 PS;SIMPLE_INSTRUMENT;VOLA;EUR;268435486;131.93000000;67;EXCHANGE_LAST;;1;1;XEUR;11286679;688;
30.01.2025;12:09:14.823;FGBL SI 20250306 PS;SIMPLE_INSTRUMENT;VOLA;EUR;268435487;131.93000000;68;EXCHANGE_LAST;;1;1;XEUR;11286679;688;
30.01.2025;14:32:03.737;FGBL SI 20250306 PS;SIMPLE_INSTRUMENT;VOLA;EUR;268435512;131.95000000;150;EXCHANGE_LAST;;1;1;XEUR;11286679;688;
30.01.2025;15:26:07.632;FGBL SI 20250306 PS;SIMPLE_INSTRUMENT;VOLA;EUR;268435521;132.05000000;64;EXCHANGE_LAST;;1;1;XEUR;11286679;688;
30.01.2025;16:03:42.717;FGBL SI 20250306 PS;SIMPLE_INSTRUMENT;VOLA;EUR;268435527;132.01000000;150;EXCHANGE_LAST;;1;1;XEUR;11286679;688;
30.01.2025;16:56:20.216;FGBL SI 20250306 PS;SIMPLE_INSTRUMENT;VOLA;EUR;268435532;131.83000000;70;EXCHANGE_LAST;;1;1;XEUR;11286679;688;
30.01.2025;07:43:00.669;FGBM SI 20250306 PS;SIMPLE_INSTRUMENT;EFS;EUR;1;116.81000000;457;EXCHANGE_LAST;;1;1;XEUR;11286680;689;
30.01.2025;08:09:20.276;FGBM SI 20250306 PS;SIMPLE_INSTRUMENT;EFS;EUR;2;116.84000000;457;EXCHANGE_LAST;;1;1;XEUR;11286680;689;
30.01.2025;08:15:44.924;FGBM SI 20250306 PS;SIMPLE_INSTRUMENT;EFS;EUR;3;116.85000000;596;EXCHANGE_LAST;;1;1;XEUR;11286680;689;
30.01.2025;08:27:06.857;FGBM SI 20250306 PS;SIMPLE_INSTRUMENT;EFS;EUR;4;116.82000000;862;EXCHANGE_LAST;;1;1;XEUR;11286680;689;
30.01.2025;08:28:16.074;FGBM SI 20250306 PS;SIMPLE_INSTRUMENT;EFS;EUR;5;116.82000000;862;EXCHANGE_LAST;;1;1;XEUR;11286680;689;
30.01.2025;08:46:56.694;FGBM SI 20250306 PS;SIMPLE_INSTRUMENT;EFS;EUR;6;116.85000000;915;EXCHANGE_LAST;;1;1;XEUR;11286680;689;
30.01.2025;08:47:45.609;FGBM SI 20250306 PS;SIMPLE_INSTRUMENT;EFS;EUR;7;116.85000000;1110;EXCHANGE_LAST;;1;1;XEUR;11286680;689;
30.01.2025;08:51:16.891;FGBM SI 20250306 PS;SIMPLE_INSTRUMENT;EFS;EUR;8;116.84000000;863;EXCHANGE_LAST;;1;1;XEUR;11286680;689;
30.01.2025;08:54:24.608;FGBM SI 20250306 PS;SIMPLE_INSTRUMENT;EFS;EUR;9;116.85000000;740;EXCHANGE_LAST;;1;1;XEUR;11286680;689;
30.01.2025;08:56:54.879;FGBM SI 20250306 PS;SIMPLE_INSTRUMENT;EFS;EUR;10;116.85000000;370;EXCHANGE_LAST;;1;1;XEUR;11286680;689;
30.01.2025;08:57:37.161;FGBM SI 20250306 PS;SIMPLE_INSTRUMENT;EFS;EUR;11;116.85000000;432;EXCHANGE_LAST;;1;1;XEUR;11286680;689;
30.01.2025;09:06:10.777;FGBM SI 20250306 PS;SIMPLE_INSTRUMENT;EFS;EUR;12;116.85000000;992;EXCHANGE_LAST;;1;1;XEUR;11286680;689;
30.01.2025;09:10:48.192;FGBM SI 20250306 PS;SIMPLE_INSTRUMENT;EFS;EUR;13;116.89000000;320;EXCHANGE_LAST;;1;1;XEUR;11286680;689;
30.01.2025;09:09:20.249;FGBM SI 20250306 PS;SIMPLE_INSTRUMENT;EFS;EUR;14;116.88000000;995;EXCHANGE_LAST;;1;1;XEUR;11286680;689;
30.01.2025;09:18:19.711;FGBM SI 20250306 PS;SIMPLE_INSTRUMENT;EFS;EUR;15;116.93000000;913;EXCHANGE_LAST;;1;1;XEUR;11286680;689;
30.01.2025;09:21:08.333;FGBM SI 20250306 PS;SIMPLE_INSTRUMENT;EFP_FIN;EUR;16;116.89000000;431;EXCHANGE_LAST;;1;1;XEUR;11286680;689;
30.01.2025;09:27:39.696;FGBM SI 20250306 PS;SIMPLE_INSTRUMENT;EFS;EUR;17;116.93000000;965;EXCHANGE_LAST;;1;1;XEUR;11286680;689;
30.01.2025;09:28:18.245;FGBM SI 20250306 PS;SIMPLE_INSTRUMENT;EFS;EUR;18;116.92000000;913;EXCHANGE_LAST;;1;1;XEUR;11286680;689;
30.01.2025;09:38:40.097;FGBM SI 20250306 PS;SIMPLE_INSTRUMENT;EFS;EUR;19;116.93000000;914;EXCHANGE_LAST;;1;1;XEUR;11286680;689;
30.01.2025;09:39:25.133;FGBM SI 20250306 PS;SIMPLE_INSTRUMENT;EFS;EUR;20;116.93000000;457;EXCHANGE_LAST;;1;1;XEUR;11286680;689;
30.01.2025;09:44:08.740;FGBM SI 20250306 PS;SIMPLE_INSTRUMENT;EFS;EUR;21;116.94000000;913;EXCHANGE_LAST;;1;1;XEUR;11286680;689;
30.01.2025;09:50:08.129;FGBM SI 20250306 PS;SIMPLE_INSTRUMENT;EFP_FIN;EUR;22;116.92000000;527;EXCHANGE_LAST;;1;1;XEUR;11286680;689;
30.01.2025;09:53:04.695;FGBM SI 20250306 PS;SIMPLE_INSTRUMENT;EFP_FIN;EUR;23;116.91000000;71;EXCHANGE_LAST;;1;1;XEUR;11286680;689;
30.01.2025;10:00:21.720;FGBM SI 20250306 PS;SIMPLE_INSTRUMENT;EFS;EUR;24;116.92000000;913;EXCHANGE_LAST;;1;1;XEUR;11286680;689;
30.01.2025;10:02:08.090;FGBM SI 20250306 PS;SIMPLE_INSTRUMENT;EFS;EUR;25;116.92000000;913;EXCHANGE_LAST;;1;1;XEUR;11286680;689;
30.01.2025;10:05:03.387;FGBM SI 20250306 PS;SIMPLE_INSTRUMENT;EFP_FIN;EUR;26;116.92000000;749;EXCHANGE_LAST;;1;1;XEUR;11286680;689;
30.01.2025;10:05:27.975;FGBM SI 20250306 PS;SIMPLE_INSTRUMENT;EFS;EUR;27;116.93000000;319;EXCHANGE_LAST;;1;1;XEUR;11286680;689;
30.01.2025;10:09:48.381;FGBM SI 20250306 PS;SIMPLE_INSTRUMENT;EFS;EUR;28;116.95000000;915;EXCHANGE_LAST;;1;1;XEUR;11286680;689;
30.01.2025;10:17:14.063;FGBM SI 20250306 PS;SIMPLE_INSTRUMENT;EFP_FIN;EUR;29;116.92000000;158;EXCHANGE_LAST;;1;1;XEUR;11286680;689;
30.01.2025;10:20:49.849;FGBM SI 20250306 PS;SIMPLE_INSTRUMENT;EFS;EUR;30;116.95000000;913;EXCHANGE_LAST;;1;1;XEUR;11286680;689;
30.01.2025;10:43:47.474;FGBM SI 20250306 PS;SIMPLE_INSTRUMENT;EFP_FIN;EUR;31;116.96000000;450;EXCHANGE_LAST;;1;1;XEUR;11286680;689;
30.01.2025;10:44:04.562;FGBM SI 20250306 PS;SIMPLE_INSTRUMENT;EFP_FIN;EUR;32;116.96000000;86;EXCHANGE_LAST;;1;1;XEUR;11286680;689;
30.01.2025;10:55:50.463;FGBM SI 20250306 PS;SIMPLE_INSTRUMENT;EFS;EUR;33;116.98000000;993;EXCHANGE_LAST;;1;1;XEUR;11286680;689;
30.01.2025;11:02:59.298;FGBM SI 20250306 PS;SIMPLE_INSTRUMENT;EFS;EUR;34;116.99000000;365;EXCHANGE_LAST;;1;1;XEUR;11286680;689;
30.01.2025;11:09:37.458;FGBM SI 20250306 PS;SIMPLE_INSTRUMENT;EFS;EUR;35;117.00000000;234;EXCHANGE_LAST;;1;1;XEUR;11286680;689;
30.01.2025;11:10:54.066;FGBM SI 20250306 PS;SIMPLE_INSTRUMENT;EFS;EUR;36;117.00000000;739;EXCHANGE_LAST;;1;1;XEUR;11286680;689;
30.01.2025;11:13:18.347;FGBM SI 20250306 PS;SIMPLE_INSTRUMENT;EFS;EUR;37;117.01000000;554;EXCHANGE_LAST;;1;1;XEUR;11286680;689;
30.01.2025;11:35:51.390;FGBM SI 20250306 PS;SIMPLE_INSTRUMENT;EFP_FIN;EUR;38;116.99000000;863;EXCHANGE_LAST;;1;1;XEUR;11286680;689;
30.01.2025;11:35:51.675;FGBM SI 20250306 PS;SIMPLE_INSTRUMENT;EFP_FIN;EUR;39;117.00000000;314;EXCHANGE_LAST;;1;1;XEUR;11286680;689;
30.01.2025;11:44:57.075;FGBM SI 20250306 PS;SIMPLE_INSTRUMENT;EFP_FIN;EUR;40;117.00000000;647;EXCHANGE_LAST;;1;1;XEUR;11286680;689;
30.01.2025;11:37:30.703;FGBM SI 20250306 PS;SIMPLE_INSTRUMENT;EFP_FIN;EUR;41;116.99000000;212;EXCHANGE_LAST;;1;1;XEUR;11286680;689;
30.01.2025;11:43:10.923;FGBM SI 20250306 PS;SIMPLE_INSTRUMENT;EFS;EUR;42;117.00000000;457;EXCHANGE_LAST;;1;1;XEUR;11286680;689;
30.01.2025;11:44:11.904;FGBM SI 20250306 PS;SIMPLE_INSTRUMENT;EFS;EUR;43;117.00000000;457;EXCHANGE_LAST;;1;1;XEUR;11286680;689;
30.01.2025;12:08:03.249;FGBM SI 20250306 PS;SIMPLE_INSTRUMENT;EFP_FIN;EUR;44;117.00000000;454;EXCHANGE_LAST;;1;1;XEUR;11286680;689;
30.01.2025;12:08:49.230;FGBM SI 20250306 PS;SIMPLE_INSTRUMENT;EFP_FIN;EUR;45;117.02000000;414;EXCHANGE_LAST;;1;1;XEUR;11286680;689;
30.01.2025;12:09:27.326;FGBM SI 20250306 PS;SIMPLE_INSTRUMENT;EFP_FIN;EUR;46;117.02000000;461;EXCHANGE_LAST;;1;1;XEUR;11286680;689;
30.01.2025;12:26:47.884;FGBM SI 20250306 PS;SIMPLE_INSTRUMENT;EFS;EUR;47;117.03000000;913;EXCHANGE_LAST;;1;1;XEUR;11286680;689;
30.01.2025;12:40:31.148;FGBM SI 20250306 PS;SIMPLE_INSTRUMENT;EFS;EUR;48;117.02000000;1083;EXCHANGE_LAST;;1;1;XEUR;11286680;689;
30.01.2025;12:47:04.858;FGBM SI 20250306 PS;SIMPLE_INSTRUMENT;EFS;EUR;49;117.02000000;292;EXCHANGE_LAST;;1;1;XEUR;11286680;689;
30.01.2025;12:47:51.507;FGBM SI 20250306 PS;SIMPLE_INSTRUMENT;EFS;EUR;50;117.04000000;862;EXCHANGE_LAST;;1;1;XEUR;11286680;689;
30.01.2025;12:49:00.640;FGBM SI 20250306 PS;SIMPLE_INSTRUMENT;EFS;EUR;51;117.04000000;517;EXCHANGE_LAST;;1;1;XEUR;11286680;689;
30.01.2025;12:55:39.995;FGBM SI 20250306 PS;SIMPLE_INSTRUMENT;EFS;EUR;52;117.01000000;457;EXCHANGE_LAST;;1;1;XEUR;11286680;689;
30.01.2025;13:03:09.254;FGBM SI 20250306 PS;SIMPLE_INSTRUMENT;EFS;EUR;53;117.00000000;1293;EXCHANGE_LAST;;1;1;XEUR;11286680;689;
30.01.2025;13:03:38.665;FGBM SI 20250306 PS;SIMPLE_INSTRUMENT;EFP_FIN;EUR;54;117.02000000;292;EXCHANGE_LAST;;1;1;XEUR;11286680;689;
30.01.2025;13:03:39.941;FGBM SI 20250306 PS;SIMPLE_INSTRUMENT;EFS;EUR;55;117.00000000;1828;EXCHANGE_LAST;;1;1;XEUR;11286680;689;
30.01.2025;13:03:54.954;FGBM SI 20250306 PS;SIMPLE_INSTRUMENT;EFS;EUR;56;117.00000000;914;EXCHANGE_LAST;;1;1;XEUR;11286680;689;
30.01.2025;13:05:30.019;FGBM SI 20250306 PS;SIMPLE_INSTRUMENT;EFS;EUR;57;117.00000000;1828;EXCHANGE_LAST;;1;1;XEUR;11286680;689;
30.01.2025;13:06:35.068;FGBM SI 20250306 PS;SIMPLE_INSTRUMENT;EFS;EUR;58;117.01000000;457;EXCHANGE_LAST;;1;1;XEUR;11286680;689;
30.01.2025;13:19:33.741;FGBM SI 20250306 PS;SIMPLE_INSTRUMENT;EFS;EUR;59;117.01000000;862;EXCHANGE_LAST;;1;1;XEUR;11286680;689;
30.01.2025;13:23:57.648;FGBM SI 20250306 PS;SIMPLE_INSTRUMENT;EFS;EUR;60;117.01000000;862;EXCHANGE_LAST;;1;1;XEUR;11286680;689;
30.01.2025;14:07:32.346;FGBM SI 20250306 PS;SIMPLE_INSTRUMENT;EFS;EUR;61;117.01000000;913;EXCHANGE_LAST;;1;1;XEUR;11286680;689;
30.01.2025;14:34:49.053;FGBM SI 20250306 PS;SIMPLE_INSTRUMENT;EFS;EUR;62;116.97000000;365;EXCHANGE_LAST;;1;1;XEUR;11286680;689;
30.01.2025;14:47:21.031;FGBM SI 20250306 PS;SIMPLE_INSTRUMENT;EFS;EUR;64;117.06000000;913;EXCHANGE_LAST;;1;1;XEUR;11286680;689;
30.01.2025;14:51:51.027;FGBM SI 20250306 PS;SIMPLE_INSTRUMENT;EFS;EUR;65;117.01000000;51;EXCHANGE_LAST;;1;1;XEUR;11286680;689;
30.01.2025;14:53:00.626;FGBM SI 20250306 PS;SIMPLE_INSTRUMENT;EFS;EUR;66;117.07000000;1369;EXCHANGE_LAST;;1;1;XEUR;11286680;689;
30.01.2025;14:58:19.297;FGBM SI 20250306 PS;SIMPLE_INSTRUMENT;EFS;EUR;67;117.08000000;150;EXCHANGE_LAST;;1;1;XEUR;11286680;689;
30.01.2025;15:08:52.083;FGBM SI 20250306 PS;SIMPLE_INSTRUMENT;EFS;EUR;68;117.12000000;914;EXCHANGE_LAST;;1;1;XEUR;11286680;689;
30.01.2025;15:16:57.099;FGBM SI 20250306 PS;SIMPLE_INSTRUMENT;EFS;EUR;69;117.13000000;749;EXCHANGE_LAST;;1;1;XEUR;11286680;689;
30.01.2025;15:20:17.573;FGBM SI 20250306 PS;SIMPLE_INSTRUMENT;EFS;EUR;70;117.10000000;914;EXCHANGE_LAST;;1;1;XEUR;11286680;689;
30.01.2025;15:26:27.133;FGBM SI 20250306 PS;SIMPLE_INSTRUMENT;EFP_FIN;EUR;71;117.07000000;933;EXCHANGE_LAST;;1;1;XEUR;11286680;689;
30.01.2025;15:34:39.282;FGBM SI 20250306 PS;SIMPLE_INSTRUMENT;EFS;EUR;72;117.08000000;910;EXCHANGE_LAST;;1;1;XEUR;11286680;689;
30.01.2025;15:41:27.314;FGBM SI 20250306 PS;SIMPLE_INSTRUMENT;EFS;EUR;73;117.11000000;1990;EXCHANGE_LAST;;1;1;XEUR;11286680;689;
30.01.2025;15:44:50.789;FGBM SI 20250306 PS;SIMPLE_INSTRUMENT;EFS;EUR;74;117.10000000;913;EXCHANGE_LAST;;1;1;XEUR;11286680;689;
30.01.2025;15:51:37.589;FGBM SI 20250306 PS;SIMPLE_INSTRUMENT;EFS;EUR;75;117.03000000;913;EXCHANGE_LAST;;1;1;XEUR;11286680;689;
30.01.2025;16:01:50.458;FGBM SI 20250306 PS;SIMPLE_INSTRUMENT;EFS;EUR;76;116.99000000;913;EXCHANGE_LAST;;1;1;XEUR;11286680;689;
30.01.2025;16:02:07.398;FGBM SI 20250306 PS;SIMPLE_INSTRUMENT;EFS;EUR;77;117.02000000;914;EXCHANGE_LAST;;1;1;XEUR;11286680;689;
30.01.2025;16:09:25.083;FGBM SI 20250306 PS;SIMPLE_INSTRUMENT;EFP_FIN;EUR;78;117.00000000;466;EXCHANGE_LAST;;1;1;XEUR;11286680;689;
30.01.2025;16:10:04.879;FGBM SI 20250306 PS;SIMPLE_INSTRUMENT;EFP_FIN;EUR;79;117.00000000;467;EXCHANGE_LAST;;1;1;XEUR;11286680;689;
30.01.2025;16:12:48.552;FGBM SI 20250306 PS;SIMPLE_INSTRUMENT;EFS;EUR;80;117.03000000;993;EXCHANGE_LAST;;1;1;XEUR;11286680;689;
30.01.2025;16:27:45.760;FGBM SI 20250306 PS;SIMPLE_INSTRUMENT;BLOCK;EUR;81;117.01000000;9528;EXCHANGE_LAST;;1;1;XEUR;11286680;689;
30.01.2025;16:39:50.022;FGBM SI 20250306 PS;SIMPLE_INSTRUMENT;EFS;EUR;82;117.03000000;913;EXCHANGE_LAST;;1;1;XEUR;11286680;689;
30.01.2025;16:41:22.770;FGBM SI 20250306 PS;SIMPLE_INSTRUMENT;EFP_FIN;EUR;83;117.01000000;450;EXCHANGE_LAST;;1;1;XEUR;11286680;689;
30.01.2025;16:58:13.740;FGBM SI 20250306 PS;SIMPLE_INSTRUMENT;EFS;EUR;84;117.03000000;456;EXCHANGE_LAST;;1;1;XEUR;11286680;689;
30.01.2025;16:59:16.726;FGBM SI 20250306 PS;SIMPLE_INSTRUMENT;EFS;EUR;85;117.00000000;913;EXCHANGE_LAST;;1;1;XEUR;11286680;689;
30.01.2025;17:02:31.761;FGBM SI 20250306 PS;SIMPLE_INSTRUMENT;EFS;EUR;86;117.02000000;457;EXCHANGE_LAST;;1;1;XEUR;11286680;689;
30.01.2025;09:08:08.902;FGBS SI 20250306 PS;SIMPLE_INSTRUMENT;EFS;EUR;1;106.56000000;2749;EXCHANGE_LAST;;1;1;XEUR;11286681;690;
30.01.2025;09:10:55.321;FGBS SI 20250306 PS;SIMPLE_INSTRUMENT;EFS;EUR;2;106.56000000;2168;EXCHANGE_LAST;;1;1;XEUR;11286681;690;
30.01.2025;09:52:13.276;FGBS SI 20250306 PS;SIMPLE_INSTRUMENT;EFP_FIN;EUR;3;106.58500000;207;EXCHANGE_LAST;;1;1;XEUR;11286681;690;
30.01.2025;10:52:32.705;FGBS SI 20250306 PS;SIMPLE_INSTRUMENT;EFP_FIN;EUR;4;106.60500000;1106;EXCHANGE_LAST;;1;1;XEUR;11286681;690;
30.01.2025;11:18:43.077;FGBS SI 20250306 PS;SIMPLE_INSTRUMENT;EFP_FIN;EUR;5;106.61500000;208;EXCHANGE_LAST;;1;1;XEUR;11286681;690;
30.01.2025;11:20:30.082;FGBS SI 20250306 PS;SIMPLE_INSTRUMENT;EFP_FIN;EUR;6;106.61500000;283;EXCHANGE_LAST;;1;1;XEUR;11286681;690;
30.01.2025;11:20:42.913;FGBS SI 20250306 PS;SIMPLE_INSTRUMENT;EFP_FIN;EUR;7;106.61500000;283;EXCHANGE_LAST;;1;1;XEUR;11286681;690;
30.01.2025;11:45:28.454;FGBS SI 20250306 PS;SIMPLE_INSTRUMENT;EFP_FIN;EUR;8;106.61000000;935;EXCHANGE_LAST;;1;1;XEUR;11286681;690;
30.01.2025;12:44:50.929;FGBS SI 20250306 PS;SIMPLE_INSTRUMENT;EFP_FIN;EUR;9;106.62000000;468;EXCHANGE_LAST;;1;1;XEUR;11286681;690;
30.01.2025;13:08:07.407;FGBS SI 20250306 PS;SIMPLE_INSTRUMENT;EFP_FIN;EUR;10;106.62500000;150;EXCHANGE_LAST;;1;1;XEUR;11286681;690;
30.01.2025;13:12:32.667;FGBS SI 20250306 PS;SIMPLE_INSTRUMENT;EFP_FIN;EUR;11;106.63000000;530;EXCHANGE_LAST;;1;1;XEUR;11286681;690;
30.01.2025;13:24:58.960;FGBS SI 20250306 PS;SIMPLE_INSTRUMENT;EFP_FIN;EUR;12;106.62500000;1500;EXCHANGE_LAST;;1;1;XEUR;11286681;690;
30.01.2025;13:51:05.364;FGBS SI 20250306 PS;SIMPLE_INSTRUMENT;EFS;EUR;13;106.61500000;3696;EXCHANGE_LAST;;1;1;XEUR;11286681;690;
30.01.2025;13:54:51.073;FGBS SI 20250306 PS;SIMPLE_INSTRUMENT;EFP_FIN;EUR;14;106.63000000;416;EXCHANGE_LAST;;1;1;XEUR;11286681;690;
30.01.2025;15:06:07.778;FGBS SI 20250306 PS;SIMPLE_INSTRUMENT;EFP_FIN;EUR;15;106.62500000;1319;EXCHANGE_LAST;;1;1;XEUR;11286681;690;
30.01.2025;15:19:37.773;FGBS SI 20250306 PS;SIMPLE_INSTRUMENT;EFS;EUR;16;106.68000000;2745;EXCHANGE_LAST;;1;1;XEUR;11286681;690;
30.01.2025;15:22:41.740;FGBS SI 20250306 PS;SIMPLE_INSTRUMENT;EFS;EUR;17;106.62500000;1922;EXCHANGE_LAST;;1;1;XEUR;11286681;690;
30.01.2025;15:23:08.520;FGBS SI 20250306 PS;SIMPLE_INSTRUMENT;EFP_FIN;EUR;18;106.68000000;414;EXCHANGE_LAST;;1;1;XEUR;11286681;690;
30.01.2025;15:39:51.009;FGBS SI 20250306 PS;SIMPLE_INSTRUMENT;EFS;EUR;19;106.68000000;1646;EXCHANGE_LAST;;1;1;XEUR;11286681;690;
30.01.2025;15:40:27.568;FGBS SI 20250306 PS;SIMPLE_INSTRUMENT;EFS;EUR;20;106.67500000;2750;EXCHANGE_LAST;;1;1;XEUR;11286681;690;
30.01.2025;16:01:11.864;FGBS SI 20250306 PS;SIMPLE_INSTRUMENT;EFS;EUR;21;106.68000000;1000;EXCHANGE_LAST;;1;1;XEUR;11286681;690;
30.01.2025;16:06:06.683;FGBS SI 20250306 PS;SIMPLE_INSTRUMENT;EFP_FIN;EUR;22;106.65000000;415;EXCHANGE_LAST;;1;1;XEUR;11286681;690;
30.01.2025;16:07:05.399;FGBS SI 20250306 PS;SIMPLE_INSTRUMENT;EFP_FIN;EUR;23;106.56000000;468;EXCHANGE_LAST;;1;1;XEUR;11286681;690;
30.01.2025;16:08:46.190;FGBS SI 20250306 PS;SIMPLE_INSTRUMENT;EFP_FIN;EUR;24;106.66000000;935;EXCHANGE_LAST;;1;1;XEUR;11286681;690;
30.01.2025;09:01:04.272;FGBX SI 20250306 PS;SIMPLE_INSTRUMENT;EFP_FIN;EUR;2;127.34000000;70;EXCHANGE_LAST;;1;1;XEUR;11286682;691;
30.01.2025;09:20:15.098;FGBX SI 20250306 PS;SIMPLE_INSTRUMENT;EFS;EUR;3;127.62000000;68;EXCHANGE_LAST;;1;1;XEUR;11286682;691;
30.01.2025;09:24:20.265;FGBX SI 20250306 PS;SIMPLE_INSTRUMENT;EFP_FIN;EUR;4;127.58000000;384;EXCHANGE_LAST;;1;1;XEUR;11286682;691;
30.01.2025;12:55:34.119;FGBX SI 20250306 PS;SIMPLE_INSTRUMENT;EFS;EUR;12;127.88000000;192;EXCHANGE_LAST;;1;1;XEUR;11286682;691;
30.01.2025;12:59:21.380;FGBX SI 20250306 PS;SIMPLE_INSTRUMENT;EFS;EUR;13;127.84000000;192;EXCHANGE_LAST;;1;1;XEUR;11286682;691;
30.01.2025;13:00:41.312;FGBX SI 20250306 PS;SIMPLE_INSTRUMENT;EFS;EUR;14;127.88000000;192;EXCHANGE_LAST;;1;1;XEUR;11286682;691;
30.01.2025;11:11:02.829;FIA5 SI 20250220 PS AM C 13.60 0;SIMPLE_INSTRUMENT;BLOCK;EUR;8;0.23000000;250;EXCHANGE_LAST;;1;1;XEUR;12233723;48227;
30.01.2025;07:50:52.571;FMDK SI 20250321 CS;SIMPLE_INSTRUMENT;BLOCK;USD;8;8902.33000000;3400;EXCHANGE_LAST;;1;1;XEUR;7590771;48919;
30.01.2025;08:04:02.078;FMEE SI 20250321 CS;SIMPLE_INSTRUMENT;BLOCK;USD;9;325.91600000;150;EXCHANGE_LAST;;1;1;XEUR;7589846;12396;
30.01.2025;07:24:52.223;FMES SI 20250321 CS;SIMPLE_INSTRUMENT;EFP_IDX;EUR;5;572.69000000;2;EXCHANGE_LAST;;1;1;XEUR;7591454;221291;
30.01.2025;08:07:02.338;FMGC SI 20250321 CS;SIMPLE_INSTRUMENT;BLOCK;USD;11;13038.47300000;400;EXCHANGE_LAST;;1;1;XEUR;7590767;48916;
30.01.2025;14:43:50.108;FMGO SI 20250321 CS;SIMPLE_INSTRUMENT;BLOCK;USD;14;5325.00000000;67;EXCHANGE_LAST;;1;1;XEUR;8609359;583623;
30.01.2025;07:18:52.188;FMID SI 20250321 CS;SIMPLE_INSTRUMENT;BLOCK;USD;2;1544.00000000;960;EXCHANGE_LAST;;1;1;XEUR;7590528;45289;
30.01.2025;08:40:15.945;FMIN SI 20250321 CS;SIMPLE_INSTRUMENT;BLOCK;USD;12;1194.99400000;565;EXCHANGE_LAST;;1;1;XEUR;7589865;12404;
30.01.2025;10:20:01.507;FMIN SI 20250321 CS;SIMPLE_INSTRUMENT;BLOCK;USD;13;1197.42400000;94;EXCHANGE_LAST;;1;1;XEUR;7589865;12404;
30.01.2025;07:44:38.547;FMSA SI 20250321 CS;SIMPLE_INSTRUMENT;BLOCK;USD;7;1842.74000000;82;EXCHANGE_LAST;;1;1;XEUR;7591259;134861;
30.01.2025;07:04:18.575;FMWO SI 20250321 CS;SIMPLE_INSTRUMENT;EFP_IDX;USD;3;12200.20000000;303;EXCHANGE_LAST;;1;1;XEUR;7589707;7059;
30.01.2025;07:23:35.381;FMWO SI 20250321 CS;SIMPLE_INSTRUMENT;EFP_IDX;USD;4;12200.25000000;45;EXCHANGE_LAST;;1;1;XEUR;7589707;7059;
30.01.2025;07:29:43.907;FMWO SI 20250321 CS;SIMPLE_INSTRUMENT;EFP_IDX;USD;6;12200.00000000;35;EXCHANGE_LAST;;1;1;XEUR;7589707;7059;
30.01.2025;08:04:55.264;FMWO SI 20250321 CS;SIMPLE_INSTRUMENT;EFP_IDX;USD;10;12199.75000000;87;EXCHANGE_LAST;;1;1;XEUR;7589707;7059;
30.01.2025;08:25:18.615;FOAT SI 20250306 PS;SIMPLE_INSTRUMENT;EFP_FIN;EUR;1;122.51000000;834;EXCHANGE_LAST;;1;1;XEUR;11286683;749;
30.01.2025;08:49:42.780;FOAT SI 20250306 PS;SIMPLE_INSTRUMENT;EFP_FIN;EUR;2;122.56000000;490;EXCHANGE_LAST;;1;1;XEUR;11286683;749;
30.01.2025;08:52:20.673;FOAT SI 20250306 PS;SIMPLE_INSTRUMENT;BLOCK;EUR;3;122.56000000;799;EXCHANGE_LAST;;1;1;XEUR;11286683;749;
30.01.2025;09:05:28.514;FOAT SI 20250306 PS;SIMPLE_INSTRUMENT;EFP_FIN;EUR;4;122.46000000;200;EXCHANGE_LAST;;1;1;XEUR;11286683;749;
30.01.2025;09:07:12.816;FOAT SI 20250306 PS;SIMPLE_INSTRUMENT;EFP_FIN;EUR;5;122.52000000;219;EXCHANGE_LAST;;1;1;XEUR;11286683;749;
30.01.2025;09:11:46.599;FOAT SI 20250306 PS;SIMPLE_INSTRUMENT;EFP_FIN;EUR;6;122.56000000;209;EXCHANGE_LAST;;1;1;XEUR;11286683;749;
30.01.2025;09:13:26.526;FOAT SI 20250306 PS;SIMPLE_INSTRUMENT;EFP_FIN;EUR;7;122.54000000;491;EXCHANGE_LAST;;1;1;XEUR;11286683;749;
30.01.2025;09:13:21.968;FOAT SI 20250306 PS;SIMPLE_INSTRUMENT;BLOCK;EUR;8;122.57000000;977;EXCHANGE_LAST;;1;1;XEUR;11286683;749;
30.01.2025;09:35:19.074;FOAT SI 20250306 PS;SIMPLE_INSTRUMENT;EFP_FIN;EUR;9;122.68000000;2085;EXCHANGE_LAST;;1;1;XEUR;11286683;749;
30.01.2025;09:55:26.190;FOAT SI 20250306 PS;SIMPLE_INSTRUMENT;EFP_FIN;EUR;10;122.68000000;896;EXCHANGE_LAST;;1;1;XEUR;11286683;749;
30.01.2025;10:06:51.735;FOAT SI 20250306 PS;SIMPLE_INSTRUMENT;EFP_FIN;EUR;11;122.66000000;250;EXCHANGE_LAST;;1;1;XEUR;11286683;749;
30.01.2025;10:14:52.321;FOAT SI 20250306 PS;SIMPLE_INSTRUMENT;EFP_FIN;EUR;12;122.66000000;834;EXCHANGE_LAST;;1;1;XEUR;11286683;749;
30.01.2025;10:43:38.955;FOAT SI 20250306 PS;SIMPLE_INSTRUMENT;BLOCK;EUR;13;122.71000000;473;EXCHANGE_LAST;;1;1;XEUR;11286683;749;
30.01.2025;10:44:58.253;FOAT SI 20250306 PS;SIMPLE_INSTRUMENT;EFP_FIN;EUR;14;122.69000000;222;EXCHANGE_LAST;;1;1;XEUR;11286683;749;
30.01.2025;10:54:47.899;FOAT SI 20250306 PS;SIMPLE_INSTRUMENT;EFP_FIN;EUR;15;122.71000000;116;EXCHANGE_LAST;;1;1;XEUR;11286683;749;
30.01.2025;11:01:44.674;FOAT SI 20250306 PS;SIMPLE_INSTRUMENT;EFP_FIN;EUR;16;122.74000000;850;EXCHANGE_LAST;;1;1;XEUR;11286683;749;
30.01.2025;11:19:48.005;FOAT SI 20250306 PS;SIMPLE_INSTRUMENT;EFP_FIN;EUR;17;122.70000000;417;EXCHANGE_LAST;;1;1;XEUR;11286683;749;
30.01.2025;12:13:04.673;FOAT SI 20250306 PS;SIMPLE_INSTRUMENT;EFP_FIN;EUR;18;122.74000000;568;EXCHANGE_LAST;;1;1;XEUR;11286683;749;
30.01.2025;12:21:50.075;FOAT SI 20250306 PS;SIMPLE_INSTRUMENT;EFP_FIN;EUR;19;122.73000000;89;EXCHANGE_LAST;;1;1;XEUR;11286683;749;
30.01.2025;12:53:29.836;FOAT SI 20250306 PS;SIMPLE_INSTRUMENT;EFP_FIN;EUR;20;122.72000000;171;EXCHANGE_LAST;;1;1;XEUR;11286683;749;
30.01.2025;12:56:44.742;FOAT SI 20250306 PS;SIMPLE_INSTRUMENT;BLOCK;EUR;21;122.76000000;588;EXCHANGE_LAST;;1;1;XEUR;11286683;749;
30.01.2025;13:04:45.758;FOAT SI 20250306 PS;SIMPLE_INSTRUMENT;EFP_FIN;EUR;22;122.72000000;1209;EXCHANGE_LAST;;1;1;XEUR;11286683;749;
30.01.2025;13:16:19.557;FOAT SI 20250306 PS;SIMPLE_INSTRUMENT;EFP_FIN;EUR;23;122.72000000;207;EXCHANGE_LAST;;1;1;XEUR;11286683;749;
30.01.2025;13:23:34.460;FOAT SI 20250306 PS;SIMPLE_INSTRUMENT;EFP_FIN;EUR;24;122.74000000;1000;EXCHANGE_LAST;;1;1;XEUR;11286683;749;
30.01.2025;13:25:17.240;FOAT SI 20250306 PS;SIMPLE_INSTRUMENT;EFP_FIN;EUR;25;122.71000000;250;EXCHANGE_LAST;;1;1;XEUR;11286683;749;
30.01.2025;13:25:42.947;FOAT SI 20250306 PS;SIMPLE_INSTRUMENT;EFP_FIN;EUR;26;122.72000000;85;EXCHANGE_LAST;;1;1;XEUR;11286683;749;
30.01.2025;13:34:09.820;FOAT SI 20250306 PS;SIMPLE_INSTRUMENT;EFP_FIN;EUR;27;122.72000000;886;EXCHANGE_LAST;;1;1;XEUR;11286683;749;
30.01.2025;13:45:47.346;FOAT SI 20250306 PS;SIMPLE_INSTRUMENT;EFP_FIN;EUR;28;122.69000000;584;EXCHANGE_LAST;;1;1;XEUR;11286683;749;
30.01.2025;13:38:14.158;FOAT SI 20250306 PS;SIMPLE_INSTRUMENT;EFP_FIN;EUR;29;122.73000000;834;EXCHANGE_LAST;;1;1;XEUR;11286683;749;
30.01.2025;13:39:21.766;FOAT SI 20250306 PS;SIMPLE_INSTRUMENT;EFP_FIN;EUR;30;122.77000000;417;EXCHANGE_LAST;;1;1;XEUR;11286683;749;
30.01.2025;13:55:14.663;FOAT SI 20250306 PS;SIMPLE_INSTRUMENT;EFP_FIN;EUR;31;122.74000000;834;EXCHANGE_LAST;;1;1;XEUR;11286683;749;
30.01.2025;14:09:48.162;FOAT SI 20250306 PS;SIMPLE_INSTRUMENT;BLOCK;EUR;32;122.85000000;485;EXCHANGE_LAST;;1;1;XEUR;11286683;749;
30.01.2025;14:52:41.736;FOAT SI 20250306 PS;SIMPLE_INSTRUMENT;EFP_FIN;EUR;33;122.66000000;250;EXCHANGE_LAST;;1;1;XEUR;11286683;749;
30.01.2025;14:52:29.704;FOAT SI 20250306 PS;SIMPLE_INSTRUMENT;EFP_FIN;EUR;34;122.66000000;100;EXCHANGE_LAST;;1;1;XEUR;11286683;749;
30.01.2025;14:53:08.213;FOAT SI 20250306 PS;SIMPLE_INSTRUMENT;EFP_FIN;EUR;35;122.75000000;834;EXCHANGE_LAST;;1;1;XEUR;11286683;749;
30.01.2025;15:30:49.819;FOAT SI 20250306 PS;SIMPLE_INSTRUMENT;EFP_FIN;EUR;36;122.85000000;257;EXCHANGE_LAST;;1;1;XEUR;11286683;749;
30.01.2025;16:22:54.366;FOAT SI 20250306 PS;SIMPLE_INSTRUMENT;EFP_FIN;EUR;37;122.69000000;58;EXCHANGE_LAST;;1;1;XEUR;11286683;749;
30.01.2025;16:25:33.456;FOAT SI 20250306 PS;SIMPLE_INSTRUMENT;EFP_FIN;EUR;38;122.69000000;77;EXCHANGE_LAST;;1;1;XEUR;11286683;749;
30.01.2025;16:30:27.709;FOAT SI 20250306 PS;SIMPLE_INSTRUMENT;EFP_FIN;EUR;39;122.69000000;81;EXCHANGE_LAST;;1;1;XEUR;11286683;749;
30.01.2025;16:33:51.380;FOAT SI 20250306 PS;SIMPLE_INSTRUMENT;EFP_FIN;EUR;40;122.73000000;167;EXCHANGE_LAST;;1;1;XEUR;11286683;749;
30.01.2025;16:40:02.553;FOAT SI 20250306 PS;SIMPLE_INSTRUMENT;EFP_FIN;EUR;41;122.73000000;113;EXCHANGE_LAST;;1;1;XEUR;11286683;749;
30.01.2025;16:47:12.482;FSEG SI 20250321 CS;SIMPLE_INSTRUMENT;EFP_IDX;EUR;84;199.90000000;22;EXCHANGE_LAST;;1;1;XEUR;11393888;109977;
30.01.2025;16:47:28.596;FSEG SI 20250321 CS;SIMPLE_INSTRUMENT;EFP_IDX;EUR;85;199.80000000;67;EXCHANGE_LAST;;1;1;XEUR;11393888;109977;
30.01.2025;14:39:20.910;FSMI SI 20250321 CS;SIMPLE_INSTRUMENT;BLOCK;CHF;1;12560.00000000;750;EXCHANGE_LAST;;1;1;XEUR;7793721;757;
30.01.2025;14:45:15.766;FSMI SI 20250321 CS;SIMPLE_INSTRUMENT;EFP_IDX;CHF;2;12560.00000000;300;EXCHANGE_LAST;;1;1;XEUR;7793721;757;
30.01.2025;15:54:26.349;FSMI SI 20250321 CS;SIMPLE_INSTRUMENT;BLOCK;CHF;3;12580.00000000;750;EXCHANGE_LAST;;1;1;XEUR;7793721;757;
30.01.2025;16:20:12.503;FSMI SI 20250321 CS;SIMPLE_INSTRUMENT;EFP_IDX;CHF;4;12580.00000000;250;EXCHANGE_LAST;;1;1;XEUR;7793721;757;
30.01.2025;16:33:58.837;FSMI SI 20250321 CS;SIMPLE_INSTRUMENT;BLOCK;CHF;5;12580.00000000;500;EXCHANGE_LAST;;1;1;XEUR;7793721;757;
30.01.2025;16:38:56.477;FSMI SI 20250321 CS;SIMPLE_INSTRUMENT;EFP_IDX;CHF;6;12575.00000000;21;EXCHANGE_LAST;;1;1;XEUR;7793721;757;
30.01.2025;16:38:58.170;FSMI SI 20250321 CS;SIMPLE_INSTRUMENT;EFP_IDX;CHF;7;12574.00000000;51;EXCHANGE_LAST;;1;1;XEUR;7793721;757;
30.01.2025;16:42:35.828;FSMI SI 20250321 CS;SIMPLE_INSTRUMENT;EFP_IDX;CHF;8;12576.00000000;92;EXCHANGE_LAST;;1;1;XEUR;7793721;757;
30.01.2025;16:11:58.529;FSMX SI 20250321 CS;SIMPLE_INSTRUMENT;BLOCK;EUR;76;26870.00000000;500;EXCHANGE_LAST;;1;1;XEUR;11405203;396422;
30.01.2025;16:49:08.161;FSMX SI 20250321 CS;SIMPLE_INSTRUMENT;EFP_IDX;EUR;86;26767.00000000;17;EXCHANGE_LAST;;1;1;XEUR;11405203;396422;
30.01.2025;16:49:38.095;FSMX SI 20250321 CS;SIMPLE_INSTRUMENT;EFP_IDX;EUR;87;26766.00000000;413;EXCHANGE_LAST;;1;1;XEUR;11405203;396422;
30.01.2025;16:54:01.241;FSMX SI 20250321 CS;SIMPLE_INSTRUMENT;BLOCK;EUR;90;26838.00000000;375;EXCHANGE_LAST;;1;1;XEUR;11405203;396422;
30.01.2025;16:55:30.068;FSMX SI 20250321 CS;SIMPLE_INSTRUMENT;BLOCK;EUR;91;26840.00000000;267;EXCHANGE_LAST;;1;1;XEUR;11405203;396422;
30.01.2025;16:59:08.639;FSTB SI 20250321 CS;SIMPLE_INSTRUMENT;EFP_IDX;EUR;88;232.45000000;100;EXCHANGE_LAST;;1;1;XEUR;11359807;714;
30.01.2025;16:58:58.638;FSTB SI 20250321 CS;SIMPLE_INSTRUMENT;EFP_IDX;EUR;89;232.50000000;400;EXCHANGE_LAST;;1;1;XEUR;11359807;714;
30.01.2025;16:47:50.963;FSTE SI 20250321 CS;SIMPLE_INSTRUMENT;EFP_IDX;EUR;3;352.70000000;113;EXCHANGE_LAST;;1;1;XEUR;11359812;719;
30.01.2025;16:48:03.901;FSTE SI 20250321 CS;SIMPLE_INSTRUMENT;EFP_IDX;EUR;4;352.60000000;28;EXCHANGE_LAST;;1;1;XEUR;11359812;719;
30.01.2025;15:18:10.396;FSTI SI 20250321 CS;SIMPLE_INSTRUMENT;VOLA;EUR;603979817;436.20000000;1;EXCHANGE_LAST;;1;1;XEUR;11359770;707;
30.01.2025;16:45:39.593;FSTN SI 20250321 CS;SIMPLE_INSTRUMENT;BLOCK;EUR;82;730.80000000;279;EXCHANGE_LAST;;1;1;XEUR;11359761;704;
30.01.2025;16:45:58.595;FSTN SI 20250321 CS;SIMPLE_INSTRUMENT;BLOCK;EUR;83;730.90000000;279;EXCHANGE_LAST;;1;1;XEUR;11359761;704;
30.01.2025;16:54:17.787;FSTO SI 20250321 CS;SIMPLE_INSTRUMENT;EFP_IDX;EUR;7;644.60000000;29;EXCHANGE_LAST;;1;1;XEUR;11359792;711;
30.01.2025;16:54:23.252;FSTO SI 20250321 CS;SIMPLE_INSTRUMENT;EFP_IDX;EUR;8;644.70000000;261;EXCHANGE_LAST;;1;1;XEUR;11359792;711;
30.01.2025;16:50:16.985;FSTY SI 20250321 CS;SIMPLE_INSTRUMENT;EFP_IDX;EUR;5;854.10000000;60;EXCHANGE_LAST;;1;1;XEUR;11359816;729;
30.01.2025;16:50:22.585;FSTY SI 20250321 CS;SIMPLE_INSTRUMENT;EFP_IDX;EUR;6;854.20000000;240;EXCHANGE_LAST;;1;1;XEUR;11359816;729;
30.01.2025;10:48:45.503;FSTY SI 20250321 CS;SIMPLE_INSTRUMENT;VOLA;EUR;603979787;853.70000000;56;EXCHANGE_LAST;;1;1;XEUR;11359816;729;
30.01.2025;10:48:47.671;FSTY SI 20250321 CS;SIMPLE_INSTRUMENT;VOLA;EUR;603979788;853.70000000;56;EXCHANGE_LAST;;1;1;XEUR;11359816;729;
30.01.2025;13:43:33.742;FTE SI 20291221 PS AM C 14.00 0;SIMPLE_INSTRUMENT;BLOCK;EUR;28;0.20000000;1600;EXCHANGE_LAST;;1;1;XEUR;12442297;724;
30.01.2025;14:30:12.434;FTEG SI 20250321 CS;SIMPLE_INSTRUMENT;BLOCK;EUR;41;10.43100000;7000;EXCHANGE_LAST;;1;2;XEUR;10732787;390378;
30.01.2025;16:41:44.305;FXXP SI 20250321 CS;SIMPLE_INSTRUMENT;BLOCK;EUR;15;539.20000000;899;EXCHANGE_LAST;;1;1;XEUR;7793972;816;
30.01.2025;16:41:57.305;FXXP SI 20250321 CS;SIMPLE_INSTRUMENT;BLOCK;EUR;16;539.40000000;1101;EXCHANGE_LAST;;1;1;XEUR;7793972;816;
30.01.2025;16:52:30.344;FXXP SI 20250321 CS;SIMPLE_INSTRUMENT;EFP_IDX;EUR;17;539.30000000;1500;EXCHANGE_LAST;;1;1;XEUR;7793972;816;
30.01.2025;16:52:38.810;FXXP SI 20250321 CS;SIMPLE_INSTRUMENT;EFP_IDX;EUR;18;539.40000000;500;EXCHANGE_LAST;;1;1;XEUR;7793972;816;
30.01.2025;16:49:10.290;FXXP SI 20250321 CS;SIMPLE_INSTRUMENT;EFP_IDX;EUR;19;539.30000000;800;EXCHANGE_LAST;;1;1;XEUR;7793972;816;
30.01.2025;16:48:24.879;FXXP SI 20250321 CS;SIMPLE_INSTRUMENT;EFP_IDX;EUR;20;539.30000000;1800;EXCHANGE_LAST;;1;1;XEUR;7793972;816;
30.01.2025;16:48:24.879;FXXP SI 20250321 CS;SIMPLE_INSTRUMENT;EFP_IDX;EUR;21;539.40000000;200;EXCHANGE_LAST;;1;1;XEUR;7793972;816;
30.01.2025;16:49:08.097;FXXP SI 20250321 CS;SIMPLE_INSTRUMENT;EFP_IDX;EUR;23;539.30000000;800;EXCHANGE_LAST;;1;1;XEUR;7793972;816;
30.01.2025;16:49:20.133;FXXP SI 20250321 CS;SIMPLE_INSTRUMENT;EFP_IDX;EUR;24;539.40000000;200;EXCHANGE_LAST;;1;1;XEUR;7793972;816;
30.01.2025;16:55:41.605;FXXP SI 20250321 CS;SIMPLE_INSTRUMENT;EFP_IDX;EUR;25;539.30000000;1600;EXCHANGE_LAST;;1;1;XEUR;7793972;816;
30.01.2025;16:55:55.737;FXXP SI 20250321 CS;SIMPLE_INSTRUMENT;EFP_IDX;EUR;26;539.40000000;400;EXCHANGE_LAST;;1;1;XEUR;7793972;816;
30.01.2025;16:58:53.138;FXXP SI 20250321 CS;SIMPLE_INSTRUMENT;EFP_IDX;EUR;27;539.40000000;200;EXCHANGE_LAST;;1;1;XEUR;7793972;816;
30.01.2025;16:20:51.236;FXXP SI 20250321 CS;SIMPLE_INSTRUMENT;VOLA;EUR;603979833;539.00000000;115;EXCHANGE_LAST;;1;1;XEUR;7793972;816;
30.01.2025;16:32:18.329;FXXP SI 20250321 CS;SIMPLE_INSTRUMENT;VOLA;EUR;603979837;539.00000000;100;EXCHANGE_LAST;;1;1;XEUR;7793972;816;
30.01.2025;17:10:06.707;FXXP SI 20250321 CS;SIMPLE_INSTRUMENT;VOLA;EUR;603979842;540.00000000;55;EXCHANGE_LAST;;1;1;XEUR;7793972;816;
30.01.2025;10:34:35.475;G1A.O.250130.STG.000001;STANDARD_OPTION_STRATEGY;BLOCK;EUR;8;2.00000000;500;EXCHANGE_LAST;;1;1;XEUR;72061154565822875;829;
30.01.2025;10:34:35.475;G1A SI 20250321 PS AM P 49.00 0;SIMPLE_INSTRUMENT;BLOCK;EUR;8;1.05000000;500;PRC_DECOMP_MEMBER;;;;XEUR;12443465;829;MEMBER
30.01.2025;10:34:35.475;G1A SI 20250321 PS AM C 52.00 0;SIMPLE_INSTRUMENT;BLOCK;EUR;8;0.95000000;500;PRC_DECOMP_MEMBER;;;;XEUR;10840773;829;MEMBER
30.01.2025;14:33:10.314;G3ZF SI 20251219 CS;SIMPLE_INSTRUMENT;BLOCK;EUR;42;1.50000000;500;EXCHANGE_LAST;;1;1;XEUR;5914677;144760;
30.01.2025;11:44:15.009;GLEN SI 20250417 PS AM P 340 0;SIMPLE_INSTRUMENT;BLOCK;GBX;1;14.50000000;1000;EXCHANGE_LAST;;1;1;XEUR;12622827;864;
30.01.2025;08:34:22.594;GOB SI 20250131 PS AM C 90.00 0;SIMPLE_INSTRUMENT;BLOCK;EUR;1;0.90000000;300;EXCHANGE_LAST;;1;1;XEUR;12444300;874;
30.01.2025;08:52:23.011;GOB SI 20250131 PS AM C 90.00 0;SIMPLE_INSTRUMENT;BLOCK;EUR;3;0.86000000;300;EXCHANGE_LAST;;1;1;XEUR;12444300;874;
30.01.2025;09:15:16.258;GOB SI 20250131 PS AM C 90.00 0;SIMPLE_INSTRUMENT;BLOCK;EUR;4;0.77000000;558;EXCHANGE_LAST;;1;1;XEUR;12444300;874;
30.01.2025;13:24:12.519;GZF SI 20291221 PS AM C 24.00 0;SIMPLE_INSTRUMENT;BLOCK;EUR;27;0.18000000;1250;EXCHANGE_LAST;;1;1;XEUR;12444297;855;
30.01.2025;14:29:45.108;HNK.O.250130.BER.000001;STANDARD_OPTION_STRATEGY;BLOCK;EUR;17;1.93000000;1000;EXCHANGE_LAST;;1;1;XEUR;72061661371966907;947;
30.01.2025;14:29:45.108;HNK SI 20250417 PS AM P 66.00 0;SIMPLE_INSTRUMENT;BLOCK;EUR;17;2.19000000;1000;PRC_DECOMP_EXCHANGE;;;;XEUR;12624005;947;EXCHANGE
30.01.2025;14:29:45.108;HNK SI 20250417 PS AM P 56.00 0;SIMPLE_INSTRUMENT;BLOCK;EUR;17;0.26000000;1000;PRC_DECOMP_EXCHANGE;;;;XEUR;12624082;947;EXCHANGE
30.01.2025;13:14:22.916;I2FX SI 20271217 CS;SIMPLE_INSTRUMENT;BLOCK;EUR;29;0.38000000;50;EXCHANGE_LAST;;1;1;XEUR;8413588;151321;
30.01.2025;10:12:18.209;IFX.O.250130.RBUL.000004;STANDARD_OPTION_STRATEGY;BLOCK;EUR;1;-0.27000000;2000;EXCHANGE_LAST;;1;1;XEUR;72061468098469434;902;
30.01.2025;10:12:18.209;IFX SI 20250321 PS AM C 36.00 0;SIMPLE_INSTRUMENT;BLOCK;EUR;1;0.56000000;4000;PRC_DECOMP_EXCHANGE;;;;XEUR;10842346;902;EXCHANGE
30.01.2025;10:12:18.209;IFX SI 20250321 PS AM C 33.00 0;SIMPLE_INSTRUMENT;BLOCK;EUR;1;1.39000000;2000;PRC_DECOMP_EXCHANGE;;;;XEUR;11605628;902;EXCHANGE
30.01.2025;10:43:26.667;IFX.O.250130.RBUL.000005;STANDARD_OPTION_STRATEGY;BLOCK;EUR;4;-0.20000000;2000;EXCHANGE_LAST;;1;1;XEUR;72061468098469435;902;
30.01.2025;10:43:26.667;IFX SI 20250221 PS AM C 33.00 0;SIMPLE_INSTRUMENT;BLOCK;EUR;4;1.04000000;2000;PRC_DECOMP_EXCHANGE;;;;XEUR;12246978;902;EXCHANGE
30.01.2025;10:43:26.667;IFX SI 20250221 PS AM C 35.00 0;SIMPLE_INSTRUMENT;BLOCK;EUR;4;0.42000000;4000;PRC_DECOMP_EXCHANGE;;;;XEUR;12247015;902;EXCHANGE
30.01.2025;11:22:56.492;IFX.O.250130.STD.000006;STANDARD_OPTION_STRATEGY;BLOCK;EUR;6;8.62000000;1500;EXCHANGE_LAST;;1;1;XEUR;72061468098469436;902;
30.01.2025;11:22:56.492;IFX SI 20251219 PS AM P 32.00 0;SIMPLE_INSTRUMENT;BLOCK;EUR;6;4.00000000;1500;PRC_DECOMP_MEMBER;;;;XEUR;5933327;902;MEMBER
30.01.2025;11:22:56.492;IFX SI 20251219 PS AM C 32.00 0;SIMPLE_INSTRUMENT;BLOCK;EUR;6;4.62000000;1500;PRC_DECOMP_MEMBER;;;;XEUR;5933326;902;MEMBER
30.01.2025;12:49:13.466;IFX SI 20250321 PS AM P 32.00 0;SIMPLE_INSTRUMENT;BLOCK;EUR;11;1.79000000;2500;EXCHANGE_LAST;;2;1;XEUR;10842317;902;
30.01.2025;14:12:02.006;IFX SI 20250620 PS AM P 30.00 0;SIMPLE_INSTRUMENT;BLOCK;EUR;13;1.97000000;2000;EXCHANGE_LAST;;1;1;XEUR;11362381;902;
30.01.2025;14:55:29.345;IFX SI 20250221 PS AM C 35.00 0;SIMPLE_INSTRUMENT;BLOCK;EUR;15;0.34000000;2665;EXCHANGE_LAST;;1;1;XEUR;12247015;902;
30.01.2025;15:32:01.958;IFX.O.250130.BLT.000011;STANDARD_OPTION_STRATEGY;BLOCK;EUR;17;0.37000000;3000;EXCHANGE_LAST;;1;1;XEUR;72061468098469441;902;
30.01.2025;15:32:01.958;IFX SI 20250221 PS AM C 33.00 0;SIMPLE_INSTRUMENT;BLOCK;EUR;17;0.74000000;3000;PRC_DECOMP_EXCHANGE;;;;XEUR;12246978;902;EXCHANGE
30.01.2025;15:32:01.958;IFX SI 20250321 PS AM C 33.00 0;SIMPLE_INSTRUMENT;BLOCK;EUR;17;1.11000000;3000;PRC_DECOMP_EXCHANGE;;;;XEUR;11605628;902;EXCHANGE
30.01.2025;15:31:48.891;IFX.O.250130.BLT.000011;STANDARD_OPTION_STRATEGY;BLOCK;EUR;18;0.38000000;3000;EXCHANGE_LAST;;1;1;XEUR;72061468098469441;902;
30.01.2025;15:31:48.891;IFX SI 20250221 PS AM C 33.00 0;SIMPLE_INSTRUMENT;BLOCK;EUR;18;0.73000000;3000;PRC_DECOMP_EXCHANGE;;;;XEUR;12246978;902;EXCHANGE
30.01.2025;15:31:48.891;IFX SI 20250321 PS AM C 33.00 0;SIMPLE_INSTRUMENT;BLOCK;EUR;18;1.11000000;3000;PRC_DECOMP_EXCHANGE;;;;XEUR;11605628;902;EXCHANGE
30.01.2025;15:58:19.254;IFX SI 20250221 PS AM C 33.00 0;SIMPLE_INSTRUMENT;BLOCK;EUR;21;0.74000000;3000;EXCHANGE_LAST;;2;1;XEUR;12246978;902;
30.01.2025;16:29:33.829;IFX SI 20251219 PS AM P 28.00 0;SIMPLE_INSTRUMENT;BLOCK;EUR;25;2.49000000;2000;EXCHANGE_LAST;;1;1;XEUR;5933325;902;
30.01.2025;16:43:47.354;IFX SI 20250221 PS AM C 38.00 0;SIMPLE_INSTRUMENT;BLOCK;EUR;26;0.09000000;2200;EXCHANGE_LAST;;1;1;XEUR;12340602;902;
30.01.2025;11:41:44.560;INN SI 20251219 PS AM P 15.00 0;SIMPLE_INSTRUMENT;BLOCK;EUR;10;1.11000000;13000;EXCHANGE_LAST;;1;2;XEUR;12579207;1014;
30.01.2025;14:36:50.399;ISPA SI 20250221 PS AM C 24.00 0;SIMPLE_INSTRUMENT;BLOCK;EUR;20;1.05000000;1352;EXCHANGE_LAST;;1;1;XEUR;12247999;1004;
30.01.2025;12:43:27.767;ITK SI 20251219 PS AM P 46.00 0;SIMPLE_INSTRUMENT;BLOCK;EUR;2;3.30000000;2500;EXCHANGE_LAST;;1;1;XEUR;12446754;999;
30.01.2025;10:00:46.485;LHA SI 20251219 PS AM P 5.60 0;SIMPLE_INSTRUMENT;BLOCK;EUR;2;0.40000000;10000;EXCHANGE_LAST;;1;1;XEUR;6847036;1126;
30.01.2025;10:00:47.117;LHA SI 20251219 PS AM P 5.60 0;SIMPLE_INSTRUMENT;BLOCK;EUR;3;0.41000000;10000;EXCHANGE_LAST;;1;1;XEUR;6847036;1126;
30.01.2025;16:08:47.125;LHA SI 20250620 PS AM P 8.00 0;SIMPLE_INSTRUMENT;BLOCK;EUR;26;1.89000000;3500;EXCHANGE_LAST;;1;1;XEUR;7907941;1126;
30.01.2025;09:09:39.203;LOGN SI 20260619 PS AM P 52.00 0;SIMPLE_INSTRUMENT;BLOCK;CHF;6;1.28000000;1500;EXCHANGE_LAST;;1;1;XEUR;9555434;1143;
30.01.2025;15:49:44.139;LOGN.O.250130.STG.000008;STANDARD_OPTION_STRATEGY;BLOCK;CHF;50;8.40000000;620;EXCHANGE_LAST;;1;1;XEUR;72062503185570910;1143;
30.01.2025;15:49:44.139;LOGN SI 20250620 PS AM C 96.00 0;SIMPLE_INSTRUMENT;BLOCK;CHF;50;3.60000000;620;PRC_DECOMP_MEMBER;;;;XEUR;11366691;1143;MEMBER
30.01.2025;15:49:44.139;LOGN SI 20250620 PS AM P 88.00 0;SIMPLE_INSTRUMENT;BLOCK;CHF;50;4.80000000;620;PRC_DECOMP_MEMBER;;;;XEUR;11366693;1143;MEMBER
30.01.2025;08:55:43.822;LONN.O.250130.STG.000001;STANDARD_OPTION_STRATEGY;BLOCK;CHF;3;19.00000000;350;EXCHANGE_LAST;;1;1;XEUR;72062494595638159;1141;
30.01.2025;08:55:43.822;LONN SI 20250221 PS AM C 620.00 0;SIMPLE_INSTRUMENT;BLOCK;CHF;3;9.16000000;350;PRC_DECOMP_EXCHANGE;;;;XEUR;12306189;1141;EXCHANGE
30.01.2025;08:55:43.822;LONN SI 20250221 PS AM P 580.00 0;SIMPLE_INSTRUMENT;BLOCK;CHF;3;9.84000000;350;PRC_DECOMP_EXCHANGE;;;;XEUR;12249333;1141;EXCHANGE
30.01.2025;09:52:36.731;LONN SI 20250221 PS AM P 580.00 0;SIMPLE_INSTRUMENT;BLOCK;CHF;11;9.00000000;1000;EXCHANGE_LAST;;1;1;XEUR;12249333;1141;
30.01.2025;09:53:30.285;LONN SI 20250221 PS AM P 580.00 0;SIMPLE_INSTRUMENT;BLOCK;CHF;13;9.50000000;1000;EXCHANGE_LAST;;1;1;XEUR;12249333;1141;
30.01.2025;09:58:29.084;MOH SI 20250131 PS AM P 720.00 0;SIMPLE_INSTRUMENT;BLOCK;EUR;10;8.50000000;300;EXCHANGE_LAST;;2;1;XEUR;12447885;1074;
30.01.2025;15:52:01.678;MOH SI 20271217 PS AM P 720.00 0;SIMPLE_INSTRUMENT;BLOCK;EUR;37;116.50000000;100;EXCHANGE_LAST;;1;1;XEUR;8787913;1074;
30.01.2025;10:46:57.941;MON SI 20261217 PS AM P 60.00 0;SIMPLE_INSTRUMENT;BLOCK;EUR;7;8.95000000;400;EXCHANGE_LAST;;2;1;XEUR;12423505;31803;
30.01.2025;09:39:10.473;MRK SI 20250221 PS AM P 146.00 0;SIMPLE_INSTRUMENT;BLOCK;EUR;2;1.85000000;1000;EXCHANGE_LAST;;2;1;XEUR;12251553;1223;
30.01.2025;12:27:34.844;MTX SI 20251219 PS AM P 240.00 0;SIMPLE_INSTRUMENT;BLOCK;EUR;13;5.52000000;200;EXCHANGE_LAST;;1;1;XEUR;5937363;1228;
30.01.2025;13:20:39.941;MUV2 SI 20250919 PS AM C 560.00 0;SIMPLE_INSTRUMENT;BLOCK;EUR;4;18.73000000;600;EXCHANGE_LAST;;1;1;XEUR;11890757;1234;
30.01.2025;13:20:51.890;MUV2 SI 20250919 PS AM P 440.00 0;SIMPLE_INSTRUMENT;BLOCK;EUR;5;8.88000000;378;EXCHANGE_LAST;;1;1;XEUR;11890737;1234;
30.01.2025;13:21:01.786;MUV2 SI 20250919 PS AM P 440.00 0;SIMPLE_INSTRUMENT;BLOCK;EUR;6;8.85000000;222;EXCHANGE_LAST;;1;1;XEUR;11890737;1234;
30.01.2025;13:41:39.618;N4OA SI 20250321 CS;SIMPLE_INSTRUMENT;BLOCK;EUR;34;0.03000000;8500;EXCHANGE_LAST;;1;1;XEUR;10435751;48717;
30.01.2025;13:42:41.021;N4OA SI 20250321 CS;SIMPLE_INSTRUMENT;BLOCK;EUR;35;0.03000000;8550;EXCHANGE_LAST;;1;1;XEUR;10435751;48717;
30.01.2025;10:30:23.354;N4OV SI 20250321 CS;SIMPLE_INSTRUMENT;BLOCK;CHF;6;3.35000000;100;EXCHANGE_LAST;;1;1;XEUR;10462863;724743;
30.01.2025;12:59:25.067;N4OV SI 20250321 CS;SIMPLE_INSTRUMENT;BLOCK;CHF;28;3.33000000;150;EXCHANGE_LAST;;2;1;XEUR;10462863;724743;
30.01.2025;15:12:43.235;N4OV SI 20250321 CS;SIMPLE_INSTRUMENT;BLOCK;CHF;48;3.30000000;50;EXCHANGE_LAST;;1;1;XEUR;10462863;724743;
30.01.2025;15:52:11.984;N4OV SI 20250321 CS;SIMPLE_INSTRUMENT;BLOCK;CHF;54;3.28000000;280;EXCHANGE_LAST;;2;1;XEUR;10462863;724743;
30.01.2025;16:26:05.168;N4OV SI 20250321 CS;SIMPLE_INSTRUMENT;BLOCK;CHF;60;3.28000000;75;EXCHANGE_LAST;;1;1;XEUR;10462863;724743;
30.01.2025;16:29:56.170;N4OV SI 20250321 CS;SIMPLE_INSTRUMENT;BLOCK;CHF;65;3.30000000;134;EXCHANGE_LAST;;1;1;XEUR;10462863;724743;
30.01.2025;15:53:09.780;NESE.O.250130.COMBO.000007;STANDARD_OPTION_STRATEGY;BLOCK;CHF;51;2.00000000;1500;EXCHANGE_LAST;;1;1;XEUR;72062992811837027;1257;
30.01.2025;15:53:09.780;NESE SI 20250620 PS EU C 84.00 0;SIMPLE_INSTRUMENT;BLOCK;CHF;51;0.83000000;1500;PRC_DECOMP_EXCHANGE;;;;XEUR;7911074;1257;EXCHANGE
30.01.2025;15:53:09.780;NESE SI 20250620 PS EU P 76.00 0;SIMPLE_INSTRUMENT;BLOCK;CHF;51;2.83000000;1500;PRC_DECOMP_EXCHANGE;;;;XEUR;7911073;1257;EXCHANGE
30.01.2025;16:13:13.370;NESE.O.250130.CNV.000008;STANDARD_OPTION_STRATEGY;BLOCK;CHF;54;-101.52000000;1000;EXCHANGE_LAST;;1;1;XEUR;72062992811837028;1257;
30.01.2025;16:13:13.370;NESE SI 20250321 PS EU C 180.00 0;SIMPLE_INSTRUMENT;BLOCK;CHF;54;0.01000000;1000;PRC_DECOMP_EXCHANGE;;;;XEUR;11755128;1257;EXCHANGE
30.01.2025;16:13:13.370;NESE SI 20250321 PS EU P 180.00 0;SIMPLE_INSTRUMENT;BLOCK;CHF;54;101.53000000;1000;PRC_DECOMP_EXCHANGE;;;;XEUR;11755129;1257;EXCHANGE
30.01.2025;16:14:35.783;NESE.O.250130.BUL.000009;STANDARD_OPTION_STRATEGY;BLOCK;CHF;55;2.83000000;1000;EXCHANGE_LAST;;1;1;XEUR;72062992811837029;1257;
30.01.2025;16:14:35.783;NESE SI 20260619 PS EU C 90.00 0;SIMPLE_INSTRUMENT;BLOCK;CHF;55;1.36000000;1000;PRC_DECOMP_EXCHANGE;;;;XEUR;12331499;1257;EXCHANGE
30.01.2025;16:14:35.783;NESE SI 20260619 PS EU C 78.00 0;SIMPLE_INSTRUMENT;BLOCK;CHF;55;4.19000000;1000;PRC_DECOMP_EXCHANGE;;;;XEUR;12331518;1257;EXCHANGE
30.01.2025;15:11:55.431;NESG SI 20250321 CS;SIMPLE_INSTRUMENT;BLOCK;CHF;47;78.58700000;600;EXCHANGE_LAST;;1;1;XEUR;10707780;1256;
30.01.2025;13:52:10.580;NESN.O.250130.BER.000010;STANDARD_OPTION_STRATEGY;BLOCK;CHF;31;0.51000000;2000;EXCHANGE_LAST;;1;1;XEUR;72063018581704509;1263;
30.01.2025;13:52:10.580;NESN SI 20250321 PS AM P 64.00 0;SIMPLE_INSTRUMENT;BLOCK;CHF;31;0.06000000;2000;PRC_DECOMP_EXCHANGE;;;;XEUR;10849720;1263;EXCHANGE
30.01.2025;13:52:10.580;NESN SI 20250321 PS AM P 74.00 0;SIMPLE_INSTRUMENT;BLOCK;CHF;31;0.57000000;2000;PRC_DECOMP_EXCHANGE;;;;XEUR;12331422;1263;EXCHANGE
30.01.2025;14:20:07.670;NESN SI 20250417 PS AM P 78.00 0;SIMPLE_INSTRUMENT;BLOCK;CHF;34;2.10000000;1000;EXCHANGE_LAST;;1;1;XEUR;12629525;1263;
30.01.2025;14:20:10.028;NESN SI 20250417 PS AM P 64.00 0;SIMPLE_INSTRUMENT;BLOCK;CHF;35;0.10000000;1000;EXCHANGE_LAST;;1;1;XEUR;12629574;1263;
30.01.2025;14:27:16.302;NESN SI 20250207 PS AM P 78.00 0;SIMPLE_INSTRUMENT;BLOCK;CHF;36;0.52000000;1000;EXCHANGE_LAST;;1;1;XEUR;12538944;1263;
30.01.2025;14:39:26.399;NESN.O.250130.BER.000014;STANDARD_OPTION_STRATEGY;BLOCK;CHF;37;5.02000000;1500;EXCHANGE_LAST;;1;1;XEUR;72063018581704513;1263;
30.01.2025;14:39:26.399;NESN SI 20260619 PS AM P 62.00 0;SIMPLE_INSTRUMENT;BLOCK;CHF;37;1.35000000;1500;PRC_DECOMP_EXCHANGE;;;;XEUR;12331699;1263;EXCHANGE
30.01.2025;14:39:26.399;NESN SI 20260619 PS AM P 76.00 0;SIMPLE_INSTRUMENT;BLOCK;CHF;37;6.37000000;1500;PRC_DECOMP_EXCHANGE;;;;XEUR;9559438;1263;EXCHANGE
30.01.2025;15:33:09.163;NESN SI 20250221 PS AM C 81.00 0;SIMPLE_INSTRUMENT;BLOCK;CHF;45;0.69000000;3000;EXCHANGE_LAST;;1;1;XEUR;12252644;1263;
30.01.2025;13:35:54.183;NO3H SI 20250321 CS;SIMPLE_INSTRUMENT;BLOCK;EUR;31;4.60880000;100000;EXCHANGE_LAST;;1;1;XEUR;10721265;48718;
30.01.2025;13:37:47.173;NO3H SI 20250321 CS;SIMPLE_INSTRUMENT;BLOCK;EUR;32;4.60860000;100000;EXCHANGE_LAST;;1;1;XEUR;10721265;48718;
30.01.2025;16:13:32.813;NOA3 SI 20250619 PS AM P 3.80 0;SIMPLE_INSTRUMENT;BLOCK;EUR;24;0.07000000;2500;EXCHANGE_LAST;;1;1;XEUR;11338965;1275;
30.01.2025;13:57:42.954;NOVE.O.250130.COMBO.000012;STANDARD_OPTION_STRATEGY;BLOCK;CHF;32;1.09000000;3000;EXCHANGE_LAST;;1;3;XEUR;75170345815905681;724744;
30.01.2025;13:57:42.954;NOVE SI 20250919 PS EU P 87.00 0;SIMPLE_INSTRUMENT;BLOCK;CHF;32;3.08000000;3000;PRC_DECOMP_EXCHANGE;;;;XEUR;12310704;724744;EXCHANGE
30.01.2025;13:57:42.954;NOVE SI 20250919 PS EU C 100.00 0;SIMPLE_INSTRUMENT;BLOCK;CHF;32;1.99000000;3000;PRC_DECOMP_EXCHANGE;;;;XEUR;11932821;724744;EXCHANGE
30.01.2025;16:48:06.302;NOVE.O.250130.CNV.000019;STANDARD_OPTION_STRATEGY;BLOCK;CHF;57;-106.62000000;500;EXCHANGE_LAST;;1;1;XEUR;75170345815905688;724744;
30.01.2025;16:48:06.302;NOVE SI 20250221 PS EU P 200.00 0;SIMPLE_INSTRUMENT;BLOCK;CHF;57;106.63000000;500;PRC_DECOMP_EXCHANGE;;;;XEUR;12310689;724744;EXCHANGE
30.01.2025;16:48:06.302;NOVE SI 20250221 PS EU C 200.00 0;SIMPLE_INSTRUMENT;BLOCK;CHF;57;0.01000000;500;PRC_DECOMP_EXCHANGE;;;;XEUR;12310748;724744;EXCHANGE
30.01.2025;16:47:57.855;NOVE.O.250130.CNV.000019;STANDARD_OPTION_STRATEGY;BLOCK;CHF;58;-106.63000000;500;EXCHANGE_LAST;;1;1;XEUR;75170345815905688;724744;
30.01.2025;16:47:57.855;NOVE SI 20250221 PS EU C 200.00 0;SIMPLE_INSTRUMENT;BLOCK;CHF;58;0.01000000;500;PRC_DECOMP_EXCHANGE;;;;XEUR;12310748;724744;EXCHANGE
30.01.2025;16:47:57.855;NOVE SI 20250221 PS EU P 200.00 0;SIMPLE_INSTRUMENT;BLOCK;CHF;58;106.64000000;500;PRC_DECOMP_EXCHANGE;;;;XEUR;12310689;724744;EXCHANGE
30.01.2025;16:29:41.491;NOVH.S.FEB25.MAR25.SPD;FUTURES_SPREAD;BLOCK;CHF;64;2.17000000;2000;EXCHANGE_LAST;;1;1;XEUR;75170337225965640;724742;
30.01.2025;16:29:41.491;NOVH SI 20250321 CS;SIMPLE_INSTRUMENT;BLOCK;CHF;64;91.30950000;2000;PRC_DECOMP_EXCHANGE;;;;XEUR;10739776;724742;EXCHANGE
30.01.2025;16:29:41.491;NOVH SI 20250221 CS;SIMPLE_INSTRUMENT;BLOCK;CHF;64;93.47950000;2000;PRC_DECOMP_EXCHANGE;;;;XEUR;10606951;724742;EXCHANGE
30.01.2025;10:00:05.930;NOVN SI 20250221 PS AM P 92.00 0;SIMPLE_INSTRUMENT;BLOCK;CHF;16;1.23000000;6000;EXCHANGE_LAST;;1;4;XEUR;12283566;724745;
30.01.2025;10:33:30.909;NOVN SI 20250221 PS AM C 94.00 0;SIMPLE_INSTRUMENT;BLOCK;CHF;18;1.66000000;1250;EXCHANGE_LAST;;1;1;XEUR;12283505;724745;
30.01.2025;11:20:44.600;NOVN.O.250130.RBUL.000006;STANDARD_OPTION_STRATEGY;BLOCK;CHF;22;0.49000000;800;EXCHANGE_LAST;;1;1;XEUR;75170350110878537;724745;
30.01.2025;11:20:44.600;NOVN SI 20250321 PS AM C 96.00 0;SIMPLE_INSTRUMENT;BLOCK;CHF;22;1.32000000;1600;PRC_DECOMP_EXCHANGE;;;;XEUR;10891571;724745;EXCHANGE
30.01.2025;11:20:44.600;NOVN SI 20250321 PS AM C 94.00 0;SIMPLE_INSTRUMENT;BLOCK;CHF;22;2.15000000;800;PRC_DECOMP_EXCHANGE;;;;XEUR;11444366;724745;EXCHANGE
30.01.2025;15:10:25.153;NOVN SI 20250221 PS AM C 95.00 0;SIMPLE_INSTRUMENT;BLOCK;CHF;43;1.29000000;1250;EXCHANGE_LAST;;1;1;XEUR;12283509;724745;
30.01.2025;15:41:25.762;NOVN SI 20250207 PS AM C 94.00 0;SIMPLE_INSTRUMENT;BLOCK;CHF;48;1.49000000;1500;EXCHANGE_LAST;;1;1;XEUR;12543528;724745;
30.01.2025;09:45:08.128;ODAX.O.250130.BER.000196;STANDARD_OPTION_STRATEGY;BLOCK;EUR;3;8.00000000;6250;EXCHANGE_LAST;;1;1;XEUR;72062644920405177;1176;
30.01.2025;09:45:08.128;ODAX SI 20250417 CS EU P 19300 0;SIMPLE_INSTRUMENT;BLOCK;EUR;3;83.50000000;6250;PRC_DECOMP_MEMBER;;;;XEUR;12674014;1176;MEMBER
30.01.2025;09:45:08.128;ODAX SI 20250417 CS EU P 19100 0;SIMPLE_INSTRUMENT;BLOCK;EUR;3;75.50000000;6250;PRC_DECOMP_MEMBER;;;;XEUR;12674018;1176;MEMBER
30.01.2025;10:30:35.178;ODAX.O.250130.STG.000221;STANDARD_OPTION_STRATEGY;BLOCK;EUR;5;370.70000000;500;EXCHANGE_LAST;;1;1;XEUR;72062644920405202;1176;
30.01.2025;10:30:35.178;ODAX SI 20250321 CS EU C 22300 0;SIMPLE_INSTRUMENT;BLOCK;EUR;5;195.00000000;500;PRC_DECOMP_EXCHANGE;;;;XEUR;12680935;1176;EXCHANGE
30.01.2025;10:30:35.178;ODAX SI 20250321 CS EU P 21000 0;SIMPLE_INSTRUMENT;BLOCK;EUR;5;175.70000000;500;PRC_DECOMP_EXCHANGE;;;;XEUR;10342426;1176;EXCHANGE
30.01.2025;10:43:21.138;ODAX.O.250130.BER.000227;STANDARD_OPTION_STRATEGY;BLOCK;EUR;6;4.10000000;12500;EXCHANGE_LAST;;1;1;XEUR;72062644920405208;1176;
30.01.2025;10:43:21.138;ODAX SI 20250417 CS EU P 18000 0;SIMPLE_INSTRUMENT;BLOCK;EUR;6;44.50000000;12500;PRC_DECOMP_MEMBER;;;;XEUR;12674020;1176;MEMBER
