#Date;TrdTime;Contract;ContractType;TrdTyp;Currency;TesId;Prc;Qty;TrdInd;Aggressor;Buy;Sell;Exch;InstrumentId;RelatedProdId;PrcDecomp
01.11.2024;13:16:14.985;1COV.O.241101.RBUL.000003;STANDARD_OPTION_STRATEGY;BLOCK;EUR;10;-2.45000000;2500;EXCHANGE_LAST;;1;1;XEUR;72263988691356007;48055;
01.11.2024;13:16:14.985;1COV SI 20241220 PS AM C 56.00 0;SIMPLE_INSTRUMENT;BLOCK;EUR;10;2.59000000;2500;PRC_DECOMP_EXCHANGE;;;;XEUR;10434908;48055;EXCHANGE
01.11.2024;13:16:14.985;1COV SI 20241220 PS AM C 60.00 0;SIMPLE_INSTRUMENT;BLOCK;EUR;10;0.07000000;5000;PRC_DECOMP_EXCHANGE;;;;XEUR;4683796;48055;EXCHANGE
01.11.2024;14:53:33.997;1COV.O.241101.RBUL.000003;STANDARD_OPTION_STRATEGY;BLOCK;EUR;13;-2.45000000;2500;EXCHANGE_LAST;;1;1;XEUR;72263988691356007;48055;
01.11.2024;14:53:33.997;1COV SI 20241220 PS AM C 60.00 0;SIMPLE_INSTRUMENT;BLOCK;EUR;13;0.05000000;5000;PRC_DECOMP_EXCHANGE;;;;XEUR;4683796;48055;EXCHANGE
01.11.2024;14:53:33.997;1COV SI 20241220 PS AM C 56.00 0;SIMPLE_INSTRUMENT;BLOCK;EUR;13;2.55000000;2500;PRC_DECOMP_EXCHANGE;;;;XEUR;10434908;48055;EXCHANGE
01.11.2024;12:36:35.962;A2LV SI 20251219 CS;SIMPLE_INSTRUMENT;BLOCK;EUR;26;14.79000000;200;EXCHANGE_LAST;;2;2;XEUR;3681050;12;
01.11.2024;13:36:52.979;A2LV SI 20271217 CS;SIMPLE_INSTRUMENT;BLOCK;EUR;31;14.86000000;20;EXCHANGE_LAST;;1;1;XEUR;5914253;12;
01.11.2024;14:24:21.327;A2XA SI 20271217 CS;SIMPLE_INSTRUMENT;BLOCK;EUR;33;1.98000000;300;EXCHANGE_LAST;;1;1;XEUR;5914267;17;
01.11.2024;15:28:09.139;A2XA SI 20281215 CS;SIMPLE_INSTRUMENT;BLOCK;EUR;39;1.90000000;150;EXCHANGE_LAST;;1;1;XEUR;6796967;17;
01.11.2024;10:10:37.103;ABBN SI 20251219 PS AM P 47.00 0;SIMPLE_INSTRUMENT;BLOCK;CHF;20;4.17000000;1250;EXCHANGE_LAST;;1;1;XEUR;11848990;574517;
01.11.2024;14:14:13.861;ABBN.O.241101.BRT.000002;STANDARD_OPTION_STRATEGY;BLOCK;CHF;67;2.75000000;1500;EXCHANGE_LAST;;1;1;XEUR;74525125763933360;574517;
01.11.2024;14:14:13.861;ABBN SI 20250117 PS AM P 47.00 0;SIMPLE_INSTRUMENT;BLOCK;CHF;67;1.31000000;1500;PRC_DECOMP_EXCHANGE;;;;XEUR;12109127;574517;EXCHANGE
01.11.2024;14:14:13.861;ABBN SI 20251219 PS AM P 47.00 0;SIMPLE_INSTRUMENT;BLOCK;CHF;67;4.06000000;1500;PRC_DECOMP_EXCHANGE;;;;XEUR;11848990;574517;EXCHANGE
01.11.2024;16:56:36.998;ADEN.O.241101.STG.000001;STANDARD_OPTION_STRATEGY;BLOCK;CHF;84;1.55000000;500;EXCHANGE_LAST;;1;1;XEUR;72057783016513490;44;
01.11.2024;16:56:36.998;ADEN SI 20241115 PS AM P 27.00 0;SIMPLE_INSTRUMENT;BLOCK;CHF;84;0.80000000;500;PRC_DECOMP_EXCHANGE;;;;XEUR;11697853;44;EXCHANGE
01.11.2024;16:56:36.998;ADEN SI 20241115 PS AM C 28.00 0;SIMPLE_INSTRUMENT;BLOCK;CHF;84;0.75000000;500;PRC_DECOMP_EXCHANGE;;;;XEUR;11697886;44;EXCHANGE
01.11.2024;16:09:22.737;AFX SI 20241220 PS AM P 56.00 0;SIMPLE_INSTRUMENT;BLOCK;EUR;11;3.05000000;240;EXCHANGE_LAST;;1;1;XEUR;10394108;56;
01.11.2024;10:31:17.712;AIR SI 20241220 PS AM C 170.00 0;SIMPLE_INSTRUMENT;BLOCK;EUR;12;2.70000000;300;EXCHANGE_LAST;;1;1;XEUR;11291014;64;
01.11.2024;09:31:37.509;ALV FI 20251219 PS AM C 270.0000 0;FLEXIBLE_INSTRUMENT;BLOCK;EUR;1;34.30000000;750;EXCHANGE_LAST;;1;1;XEUR;1152921822434442979;74;
01.11.2024;09:31:43.151;ALV FI 20251219 PS AM P 270.0000 0;FLEXIBLE_INSTRUMENT;BLOCK;EUR;2;15.30000000;750;EXCHANGE_LAST;;1;1;XEUR;1152921822434442980;74;
01.11.2024;10:29:41.288;ALV.O.241101.RTRIS.000012;STANDARD_OPTION_STRATEGY;BLOCK;EUR;3;24.50000000;300;EXCHANGE_LAST;;1;1;XEUR;72057911865565278;74;
01.11.2024;10:29:41.288;ALV SI 20251219 PS AM P 240.00 0;SIMPLE_INSTRUMENT;BLOCK;EUR;3;8.04000000;300;PRC_DECOMP_EXCHANGE;;;;XEUR;5920782;74;EXCHANGE
01.11.2024;10:29:41.288;ALV SI 20251219 PS AM C 300.00 0;SIMPLE_INSTRUMENT;BLOCK;EUR;3;16.27000000;600;PRC_DECOMP_EXCHANGE;;;;XEUR;11786629;74;EXCHANGE
01.11.2024;11:00:49.244;ALV SI 20241220 PS AM P 244.00 0;SIMPLE_INSTRUMENT;BLOCK;EUR;6;0.90000000;300;EXCHANGE_LAST;;1;1;XEUR;10561532;74;
01.11.2024;11:14:10.854;ALV SI 20241220 PS AM P 220.00 0;SIMPLE_INSTRUMENT;BLOCK;EUR;7;0.52000000;300;EXCHANGE_LAST;;1;1;XEUR;7356357;74;
01.11.2024;13:35:08.895;ALV.O.241101.BRT.000017;STANDARD_OPTION_STRATEGY;BLOCK;EUR;8;8.10000000;300;EXCHANGE_LAST;;1;1;XEUR;72057911865565283;74;
01.11.2024;13:35:08.895;ALV SI 20241220 PS AM P 260.00 0;SIMPLE_INSTRUMENT;BLOCK;EUR;8;1.67000000;300;PRC_DECOMP_EXCHANGE;;;;XEUR;10310973;74;EXCHANGE
01.11.2024;13:35:08.895;ALV SI 20250919 PS AM P 260.00 0;SIMPLE_INSTRUMENT;BLOCK;EUR;8;9.77000000;300;PRC_DECOMP_EXCHANGE;;;;XEUR;11871535;74;EXCHANGE
01.11.2024;10:26:41.521;ASM SI 20260619 PS AM P 400.00 0;SIMPLE_INSTRUMENT;BLOCK;EUR;12;21.50000000;150;EXCHANGE_LAST;;1;1;XEUR;9538564;107;
01.11.2024;14:42:49.333;ASM.O.241101.COMBO.000005;STANDARD_OPTION_STRATEGY;BLOCK;EUR;19;37.60000000;150;EXCHANGE_LAST;;1;1;XEUR;72058053599443947;107;
01.11.2024;14:42:49.333;ASM SI 20250321 PS AM P 600.00 0;SIMPLE_INSTRUMENT;BLOCK;EUR;19;44.60000000;150;PRC_DECOMP_MEMBER;;;;XEUR;10830140;107;MEMBER
01.11.2024;14:42:49.333;ASM SI 20250321 PS AM C 850.00 0;SIMPLE_INSTRUMENT;BLOCK;EUR;19;7.00000000;150;PRC_DECOMP_MEMBER;;;;XEUR;11836820;107;MEMBER
01.11.2024;15:13:42.434;ASM.O.241101.COMBO.000005;STANDARD_OPTION_STRATEGY;BLOCK;EUR;21;37.60000000;150;EXCHANGE_LAST;;1;1;XEUR;72058053599443947;107;
01.11.2024;15:13:42.434;ASM SI 20250321 PS AM C 850.00 0;SIMPLE_INSTRUMENT;BLOCK;EUR;21;7.00000000;150;PRC_DECOMP_MEMBER;;;;XEUR;11836820;107;MEMBER
01.11.2024;15:13:42.434;ASM SI 20250321 PS AM P 600.00 0;SIMPLE_INSTRUMENT;BLOCK;EUR;21;44.60000000;150;PRC_DECOMP_MEMBER;;;;XEUR;10830140;107;MEMBER
01.11.2024;11:15:42.644;AXA SI 20250919 PS AM P 32.00 0;SIMPLE_INSTRUMENT;BLOCK;EUR;24;2.02000000;3250;EXCHANGE_LAST;;2;1;XEUR;11872450;127;
01.11.2024;12:56:07.464;AXA.O.241101.BLT.000008;STANDARD_OPTION_STRATEGY;BLOCK;EUR;41;1.40000000;6000;EXCHANGE_LAST;;1;2;XEUR;72058139498793023;127;
01.11.2024;12:56:07.464;AXA SI 20241220 PS AM C 36.00 0;SIMPLE_INSTRUMENT;BLOCK;EUR;41;0.49000000;6000;PRC_DECOMP_EXCHANGE;;;;XEUR;6271785;127;EXCHANGE
01.11.2024;12:56:07.464;AXA SI 20251219 PS AM C 36.00 0;SIMPLE_INSTRUMENT;BLOCK;EUR;41;1.89000000;6000;PRC_DECOMP_EXCHANGE;;;;XEUR;6271799;127;EXCHANGE
01.11.2024;14:05:33.331;AXA SI 20281215 PS AM P 32.00 0;SIMPLE_INSTRUMENT;BLOCK;EUR;45;5.48000000;3000;EXCHANGE_LAST;;2;1;XEUR;10396087;127;
01.11.2024;16:21:43.549;AXA.O.241101.COMBO.000009;STANDARD_OPTION_STRATEGY;BLOCK;EUR;50;1.61000000;2500;EXCHANGE_LAST;;1;1;XEUR;72058139498793024;127;
01.11.2024;16:21:43.549;AXA SI 20251219 PS AM P 32.00 0;SIMPLE_INSTRUMENT;BLOCK;EUR;50;2.29000000;2500;PRC_DECOMP_EXCHANGE;;;;XEUR;6158498;127;EXCHANGE
01.11.2024;16:21:43.549;AXA SI 20251219 PS AM C 40.00 0;SIMPLE_INSTRUMENT;BLOCK;EUR;50;0.68000000;2500;PRC_DECOMP_EXCHANGE;;;;XEUR;7227104;127;EXCHANGE
01.11.2024;16:21:58.972;AXA.O.241101.COMBO.000009;STANDARD_OPTION_STRATEGY;BLOCK;EUR;51;1.62000000;2500;EXCHANGE_LAST;;1;1;XEUR;72058139498793024;127;
01.11.2024;16:21:58.972;AXA SI 20251219 PS AM P 32.00 0;SIMPLE_INSTRUMENT;BLOCK;EUR;51;2.30000000;2500;PRC_DECOMP_EXCHANGE;;;;XEUR;6158498;127;EXCHANGE
01.11.2024;16:21:58.972;AXA SI 20251219 PS AM C 40.00 0;SIMPLE_INSTRUMENT;BLOCK;EUR;51;0.68000000;2500;PRC_DECOMP_EXCHANGE;;;;XEUR;7227104;127;EXCHANGE
01.11.2024;13:34:02.488;BALF SI 20241220 CS;SIMPLE_INSTRUMENT;BLOCK;CHF;28;168.22000000;370;EXCHANGE_LAST;;1;1;XEUR;7031644;146;
01.11.2024;09:34:24.275;BAS SI 20241220 PS AM P 46.00 0;SIMPLE_INSTRUMENT;BLOCK;EUR;1;2.39000000;446;EXCHANGE_LAST;;1;1;XEUR;7509954;150;
01.11.2024;09:47:24.577;BAS.O.241101.BUL.000005;STANDARD_OPTION_STRATEGY;BLOCK;EUR;2;0.15000000;6000;EXCHANGE_LAST;;1;1;XEUR;72058238283088444;150;
01.11.2024;09:47:24.577;BAS SI 20241220 PS AM C 50.00 0;SIMPLE_INSTRUMENT;BLOCK;EUR;2;0.23000000;6000;PRC_DECOMP_EXCHANGE;;;;XEUR;7509957;150;EXCHANGE
01.11.2024;09:47:24.577;BAS SI 20241220 PS AM C 52.00 0;SIMPLE_INSTRUMENT;BLOCK;EUR;2;0.08000000;6000;PRC_DECOMP_EXCHANGE;;;;XEUR;4639211;150;EXCHANGE
01.11.2024;09:47:28.058;BAS.O.241101.BUL.000005;STANDARD_OPTION_STRATEGY;BLOCK;EUR;3;0.14000000;6000;EXCHANGE_LAST;;1;1;XEUR;72058238283088444;150;
01.11.2024;09:47:28.058;BAS SI 20241220 PS AM C 50.00 0;SIMPLE_INSTRUMENT;BLOCK;EUR;3;0.23000000;6000;PRC_DECOMP_EXCHANGE;;;;XEUR;7509957;150;EXCHANGE
01.11.2024;09:47:28.058;BAS SI 20241220 PS AM C 52.00 0;SIMPLE_INSTRUMENT;BLOCK;EUR;3;0.09000000;6000;PRC_DECOMP_EXCHANGE;;;;XEUR;4639211;150;EXCHANGE
01.11.2024;10:01:17.159;BAS SI 20241220 PS AM P 44.00 0;SIMPLE_INSTRUMENT;BLOCK;EUR;5;1.39000000;500;EXCHANGE_LAST;;1;1;XEUR;4705204;150;
01.11.2024;10:20:48.349;BAS SI 20241220 PS AM C 44.00 0;SIMPLE_INSTRUMENT;BLOCK;EUR;8;2.00000000;5000;EXCHANGE_LAST;;1;2;XEUR;4705199;150;
01.11.2024;14:54:04.985;BASG SI 20241220 CS;SIMPLE_INSTRUMENT;BLOCK;EUR;36;44.77500000;6172;EXCHANGE_LAST;;2;1;XEUR;7032007;171;
01.11.2024;10:17:09.690;BAY SI 20250620 PS AM P 24.00 0;SIMPLE_INSTRUMENT;BLOCK;EUR;6;2.04000000;2000;EXCHANGE_LAST;;1;1;XEUR;8112563;168;
01.11.2024;14:12:55.710;BAY SI 20251219 PS AM C 24.00 0;SIMPLE_INSTRUMENT;BLOCK;EUR;11;4.25000000;5000;EXCHANGE_LAST;;1;1;XEUR;8112365;168;
01.11.2024;14:09:50.031;BAY SI 20251219 PS AM C 24.00 0;SIMPLE_INSTRUMENT;BLOCK;EUR;12;4.28000000;5000;EXCHANGE_LAST;;1;1;XEUR;8112365;168;
01.11.2024;13:17:13.320;BBVD SI 20241220 PS AM P 9.50 0;SIMPLE_INSTRUMENT;BLOCK;EUR;16;0.50000000;2400;EXCHANGE_LAST;;1;1;XEUR;9539837;172;
01.11.2024;13:17:19.177;BBVD SI 20241220 PS AM P 9.50 0;SIMPLE_INSTRUMENT;BLOCK;EUR;17;0.54000000;1600;EXCHANGE_LAST;;1;1;XEUR;9539837;172;
01.11.2024;12:14:28.962;BBVG SI 20241220 CS;SIMPLE_INSTRUMENT;BLOCK;EUR;23;9.20150000;400000;EXCHANGE_LAST;;1;1;XEUR;7031975;163;
01.11.2024;11:01:28.475;BMW SI 20250117 PS AM P 70.00 0;SIMPLE_INSTRUMENT;BLOCK;EUR;9;2.23000000;400;EXCHANGE_LAST;;1;1;XEUR;12070067;210;
01.11.2024;08:25:12.940;BNP.O.241101.STD.000003;STANDARD_OPTION_STRATEGY;BLOCK;EUR;1;13.40000000;1800;EXCHANGE_LAST;;1;1;XEUR;72058611945197450;237;
01.11.2024;08:25:12.940;BNP SI 20251219 PS AM P 60.00 0;SIMPLE_INSTRUMENT;BLOCK;EUR;1;6.29000000;1800;PRC_DECOMP_EXCHANGE;;;;XEUR;5995681;237;EXCHANGE
01.11.2024;08:25:12.940;BNP SI 20251219 PS AM C 60.00 0;SIMPLE_INSTRUMENT;BLOCK;EUR;1;7.11000000;1800;PRC_DECOMP_EXCHANGE;;;;XEUR;5995680;237;EXCHANGE
01.11.2024;11:03:26.954;BNP SI 20241220 PS AM P 55.00 0;SIMPLE_INSTRUMENT;BLOCK;EUR;23;0.44000000;500;EXCHANGE_LAST;;1;1;XEUR;9875417;237;
01.11.2024;11:37:47.754;BNP SI 20251219 PS AM P 60.00 0;SIMPLE_INSTRUMENT;BLOCK;EUR;29;5.97000000;1500;EXCHANGE_LAST;;1;1;XEUR;5995681;237;
01.11.2024;13:50:46.849;BNP SI 20241220 PS AM P 56.00 0;SIMPLE_INSTRUMENT;BLOCK;EUR;43;0.45000000;2000;EXCHANGE_LAST;;1;1;XEUR;4640394;237;
01.11.2024;10:35:42.252;BSN SI 20250620 PS AM P 64.00 0;SIMPLE_INSTRUMENT;BLOCK;EUR;14;2.95000000;500;EXCHANGE_LAST;;1;1;XEUR;7900204;241;
01.11.2024;14:55:21.749;BUCN SI 20250919 PS AM P 300.00 0;SIMPLE_INSTRUMENT;BLOCK;CHF;70;12.15000000;1000;EXCHANGE_LAST;;1;1;XEUR;11912908;108037;
01.11.2024;10:26:01.720;C2RT SI 20241220 CS;SIMPLE_INSTRUMENT;BLOCK;EUR;5;0.54100000;1859;EXCHANGE_LAST;;1;1;XEUR;4632257;151297;
01.11.2024;10:26:06.766;C2RT SI 20241220 CS;SIMPLE_INSTRUMENT;BLOCK;EUR;6;0.54000000;796;EXCHANGE_LAST;;1;1;XEUR;4632257;151297;
01.11.2024;10:53:46.659;C2RT SI 20241220 CS;SIMPLE_INSTRUMENT;BLOCK;EUR;8;0.54100000;1859;EXCHANGE_LAST;;1;1;XEUR;4632257;151297;
01.11.2024;10:54:00.892;C2RT SI 20241220 CS;SIMPLE_INSTRUMENT;BLOCK;EUR;9;0.54000000;796;EXCHANGE_LAST;;1;1;XEUR;4632257;151297;
01.11.2024;11:00:21.868;C2RT SI 20241220 CS;SIMPLE_INSTRUMENT;BLOCK;EUR;12;0.54100000;3097;EXCHANGE_LAST;;1;1;XEUR;4632257;151297;
01.11.2024;11:00:35.912;C2RT SI 20241220 CS;SIMPLE_INSTRUMENT;BLOCK;EUR;13;0.54000000;1328;EXCHANGE_LAST;;1;1;XEUR;4632257;151297;
01.11.2024;11:09:43.676;C2RT SI 20241220 CS;SIMPLE_INSTRUMENT;BLOCK;EUR;15;0.54000000;1990;EXCHANGE_LAST;;1;1;XEUR;4632257;151297;
01.11.2024;11:11:21.721;C2RT SI 20241220 CS;SIMPLE_INSTRUMENT;BLOCK;EUR;16;0.54100000;4648;EXCHANGE_LAST;;1;1;XEUR;4632257;151297;
01.11.2024;11:14:06.104;C2RT SI 20241220 CS;SIMPLE_INSTRUMENT;BLOCK;EUR;18;0.54000000;1327;EXCHANGE_LAST;;1;1;XEUR;4632257;151297;
01.11.2024;11:15:23.347;C2RT SI 20241220 CS;SIMPLE_INSTRUMENT;BLOCK;EUR;19;0.54100000;3098;EXCHANGE_LAST;;1;1;XEUR;4632257;151297;
01.11.2024;11:01:47.795;CBK SI 20241220 PS AM P 14.60 0;SIMPLE_INSTRUMENT;BLOCK;EUR;7;0.25000000;1250;EXCHANGE_LAST;;1;1;XEUR;11621394;268;
01.11.2024;11:01:09.851;CFR SI 20241220 PS AM P 100.00 0;SIMPLE_INSTRUMENT;BLOCK;CHF;33;0.47000000;400;EXCHANGE_LAST;;1;1;XEUR;9996586;313;
01.11.2024;11:01:09.892;CFR SI 20250919 PS AM P 100.00 0;SIMPLE_INSTRUMENT;BLOCK;CHF;34;4.15000000;400;EXCHANGE_LAST;;1;1;XEUR;11876376;313;
01.11.2024;16:30:27.575;CFR SI 20241115 PS AM P 120.00 0;SIMPLE_INSTRUMENT;BLOCK;CHF;80;1.90000000;300;EXCHANGE_LAST;;1;1;XEUR;11702464;313;
01.11.2024;10:00:27.660;CRI5.O.241101.PDIA.000002;STANDARD_OPTION_STRATEGY;BLOCK;EUR;6;1.18000000;1500;EXCHANGE_LAST;;1;1;XEUR;72058968427473561;320;
01.11.2024;10:00:27.660;CRI5 SI 20251218 PS AM P 28.00 0;SIMPLE_INSTRUMENT;BLOCK;EUR;6;1.34350000;1500;PRC_DECOMP_EXCHANGE;;;;XEUR;8978809;320;EXCHANGE
01.11.2024;10:00:27.660;CRI5 SI 20241219 PS AM P 30.00 0;SIMPLE_INSTRUMENT;BLOCK;EUR;6;0.16350000;1500;PRC_DECOMP_EXCHANGE;;;;XEUR;10380700;320;EXCHANGE
01.11.2024;10:25:51.314;CRTG SI 20241220 CS;SIMPLE_INSTRUMENT;BLOCK;EUR;4;5.49190000;30000;EXCHANGE_LAST;;1;1;XEUR;7033481;335;
01.11.2024;10:52:57.258;CRTG SI 20241220 CS;SIMPLE_INSTRUMENT;BLOCK;EUR;7;5.49190000;30000;EXCHANGE_LAST;;1;1;XEUR;7033481;335;
01.11.2024;10:59:45.740;CRTG SI 20241220 CS;SIMPLE_INSTRUMENT;BLOCK;EUR;11;5.49190000;50000;EXCHANGE_LAST;;1;1;XEUR;7033481;335;
01.11.2024;11:06:53.358;CRTG SI 20241220 CS;SIMPLE_INSTRUMENT;BLOCK;EUR;14;5.51250000;75000;EXCHANGE_LAST;;1;1;XEUR;7033481;335;
01.11.2024;11:12:50.586;CRTG SI 20241220 CS;SIMPLE_INSTRUMENT;BLOCK;EUR;17;5.51250000;50000;EXCHANGE_LAST;;1;1;XEUR;7033481;335;
01.11.2024;08:36:35.882;CSPX SI 20250321 PS AM P 590.00 0;SIMPLE_INSTRUMENT;BLOCK;USD;1;16.60000000;7961;EXCHANGE_LAST;;1;1;XEUR;10941405;51609;
01.11.2024;13:34:50.437;D3AI SI 20251219 CS;SIMPLE_INSTRUMENT;BLOCK;EUR;30;3.92000000;300;EXCHANGE_LAST;;1;1;XEUR;7144062;443197;
01.11.2024;13:45:54.195;D3AI.S.DEC25.DEC26.SPD;FUTURES_SPREAD;BLOCK;EUR;32;0.85000000;50;EXCHANGE_LAST;;1;1;XEUR;73961110658613275;443197;
01.11.2024;13:45:54.195;D3AI SI 20261218 CS;SIMPLE_INSTRUMENT;BLOCK;EUR;32;3.07000000;50;PRC_DECOMP_MEMBER;;;;XEUR;7144051;443197;MEMBER
01.11.2024;13:45:54.195;D3AI SI 20251219 CS;SIMPLE_INSTRUMENT;BLOCK;EUR;32;3.92000000;50;PRC_DECOMP_MEMBER;;;;XEUR;7144062;443197;MEMBER
01.11.2024;08:37:51.198;DAI.O.241101.STD.000006;STANDARD_OPTION_STRATEGY;BLOCK;EUR;2;11.48000000;1800;EXCHANGE_LAST;;1;1;XEUR;73961106363660533;443196;
01.11.2024;08:37:51.198;DAI SI 20251219 PS AM P 56.00 0;SIMPLE_INSTRUMENT;BLOCK;EUR;2;6.30000000;1800;PRC_DECOMP_MEMBER;;;;XEUR;7349881;443196;MEMBER
01.11.2024;08:37:51.198;DAI SI 20251219 PS AM C 56.00 0;SIMPLE_INSTRUMENT;BLOCK;EUR;2;5.18000000;1800;PRC_DECOMP_MEMBER;;;;XEUR;7349883;443196;MEMBER
01.11.2024;10:39:21.287;DAI.O.241101.COMBO.000007;STANDARD_OPTION_STRATEGY;BLOCK;EUR;6;1.38000000;1500;EXCHANGE_LAST;;1;1;XEUR;73961106363660534;443196;
01.11.2024;10:39:21.287;DAI SI 20241220 PS AM P 56.00 0;SIMPLE_INSTRUMENT;BLOCK;EUR;6;2.02000000;1500;PRC_DECOMP_EXCHANGE;;;;XEUR;7349884;443196;EXCHANGE
01.11.2024;10:39:21.287;DAI SI 20241220 PS AM C 60.00 0;SIMPLE_INSTRUMENT;BLOCK;EUR;6;0.64000000;1500;PRC_DECOMP_EXCHANGE;;;;XEUR;7144858;443196;EXCHANGE
01.11.2024;11:00:17.793;DAI.O.241101.STG.000009;STANDARD_OPTION_STRATEGY;BLOCK;EUR;8;4.04000000;1000;EXCHANGE_LAST;;1;1;XEUR;73961106363660536;443196;
01.11.2024;11:00:17.793;DAI SI 20250321 PS AM C 64.00 0;SIMPLE_INSTRUMENT;BLOCK;EUR;8;0.90000000;1000;PRC_DECOMP_EXCHANGE;;;;XEUR;10884524;443196;EXCHANGE
01.11.2024;11:00:17.793;DAI SI 20250321 PS AM P 56.00 0;SIMPLE_INSTRUMENT;BLOCK;EUR;8;3.14000000;1000;PRC_DECOMP_EXCHANGE;;;;XEUR;10884518;443196;EXCHANGE
01.11.2024;14:18:42.528;DAI SI 20241220 PS AM P 44.00 0;SIMPLE_INSTRUMENT;BLOCK;EUR;16;0.14000000;1000;EXCHANGE_LAST;;1;1;XEUR;7491325;443196;
01.11.2024;16:29:24.545;DAI SI 20281215 PS AM C 68.00 0;SIMPLE_INSTRUMENT;BLOCK;EUR;21;4.20000000;500;EXCHANGE_LAST;;1;1;XEUR;10455566;443196;
01.11.2024;16:46:49.278;DAIG SI 20241220 CS;SIMPLE_INSTRUMENT;BLOCK;EUR;51;56.25030000;4000;EXCHANGE_LAST;;1;1;XEUR;7144297;443203;
01.11.2024;11:15:53.257;DPW.O.241101.STG.000006;STANDARD_OPTION_STRATEGY;BLOCK;EUR;6;3.68000000;1000;EXCHANGE_LAST;;1;1;XEUR;72059505298412739;445;
01.11.2024;11:15:53.257;DPW SI 20250919 PS AM C 40.00 0;SIMPLE_INSTRUMENT;BLOCK;EUR;6;1.74000000;1000;PRC_DECOMP_EXCHANGE;;;;XEUR;11878793;445;EXCHANGE
01.11.2024;11:15:53.257;DPW SI 20250919 PS AM P 34.00 0;SIMPLE_INSTRUMENT;BLOCK;EUR;6;1.94000000;1000;PRC_DECOMP_EXCHANGE;;;;XEUR;11878894;445;EXCHANGE
01.11.2024;11:12:39.177;DPW SI 20241220 PS AM P 36.00 0;SIMPLE_INSTRUMENT;BLOCK;EUR;7;0.81000000;2352;EXCHANGE_LAST;;1;1;XEUR;4643148;445;
01.11.2024;11:51:08.423;DPW SI 20241220 PS AM C 40.00 0;SIMPLE_INSTRUMENT;BLOCK;EUR;8;0.36000000;1000;EXCHANGE_LAST;;1;1;XEUR;4643149;445;
01.11.2024;14:37:36.389;DPW SI 20241115 PS AM C 40.00 0;SIMPLE_INSTRUMENT;BLOCK;EUR;17;0.12000000;1500;EXCHANGE_LAST;;1;1;XEUR;11704066;445;
01.11.2024;09:38:31.183;DSM SI 20241220 PS AM P 96.00 0;SIMPLE_INSTRUMENT;BLOCK;EUR;5;0.70000000;2800;EXCHANGE_LAST;;1;4;XEUR;4643372;436;
01.11.2024;10:29:20.031;DSM SI 20250321 PS AM P 110.00 0;SIMPLE_INSTRUMENT;BLOCK;EUR;11;6.68000000;1000;EXCHANGE_LAST;;2;1;XEUR;10836199;436;
01.11.2024;14:52:47.344;DTE.O.241101.STG.000003;STANDARD_OPTION_STRATEGY;BLOCK;EUR;18;1.37000000;2350;EXCHANGE_LAST;;1;1;XEUR;72059415104104674;424;
01.11.2024;14:52:47.344;DTE SI 20250321 PS AM C 29.00 0;SIMPLE_INSTRUMENT;BLOCK;EUR;18;0.77000000;2350;PRC_DECOMP_EXCHANGE;;;;XEUR;11523278;424;EXCHANGE
01.11.2024;14:52:47.344;DTE SI 20250321 PS AM P 27.00 0;SIMPLE_INSTRUMENT;BLOCK;EUR;18;0.60000000;2350;PRC_DECOMP_EXCHANGE;;;;XEUR;11523269;424;EXCHANGE
01.11.2024;09:27:41.263;DUFN.O.241101.STG.000001;STANDARD_OPTION_STRATEGY;BLOCK;CHF;8;5.20000000;750;EXCHANGE_LAST;;1;1;XEUR;72059389334269849;418;
01.11.2024;09:27:41.263;DUFN SI 20250620 PS AM C 34.00 0;SIMPLE_INSTRUMENT;BLOCK;CHF;8;3.07000000;750;PRC_DECOMP_MEMBER;;;;XEUR;11356341;418;MEMBER
01.11.2024;09:27:41.263;DUFN SI 20250620 PS AM P 32.00 0;SIMPLE_INSTRUMENT;BLOCK;CHF;8;2.13000000;750;PRC_DECOMP_MEMBER;;;;XEUR;9544830;418;MEMBER
01.11.2024;13:50:55.370;DVC.O.241101.PDIA.000001;STANDARD_OPTION_STRATEGY;BLOCK;EUR;18;-1.29000000;500;EXCHANGE_LAST;;1;1;XEUR;72059397924192278;420;
01.11.2024;13:50:55.370;DVC SI 20250320 PS AM P 8.00 0;SIMPLE_INSTRUMENT;BLOCK;EUR;18;1.82450000;500;PRC_DECOMP_EXCHANGE;;;;XEUR;10822610;420;EXCHANGE
01.11.2024;13:50:55.370;DVC SI 20250918 PS AM P 6.00 0;SIMPLE_INSTRUMENT;BLOCK;EUR;18;0.53450000;500;PRC_DECOMP_EXCHANGE;;;;XEUR;11863216;420;EXCHANGE
01.11.2024;10:27:43.741;EAD SI 20251219 PS AM P 120.00 0;SIMPLE_INSTRUMENT;BLOCK;EUR;11;6.20000000;400;EXCHANGE_LAST;;1;1;XEUR;11013931;465;
01.11.2024;10:59:01.656;EAD SI 20250620 PS AM C 140.00 0;SIMPLE_INSTRUMENT;BLOCK;EUR;20;12.36000000;400;EXCHANGE_LAST;;1;1;XEUR;11013884;465;
01.11.2024;10:59:01.671;EAD SI 20250620 PS AM P 120.00 0;SIMPLE_INSTRUMENT;BLOCK;EUR;21;3.80000000;400;EXCHANGE_LAST;;1;1;XEUR;11013885;465;
01.11.2024;10:15:15.700;EIAG SI 20241115 CS;SIMPLE_INSTRUMENT;BLOCK;EUR;3;43.75420000;2500;EXCHANGE_LAST;;1;1;XEUR;10116336;509;
01.11.2024;14:57:32.196;ENL5 SI 20241219 PS AM P 5.60 0;SIMPLE_INSTRUMENT;BLOCK;EUR;20;0.02000000;2500;EXCHANGE_LAST;;1;1;XEUR;4630458;500;
01.11.2024;08:42:11.076;ENR.O.241101.CDIA.000002;STANDARD_OPTION_STRATEGY;BLOCK;EUR;1;-0.30000000;1000;EXCHANGE_LAST;;1;1;XEUR;73339770624815108;298530;
01.11.2024;08:42:11.076;ENR SI 20250321 PS AM C 26.00 0;SIMPLE_INSTRUMENT;BLOCK;EUR;1;13.16000000;1000;PRC_DECOMP_EXCHANGE;;;;XEUR;10920317;298530;EXCHANGE
01.11.2024;08:42:11.076;ENR SI 20241115 PS AM C 25.00 0;SIMPLE_INSTRUMENT;BLOCK;EUR;1;13.46000000;1000;PRC_DECOMP_EXCHANGE;;;;XEUR;11734242;298530;EXCHANGE
01.11.2024;10:11:55.758;ENR SI 20241115 PS AM P 37.50 0;SIMPLE_INSTRUMENT;BLOCK;EUR;3;2.05000000;1000;EXCHANGE_LAST;;1;1;XEUR;12103084;298530;
01.11.2024;10:35:42.400;ENR SI 20250321 PS AM C 40.00 0;SIMPLE_INSTRUMENT;BLOCK;EUR;5;3.73000000;3000;EXCHANGE_LAST;;1;3;XEUR;11145321;298530;
01.11.2024;12:27:04.669;ENR SI 20241115 PS AM C 38.00 0;SIMPLE_INSTRUMENT;BLOCK;EUR;9;2.45000000;2420;EXCHANGE_LAST;;1;1;XEUR;11859556;298530;
01.11.2024;12:27:06.625;ENR SI 20241220 PS AM P 36.00 0;SIMPLE_INSTRUMENT;BLOCK;EUR;10;1.74000000;801;EXCHANGE_LAST;;1;1;XEUR;5804939;298530;
01.11.2024;12:27:09.613;ENR SI 20241220 PS AM C 41.00 0;SIMPLE_INSTRUMENT;BLOCK;EUR;11;1.98000000;1385;EXCHANGE_LAST;;1;1;XEUR;11948762;298530;
01.11.2024;12:27:09.713;ENR SI 20241220 PS AM P 36.00 0;SIMPLE_INSTRUMENT;BLOCK;EUR;12;1.75000000;584;EXCHANGE_LAST;;1;1;XEUR;5804939;298530;
01.11.2024;12:37:14.312;ENR.O.241101.BUL.000009;STANDARD_OPTION_STRATEGY;BLOCK;EUR;13;1.30000000;540;EXCHANGE_LAST;;1;1;XEUR;73339770624815115;298530;
01.11.2024;12:37:14.312;ENR SI 20241220 PS AM C 40.00 0;SIMPLE_INSTRUMENT;BLOCK;EUR;13;2.07000000;540;PRC_DECOMP_EXCHANGE;;;;XEUR;5909219;298530;EXCHANGE
01.11.2024;12:37:14.312;ENR SI 20241220 PS AM C 46.00 0;SIMPLE_INSTRUMENT;BLOCK;EUR;13;0.77000000;540;PRC_DECOMP_EXCHANGE;;;;XEUR;11846962;298530;EXCHANGE
01.11.2024;12:37:06.311;ENR.O.241101.BUL.000009;STANDARD_OPTION_STRATEGY;BLOCK;EUR;14;1.35000000;360;EXCHANGE_LAST;;1;1;XEUR;73339770624815115;298530;
01.11.2024;12:37:06.311;ENR SI 20241220 PS AM C 40.00 0;SIMPLE_INSTRUMENT;BLOCK;EUR;14;2.10000000;360;PRC_DECOMP_EXCHANGE;;;;XEUR;5909219;298530;EXCHANGE
01.11.2024;12:37:06.311;ENR SI 20241220 PS AM C 46.00 0;SIMPLE_INSTRUMENT;BLOCK;EUR;14;0.75000000;360;PRC_DECOMP_EXCHANGE;;;;XEUR;11846962;298530;EXCHANGE
01.11.2024;10:18:18.377;ENT5 SI 20241219 PS AM P 14.00 0;SIMPLE_INSTRUMENT;BLOCK;EUR;9;0.43000000;500;EXCHANGE_LAST;;1;1;XEUR;4630526;497;
01.11.2024;10:18:45.378;ENT5 SI 20241219 PS AM P 14.00 0;SIMPLE_INSTRUMENT;BLOCK;EUR;10;0.44000000;500;EXCHANGE_LAST;;1;1;XEUR;4630526;497;
01.11.2024;12:15:06.261;ESL SI 20250919 PS AM P 200.00 0;SIMPLE_INSTRUMENT;BLOCK;EUR;33;11.00000000;300;EXCHANGE_LAST;;1;1;XEUR;11880071;481;
01.11.2024;10:15:12.855;F3IA SI 20261218 CS;SIMPLE_INSTRUMENT;BLOCK;EUR;2;0.52000000;429;EXCHANGE_LAST;;1;1;XEUR;6830373;390387;
01.11.2024;09:27:24.388;FBTP SI 20241206 PS;SIMPLE_INSTRUMENT;EFP_FIN;EUR;1;119.35000000;282;EXCHANGE_LAST;;1;1;XEUR;10804520;636;
01.11.2024;10:08:29.219;FBTP SI 20241206 PS;SIMPLE_INSTRUMENT;EFP_FIN;EUR;2;119.24000000;294;EXCHANGE_LAST;;1;1;XEUR;10804520;636;
01.11.2024;10:37:57.941;FBTP SI 20241206 PS;SIMPLE_INSTRUMENT;EFP_FIN;EUR;3;119.30000000;92;EXCHANGE_LAST;;1;1;XEUR;10804520;636;
01.11.2024;11:02:47.676;FBTP SI 20241206 PS;SIMPLE_INSTRUMENT;BLOCK;EUR;4;119.24000000;1884;EXCHANGE_LAST;;1;1;XEUR;10804520;636;
01.11.2024;11:07:39.938;FBTP SI 20241206 PS;SIMPLE_INSTRUMENT;BLOCK;EUR;5;119.32000000;800;EXCHANGE_LAST;;1;1;XEUR;10804520;636;
01.11.2024;11:28:09.775;FBTP SI 20241206 PS;SIMPLE_INSTRUMENT;EFP_FIN;EUR;6;119.36000000;107;EXCHANGE_LAST;;1;1;XEUR;10804520;636;
01.11.2024;11:42:55.444;FBTP SI 20241206 PS;SIMPLE_INSTRUMENT;EFP_FIN;EUR;7;119.42000000;285;EXCHANGE_LAST;;1;1;XEUR;10804520;636;
01.11.2024;11:45:45.956;FBTP SI 20241206 PS;SIMPLE_INSTRUMENT;EFP_FIN;EUR;8;119.39000000;127;EXCHANGE_LAST;;1;1;XEUR;10804520;636;
01.11.2024;11:51:53.759;FBTP SI 20241206 PS;SIMPLE_INSTRUMENT;EFP_FIN;EUR;9;119.35000000;152;EXCHANGE_LAST;;1;1;XEUR;10804520;636;
01.11.2024;11:53:24.819;FBTP SI 20241206 PS;SIMPLE_INSTRUMENT;EFP_FIN;EUR;10;119.38000000;260;EXCHANGE_LAST;;1;1;XEUR;10804520;636;
01.11.2024;13:14:08.642;FBTP SI 20241206 PS;SIMPLE_INSTRUMENT;EFP_FIN;EUR;11;119.63000000;104;EXCHANGE_LAST;;1;1;XEUR;10804520;636;
01.11.2024;13:25:09.084;FBTP SI 20241206 PS;SIMPLE_INSTRUMENT;EFP_FIN;EUR;12;119.66000000;269;EXCHANGE_LAST;;1;1;XEUR;10804520;636;
01.11.2024;13:49:05.020;FBTP SI 20241206 PS;SIMPLE_INSTRUMENT;EFP_FIN;EUR;13;119.66000000;238;EXCHANGE_LAST;;1;1;XEUR;10804520;636;
01.11.2024;14:12:50.192;FBTP SI 20241206 PS;SIMPLE_INSTRUMENT;EFP_FIN;EUR;14;119.63000000;143;EXCHANGE_LAST;;1;1;XEUR;10804520;636;
01.11.2024;15:49:48.174;FBTP SI 20241206 PS;SIMPLE_INSTRUMENT;EFP_FIN;EUR;15;119.53000000;90;EXCHANGE_LAST;;1;1;XEUR;10804520;636;
01.11.2024;16:10:53.122;FBTP SI 20241206 PS;SIMPLE_INSTRUMENT;EFP_FIN;EUR;16;119.43000000;98;EXCHANGE_LAST;;1;1;XEUR;10804520;636;
01.11.2024;16:21:33.161;FBTP SI 20241206 PS;SIMPLE_INSTRUMENT;EFP_FIN;EUR;17;119.41000000;67;EXCHANGE_LAST;;1;1;XEUR;10804520;636;
01.11.2024;08:27:50.566;FBTS SI 20241206 PS;SIMPLE_INSTRUMENT;EFP_FIN;EUR;2;106.88000000;398;EXCHANGE_LAST;;1;1;XEUR;10804522;639;
01.11.2024;09:10:37.506;FBTS SI 20241206 PS;SIMPLE_INSTRUMENT;EFP_FIN;EUR;6;106.85000000;1113;EXCHANGE_LAST;;1;1;XEUR;10804522;639;
01.11.2024;09:39:15.316;FBTS SI 20241206 PS;SIMPLE_INSTRUMENT;EFP_FIN;EUR;7;106.87000000;517;EXCHANGE_LAST;;1;1;XEUR;10804522;639;
01.11.2024;09:57:45.015;FBTS SI 20241206 PS;SIMPLE_INSTRUMENT;EFS;EUR;10;106.87000000;4512;EXCHANGE_LAST;;1;1;XEUR;10804522;639;
01.11.2024;11:10:18.025;FBTS SI 20241206 PS;SIMPLE_INSTRUMENT;EFP_FIN;EUR;13;106.88000000;536;EXCHANGE_LAST;;1;1;XEUR;10804522;639;
01.11.2024;11:30:58.410;FBTS SI 20241206 PS;SIMPLE_INSTRUMENT;EFP_FIN;EUR;14;106.89000000;390;EXCHANGE_LAST;;1;1;XEUR;10804522;639;
01.11.2024;13:34:33.722;FBTS SI 20241206 PS;SIMPLE_INSTRUMENT;EFP_FIN;EUR;19;106.90000000;557;EXCHANGE_LAST;;1;1;XEUR;10804522;639;
01.11.2024;14:08:18.332;FCMU SI 20241216 CS;SIMPLE_INSTRUMENT;BLOCK;USD;2;0.04955000;250;EXCHANGE_LAST;;1;1;XEUR;10921066;570874;
01.11.2024;10:16:00.614;FCPU SI 20241216 PS;SIMPLE_INSTRUMENT;BLOCK;USD;1;1.29070000;344;EXCHANGE_LAST;;1;1;XEUR;7140366;369379;
01.11.2024;16:40:02.065;FDAX SI 20241220 CS;SIMPLE_INSTRUMENT;EFP_IDX;EUR;1;19345.00000000;13;EXCHANGE_LAST;;1;1;XEUR;7296065;589;
01.11.2024;16:40:08.837;FDAX SI 20241220 CS;SIMPLE_INSTRUMENT;EFP_IDX;EUR;2;19346.00000000;12;EXCHANGE_LAST;;1;1;XEUR;7296065;589;
01.11.2024;16:01:33.651;FDAX SI 20241220 CS;SIMPLE_INSTRUMENT;VOLA;EUR;671088659;19370.00000000;32;EXCHANGE_LAST;;1;1;XEUR;7296065;589;
01.11.2024;14:29:10.551;FEBD SI 20251219 CS;SIMPLE_INSTRUMENT;BLOCK;EUR;10;10.10000000;600;EXCHANGE_LAST;;1;1;XEUR;5914075;597;
01.11.2024;10:28:45.358;FECX SI 20241220 CS;SIMPLE_INSTRUMENT;BLOCK;EUR;1;163.75000000;97;EXCHANGE_LAST;;1;1;XEUR;10920731;410158;
01.11.2024;11:05:37.202;FECX SI 20241220 CS;SIMPLE_INSTRUMENT;BLOCK;EUR;2;163.79000000;33;EXCHANGE_LAST;;1;1;XEUR;10920731;410158;
01.11.2024;16:10:23.684;FECX SI 20241220 CS;SIMPLE_INSTRUMENT;BLOCK;EUR;12;163.86000000;114;EXCHANGE_LAST;;1;1;XEUR;10920731;410158;
01.11.2024;16:27:01.926;FESB SI 20241220 CS;SIMPLE_INSTRUMENT;BLOCK;EUR;58;147.60000000;3720;EXCHANGE_LAST;;1;1;XEUR;10838895;605;
01.11.2024;16:57:52.649;FESB SI 20241220 CS;SIMPLE_INSTRUMENT;BLOCK;EUR;60;147.50000000;6000;EXCHANGE_LAST;;1;1;XEUR;10838895;605;
01.11.2024;17:19:27.583;FESB SI 20241220 CS;SIMPLE_INSTRUMENT;BLOCK;EUR;61;147.55000000;5600;EXCHANGE_LAST;;1;1;XEUR;10838895;605;
01.11.2024;16:33:18.257;FESB SI 20241220 CS;SIMPLE_INSTRUMENT;VOLA;EUR;603979813;148.00000000;340;EXCHANGE_LAST;;1;1;XEUR;10838895;605;
01.11.2024;14:41:37.122;FESX SI 20241220 CS;SIMPLE_INSTRUMENT;BLOCK;EUR;1;4885.00000000;2428;EXCHANGE_LAST;;1;1;XEUR;7793479;675;
01.11.2024;15:30:50.921;FESX SI 20241220 CS;SIMPLE_INSTRUMENT;EFP_IDX;EUR;2;4890.00000000;1500;EXCHANGE_LAST;;1;1;XEUR;7793479;675;
01.11.2024;16:32:29.921;FESX SI 20241220 CS;SIMPLE_INSTRUMENT;BLOCK;EUR;3;4895.00000000;2000;EXCHANGE_LAST;;1;1;XEUR;7793479;675;
01.11.2024;16:41:30.138;FESX SI 20241220 CS;SIMPLE_INSTRUMENT;EFP_IDX;EUR;4;4892.00000000;600;EXCHANGE_LAST;;1;1;XEUR;7793479;675;
01.11.2024;16:49:04.394;FESX SI 20241220 CS;SIMPLE_INSTRUMENT;EFP_IDX;EUR;5;4892.00000000;380;EXCHANGE_LAST;;1;1;XEUR;7793479;675;
01.11.2024;16:51:21.820;FESX SI 20241220 CS;SIMPLE_INSTRUMENT;EFP_IDX;EUR;6;4892.00000000;805;EXCHANGE_LAST;;1;1;XEUR;7793479;675;
01.11.2024;16:51:08.187;FESX SI 20241220 CS;SIMPLE_INSTRUMENT;EFP_IDX;EUR;7;4893.00000000;115;EXCHANGE_LAST;;1;1;XEUR;7793479;675;
01.11.2024;16:54:11.039;FESX SI 20241220 CS;SIMPLE_INSTRUMENT;EFP_IDX;EUR;8;4892.00000000;500;EXCHANGE_LAST;;1;1;XEUR;7793479;675;
01.11.2024;08:58:43.740;FESX SI 20241220 CS;SIMPLE_INSTRUMENT;VOLA;EUR;637534221;4855.00000000;20;EXCHANGE_LAST;;1;1;XEUR;7793479;675;
01.11.2024;09:01:47.418;FESX SI 20241220 CS;SIMPLE_INSTRUMENT;VOLA;EUR;637534224;4855.00000000;30;EXCHANGE_LAST;;1;1;XEUR;7793479;675;
01.11.2024;09:05:55.642;FESX SI 20241220 CS;SIMPLE_INSTRUMENT;VOLA;EUR;637534229;4845.00000000;20;EXCHANGE_LAST;;1;1;XEUR;7793479;675;
01.11.2024;09:14:46.422;FESX SI 20241220 CS;SIMPLE_INSTRUMENT;VOLA;EUR;637534230;4845.00000000;10;EXCHANGE_LAST;;1;1;XEUR;7793479;675;
01.11.2024;09:12:22.679;FESX SI 20241220 CS;SIMPLE_INSTRUMENT;VOLA;EUR;637534235;4863.00000000;240;EXCHANGE_LAST;;1;1;XEUR;7793479;675;
01.11.2024;09:12:52.785;FESX SI 20241220 CS;SIMPLE_INSTRUMENT;VOLA;EUR;637534237;4863.00000000;241;EXCHANGE_LAST;;1;1;XEUR;7793479;675;
01.11.2024;09:16:52.999;FESX SI 20241220 CS;SIMPLE_INSTRUMENT;VOLA;EUR;637534241;4855.00000000;15;EXCHANGE_LAST;;1;1;XEUR;7793479;675;
01.11.2024;09:33:00.227;FESX SI 20241220 CS;SIMPLE_INSTRUMENT;VOLA;EUR;637534251;4865.00000000;92;EXCHANGE_LAST;;1;1;XEUR;7793479;675;
01.11.2024;09:46:53.437;FESX SI 20241220 CS;SIMPLE_INSTRUMENT;VOLA;EUR;637534257;4865.00000000;250;EXCHANGE_LAST;;1;1;XEUR;7793479;675;
01.11.2024;09:57:39.249;FESX SI 20241220 CS;SIMPLE_INSTRUMENT;VOLA;EUR;637534267;4855.00000000;10;EXCHANGE_LAST;;1;1;XEUR;7793479;675;
01.11.2024;11:14:16.379;FESX SI 20241220 CS;SIMPLE_INSTRUMENT;VOLA;EUR;637534287;4869.00000000;50;EXCHANGE_LAST;;1;1;XEUR;7793479;675;
01.11.2024;11:27:11.617;FESX SI 20241220 CS;SIMPLE_INSTRUMENT;VOLA;EUR;637534290;4879.00000000;1120;EXCHANGE_LAST;;1;1;XEUR;7793479;675;
01.11.2024;12:58:13.208;FESX SI 20241220 CS;SIMPLE_INSTRUMENT;VOLA;EUR;637534304;4880.00000000;203;EXCHANGE_LAST;;1;1;XEUR;7793479;675;
01.11.2024;13:43:59.117;FESX SI 20241220 CS;SIMPLE_INSTRUMENT;VOLA;EUR;637534316;4885.00000000;677;EXCHANGE_LAST;;1;1;XEUR;7793479;675;
01.11.2024;14:48:53.629;FESX SI 20241220 CS;SIMPLE_INSTRUMENT;VOLA;EUR;637534343;4886.00000000;120;EXCHANGE_LAST;;1;1;XEUR;7793479;675;
01.11.2024;15:44:44.308;FESX SI 20241220 CS;SIMPLE_INSTRUMENT;VOLA;EUR;637534369;4900.00000000;100;EXCHANGE_LAST;;1;1;XEUR;7793479;675;
01.11.2024;16:15:58.355;FESX SI 20241220 CS;SIMPLE_INSTRUMENT;VOLA;EUR;637534381;4900.00000000;600;EXCHANGE_LAST;;1;1;XEUR;7793479;675;
01.11.2024;13:42:20.460;FEXD SI 20251219 CS;SIMPLE_INSTRUMENT;BLOCK;EUR;4;158.80000000;600;EXCHANGE_LAST;;1;1;XEUR;1548120;693;
01.11.2024;13:45:30.301;FEXD SI 20251219 CS;SIMPLE_INSTRUMENT;BLOCK;EUR;7;158.70000000;250;EXCHANGE_LAST;;1;1;XEUR;1548120;693;
01.11.2024;13:45:31.298;FEXD SI 20251219 CS;SIMPLE_INSTRUMENT;BLOCK;EUR;8;158.60000000;250;EXCHANGE_LAST;;1;1;XEUR;1548120;693;
01.11.2024;14:02:35.357;FEXD SI 20261218 CS;SIMPLE_INSTRUMENT;BLOCK;EUR;9;153.40000000;200;EXCHANGE_LAST;;1;1;XEUR;2163053;693;
01.11.2024;14:30:26.553;FEXD SI 20271217 CS;SIMPLE_INSTRUMENT;BLOCK;EUR;11;147.50000000;100;EXCHANGE_LAST;;1;1;XEUR;2848338;693;
01.11.2024;16:25:17.777;FEXD.S.DEC25.DEC26.SPD;FUTURES_SPREAD;BLOCK;EUR;13;5.00000000;1000;EXCHANGE_LAST;;1;1;XEUR;72060570450264144;693;
01.11.2024;16:25:17.777;FEXD SI 20251219 CS;SIMPLE_INSTRUMENT;BLOCK;EUR;13;158.80000000;1000;PRC_DECOMP_MEMBER;;;;XEUR;1548120;693;MEMBER
01.11.2024;16:25:17.777;FEXD SI 20261218 CS;SIMPLE_INSTRUMENT;BLOCK;EUR;13;153.80000000;1000;PRC_DECOMP_MEMBER;;;;XEUR;2163053;693;MEMBER
01.11.2024;16:23:05.376;FFOX SI 20241220 CS;SIMPLE_INSTRUMENT;BLOCK;EUR;4;4527.90000000;300;EXCHANGE_LAST;;1;1;XEUR;10839549;695;
01.11.2024;07:49:45.661;FGBL SI 20241206 PS;SIMPLE_INSTRUMENT;EFS;EUR;1;131.70000000;432;EXCHANGE_LAST;;1;1;XEUR;10804524;688;
01.11.2024;07:58:09.681;FGBL SI 20241206 PS;SIMPLE_INSTRUMENT;EFS;EUR;2;131.66000000;770;EXCHANGE_LAST;;1;1;XEUR;10804524;688;
01.11.2024;08:08:57.535;FGBL SI 20241206 PS;SIMPLE_INSTRUMENT;EFS;EUR;3;131.61000000;432;EXCHANGE_LAST;;1;1;XEUR;10804524;688;
01.11.2024;08:10:50.564;FGBL SI 20241206 PS;SIMPLE_INSTRUMENT;EFS;EUR;4;131.59000000;216;EXCHANGE_LAST;;1;1;XEUR;10804524;688;
01.11.2024;08:13:38.592;FGBL SI 20241206 PS;SIMPLE_INSTRUMENT;EFS;EUR;5;131.63000000;216;EXCHANGE_LAST;;1;1;XEUR;10804524;688;
01.11.2024;08:21:45.051;FGBL SI 20241206 PS;SIMPLE_INSTRUMENT;EFS;EUR;6;131.64000000;259;EXCHANGE_LAST;;1;1;XEUR;10804524;688;
01.11.2024;08:21:51.408;FGBL SI 20241206 PS;SIMPLE_INSTRUMENT;EFS;EUR;7;131.63000000;985;EXCHANGE_LAST;;1;1;XEUR;10804524;688;
01.11.2024;08:22:13.601;FGBL SI 20241206 PS;SIMPLE_INSTRUMENT;EFS;EUR;8;131.62000000;432;EXCHANGE_LAST;;1;1;XEUR;10804524;688;
01.11.2024;08:24:00.295;FGBL SI 20241206 PS;SIMPLE_INSTRUMENT;EFS;EUR;9;131.63000000;99;EXCHANGE_LAST;;1;1;XEUR;10804524;688;
01.11.2024;08:24:17.027;FGBL SI 20241206 PS;SIMPLE_INSTRUMENT;EFS;EUR;10;131.63000000;100;EXCHANGE_LAST;;1;1;XEUR;10804524;688;
01.11.2024;08:26:24.149;FGBL SI 20241206 PS;SIMPLE_INSTRUMENT;EFS;EUR;11;131.63000000;332;EXCHANGE_LAST;;1;1;XEUR;10804524;688;
01.11.2024;08:33:07.947;FGBL SI 20241206 PS;SIMPLE_INSTRUMENT;EFS;EUR;12;131.64000000;492;EXCHANGE_LAST;;1;1;XEUR;10804524;688;
01.11.2024;08:35:13.051;FGBL SI 20241206 PS;SIMPLE_INSTRUMENT;EFP_FIN;EUR;13;131.60000000;323;EXCHANGE_LAST;;1;1;XEUR;10804524;688;
01.11.2024;08:39:01.714;FGBL SI 20241206 PS;SIMPLE_INSTRUMENT;EFS;EUR;14;131.55000000;150;EXCHANGE_LAST;;1;1;XEUR;10804524;688;
01.11.2024;08:45:29.735;FGBL SI 20241206 PS;SIMPLE_INSTRUMENT;EFP_FIN;EUR;15;131.60000000;255;EXCHANGE_LAST;;1;1;XEUR;10804524;688;
01.11.2024;08:49:00.214;FGBL SI 20241206 PS;SIMPLE_INSTRUMENT;EFP_FIN;EUR;16;131.55000000;387;EXCHANGE_LAST;;1;1;XEUR;10804524;688;
01.11.2024;08:49:51.650;FGBL SI 20241206 PS;SIMPLE_INSTRUMENT;EFS;EUR;18;131.59000000;148;EXCHANGE_LAST;;1;1;XEUR;10804524;688;
01.11.2024;08:49:57.829;FGBL SI 20241206 PS;SIMPLE_INSTRUMENT;EFP_FIN;EUR;19;131.61000000;150;EXCHANGE_LAST;;1;1;XEUR;10804524;688;
01.11.2024;08:51:33.648;FGBL SI 20241206 PS;SIMPLE_INSTRUMENT;EFS;EUR;20;131.50000000;432;EXCHANGE_LAST;;1;1;XEUR;10804524;688;
01.11.2024;08:52:39.153;FGBL SI 20241206 PS;SIMPLE_INSTRUMENT;EFS;EUR;21;131.63000000;332;EXCHANGE_LAST;;1;1;XEUR;10804524;688;
01.11.2024;08:59:28.223;FGBL SI 20241206 PS;SIMPLE_INSTRUMENT;EFP_FIN;EUR;22;131.53000000;775;EXCHANGE_LAST;;1;1;XEUR;10804524;688;
01.11.2024;08:59:34.231;FGBL SI 20241206 PS;SIMPLE_INSTRUMENT;EFS;EUR;23;131.48000000;216;EXCHANGE_LAST;;1;1;XEUR;10804524;688;
01.11.2024;09:01:08.081;FGBL SI 20241206 PS;SIMPLE_INSTRUMENT;EFS;EUR;24;131.52000000;200;EXCHANGE_LAST;;1;1;XEUR;10804524;688;
01.11.2024;09:06:51.466;FGBL SI 20241206 PS;SIMPLE_INSTRUMENT;EFP_FIN;EUR;25;131.59000000;194;EXCHANGE_LAST;;1;1;XEUR;10804524;688;
01.11.2024;09:07:05.089;FGBL SI 20241206 PS;SIMPLE_INSTRUMENT;EFP_FIN;EUR;26;131.59000000;775;EXCHANGE_LAST;;1;1;XEUR;10804524;688;
01.11.2024;09:09:36.932;FGBL SI 20241206 PS;SIMPLE_INSTRUMENT;EFP_FIN;EUR;28;131.59000000;213;EXCHANGE_LAST;;1;1;XEUR;10804524;688;
01.11.2024;09:10:07.081;FGBL SI 20241206 PS;SIMPLE_INSTRUMENT;EFP_FIN;EUR;29;131.48000000;99;EXCHANGE_LAST;;1;1;XEUR;10804524;688;
01.11.2024;09:14:30.238;FGBL SI 20241206 PS;SIMPLE_INSTRUMENT;EFS;EUR;30;131.48000000;500;EXCHANGE_LAST;;1;1;XEUR;10804524;688;
01.11.2024;09:18:09.832;FGBL SI 20241206 PS;SIMPLE_INSTRUMENT;BLOCK;EUR;31;131.51000000;2467;EXCHANGE_LAST;;1;1;XEUR;10804524;688;
01.11.2024;09:26:07.805;FGBL SI 20241206 PS;SIMPLE_INSTRUMENT;EFS;EUR;32;131.48000000;500;EXCHANGE_LAST;;1;1;XEUR;10804524;688;
01.11.2024;09:35:37.039;FGBL SI 20241206 PS;SIMPLE_INSTRUMENT;EFS;EUR;33;131.49000000;909;EXCHANGE_LAST;;1;1;XEUR;10804524;688;
01.11.2024;09:47:37.140;FGBL SI 20241206 PS;SIMPLE_INSTRUMENT;EFS;EUR;34;131.48000000;432;EXCHANGE_LAST;;1;1;XEUR;10804524;688;
01.11.2024;09:50:05.723;FGBL SI 20241206 PS;SIMPLE_INSTRUMENT;EFS;EUR;35;131.52000000;114;EXCHANGE_LAST;;1;1;XEUR;10804524;688;
01.11.2024;09:51:13.392;FGBL SI 20241206 PS;SIMPLE_INSTRUMENT;EFS;EUR;36;131.49000000;183;EXCHANGE_LAST;;1;1;XEUR;10804524;688;
01.11.2024;09:55:29.039;FGBL SI 20241206 PS;SIMPLE_INSTRUMENT;EFS;EUR;37;131.50000000;433;EXCHANGE_LAST;;1;1;XEUR;10804524;688;
01.11.2024;09:57:24.119;FGBL SI 20241206 PS;SIMPLE_INSTRUMENT;EFS;EUR;38;131.48000000;216;EXCHANGE_LAST;;1;1;XEUR;10804524;688;
01.11.2024;09:57:34.128;FGBL SI 20241206 PS;SIMPLE_INSTRUMENT;EFS;EUR;39;131.48000000;216;EXCHANGE_LAST;;1;1;XEUR;10804524;688;
01.11.2024;09:59:02.503;FGBL SI 20241206 PS;SIMPLE_INSTRUMENT;EFS;EUR;40;131.52000000;242;EXCHANGE_LAST;;1;1;XEUR;10804524;688;
01.11.2024;10:00:05.956;FGBL SI 20241206 PS;SIMPLE_INSTRUMENT;EFP_FIN;EUR;41;131.51000000;391;EXCHANGE_LAST;;1;1;XEUR;10804524;688;
01.11.2024;10:02:07.902;FGBL SI 20241206 PS;SIMPLE_INSTRUMENT;EFS;EUR;42;131.50000000;592;EXCHANGE_LAST;;1;1;XEUR;10804524;688;
01.11.2024;10:09:34.596;FGBL SI 20241206 PS;SIMPLE_INSTRUMENT;EFP_FIN;EUR;43;131.59000000;463;EXCHANGE_LAST;;1;1;XEUR;10804524;688;
01.11.2024;10:05:39.571;FGBL SI 20241206 PS;SIMPLE_INSTRUMENT;EFP_FIN;EUR;44;131.51000000;210;EXCHANGE_LAST;;1;1;XEUR;10804524;688;
01.11.2024;10:06:29.563;FGBL SI 20241206 PS;SIMPLE_INSTRUMENT;EFP_FIN;EUR;45;131.49000000;246;EXCHANGE_LAST;;1;1;XEUR;10804524;688;
01.11.2024;10:14:01.418;FGBL SI 20241206 PS;SIMPLE_INSTRUMENT;BLOCK;EUR;46;131.51000000;2257;EXCHANGE_LAST;;1;1;XEUR;10804524;688;
01.11.2024;10:19:34.156;FGBL SI 20241206 PS;SIMPLE_INSTRUMENT;EFP_FIN;EUR;47;131.53000000;82;EXCHANGE_LAST;;1;1;XEUR;10804524;688;
01.11.2024;10:24:00.449;FGBL SI 20241206 PS;SIMPLE_INSTRUMENT;EFP_FIN;EUR;49;131.51000000;165;EXCHANGE_LAST;;1;1;XEUR;10804524;688;
01.11.2024;10:24:21.687;FGBL SI 20241206 PS;SIMPLE_INSTRUMENT;EFP_FIN;EUR;50;131.55000000;1200;EXCHANGE_LAST;;1;1;XEUR;10804524;688;
01.11.2024;10:24:42.218;FGBL SI 20241206 PS;SIMPLE_INSTRUMENT;EFS;EUR;51;131.57000000;246;EXCHANGE_LAST;;1;1;XEUR;10804524;688;
01.11.2024;10:26:54.978;FGBL SI 20241206 PS;SIMPLE_INSTRUMENT;EFP_FIN;EUR;52;131.60000000;1197;EXCHANGE_LAST;;1;1;XEUR;10804524;688;
01.11.2024;10:26:55.575;FGBL SI 20241206 PS;SIMPLE_INSTRUMENT;EFS;EUR;53;131.53000000;592;EXCHANGE_LAST;;1;1;XEUR;10804524;688;
01.11.2024;10:27:14.468;FGBL SI 20241206 PS;SIMPLE_INSTRUMENT;EFS;EUR;54;131.63000000;259;EXCHANGE_LAST;;1;1;XEUR;10804524;688;
01.11.2024;10:27:49.294;FGBL SI 20241206 PS;SIMPLE_INSTRUMENT;EFS;EUR;55;131.49000000;227;EXCHANGE_LAST;;1;1;XEUR;10804524;688;
01.11.2024;10:30:53.310;FGBL SI 20241206 PS;SIMPLE_INSTRUMENT;EFS;EUR;56;131.55000000;432;EXCHANGE_LAST;;1;1;XEUR;10804524;688;
01.11.2024;10:31:29.324;FGBL SI 20241206 PS;SIMPLE_INSTRUMENT;EFS;EUR;57;131.54000000;3632;EXCHANGE_LAST;;1;1;XEUR;10804524;688;
01.11.2024;10:32:01.824;FGBL SI 20241206 PS;SIMPLE_INSTRUMENT;EFS;EUR;58;131.56000000;432;EXCHANGE_LAST;;1;1;XEUR;10804524;688;
01.11.2024;10:33:09.694;FGBL SI 20241206 PS;SIMPLE_INSTRUMENT;EFS;EUR;59;131.55000000;432;EXCHANGE_LAST;;1;1;XEUR;10804524;688;
01.11.2024;10:34:16.616;FGBL SI 20241206 PS;SIMPLE_INSTRUMENT;EFS;EUR;60;131.57000000;432;EXCHANGE_LAST;;1;1;XEUR;10804524;688;
01.11.2024;10:36:31.198;FGBL SI 20241206 PS;SIMPLE_INSTRUMENT;EFP_FIN;EUR;61;131.63000000;425;EXCHANGE_LAST;;1;1;XEUR;10804524;688;
01.11.2024;10:41:08.036;FGBL SI 20241206 PS;SIMPLE_INSTRUMENT;EFS;EUR;62;131.58000000;432;EXCHANGE_LAST;;1;1;XEUR;10804524;688;
01.11.2024;10:43:11.932;FGBL SI 20241206 PS;SIMPLE_INSTRUMENT;EFS;EUR;63;131.59000000;216;EXCHANGE_LAST;;1;1;XEUR;10804524;688;
01.11.2024;10:43:44.977;FGBL SI 20241206 PS;SIMPLE_INSTRUMENT;EFP_FIN;EUR;64;131.50000000;204;EXCHANGE_LAST;;1;1;XEUR;10804524;688;
01.11.2024;10:46:46.508;FGBL SI 20241206 PS;SIMPLE_INSTRUMENT;EFS;EUR;65;131.62000000;383;EXCHANGE_LAST;;1;1;XEUR;10804524;688;
01.11.2024;10:45:20.367;FGBL SI 20241206 PS;SIMPLE_INSTRUMENT;EFS;EUR;66;131.59000000;432;EXCHANGE_LAST;;1;1;XEUR;10804524;688;
01.11.2024;10:45:47.903;FGBL SI 20241206 PS;SIMPLE_INSTRUMENT;EFS;EUR;67;131.60000000;432;EXCHANGE_LAST;;1;1;XEUR;10804524;688;
01.11.2024;10:45:56.167;FGBL SI 20241206 PS;SIMPLE_INSTRUMENT;EFS;EUR;68;131.63000000;739;EXCHANGE_LAST;;1;1;XEUR;10804524;688;
01.11.2024;10:46:24.369;FGBL SI 20241206 PS;SIMPLE_INSTRUMENT;EFS;EUR;69;131.54000000;908;EXCHANGE_LAST;;1;1;XEUR;10804524;688;
01.11.2024;10:50:59.110;FGBL SI 20241206 PS;SIMPLE_INSTRUMENT;EFS;EUR;70;131.58000000;985;EXCHANGE_LAST;;1;1;XEUR;10804524;688;
01.11.2024;10:56:54.082;FGBL SI 20241206 PS;SIMPLE_INSTRUMENT;EFS;EUR;71;131.65000000;216;EXCHANGE_LAST;;1;1;XEUR;10804524;688;
01.11.2024;11:05:14.237;FGBL SI 20241206 PS;SIMPLE_INSTRUMENT;EFS;EUR;72;131.65000000;259;EXCHANGE_LAST;;1;1;XEUR;10804524;688;
01.11.2024;11:05:45.296;FGBL SI 20241206 PS;SIMPLE_INSTRUMENT;EFS;EUR;73;131.73000000;216;EXCHANGE_LAST;;1;1;XEUR;10804524;688;
01.11.2024;11:07:53.440;FGBL SI 20241206 PS;SIMPLE_INSTRUMENT;EFP_FIN;EUR;74;131.65000000;700;EXCHANGE_LAST;;1;1;XEUR;10804524;688;
01.11.2024;11:15:51.717;FGBL SI 20241206 PS;SIMPLE_INSTRUMENT;EFS;EUR;75;131.62000000;1361;EXCHANGE_LAST;;1;1;XEUR;10804524;688;
01.11.2024;11:18:32.043;FGBL SI 20241206 PS;SIMPLE_INSTRUMENT;EFS;EUR;76;131.73000000;272;EXCHANGE_LAST;;1;1;XEUR;10804524;688;
01.11.2024;11:18:37.519;FGBL SI 20241206 PS;SIMPLE_INSTRUMENT;EFS;EUR;77;131.68000000;216;EXCHANGE_LAST;;1;1;XEUR;10804524;688;
01.11.2024;11:20:55.980;FGBL SI 20241206 PS;SIMPLE_INSTRUMENT;EFS;EUR;78;131.77000000;984;EXCHANGE_LAST;;1;1;XEUR;10804524;688;
01.11.2024;11:23:27.975;FGBL SI 20241206 PS;SIMPLE_INSTRUMENT;EFP_FIN;EUR;79;131.51000000;234;EXCHANGE_LAST;;1;1;XEUR;10804524;688;
01.11.2024;11:26:00.743;FGBL SI 20241206 PS;SIMPLE_INSTRUMENT;EFS;EUR;80;131.68000000;216;EXCHANGE_LAST;;1;1;XEUR;10804524;688;
01.11.2024;11:35:29.803;FGBL SI 20241206 PS;SIMPLE_INSTRUMENT;EFS;EUR;81;131.70000000;200;EXCHANGE_LAST;;1;1;XEUR;10804524;688;
01.11.2024;11:40:44.868;FGBL SI 20241206 PS;SIMPLE_INSTRUMENT;EFS;EUR;82;131.73000000;975;EXCHANGE_LAST;;1;1;XEUR;10804524;688;
01.11.2024;11:46:14.866;FGBL SI 20241206 PS;SIMPLE_INSTRUMENT;EFS;EUR;83;131.60000000;432;EXCHANGE_LAST;;1;1;XEUR;10804524;688;
01.11.2024;11:48:00.658;FGBL SI 20241206 PS;SIMPLE_INSTRUMENT;EFS;EUR;84;131.68000000;432;EXCHANGE_LAST;;1;1;XEUR;10804524;688;
01.11.2024;11:49:37.074;FGBL SI 20241206 PS;SIMPLE_INSTRUMENT;EFP_FIN;EUR;85;131.70000000;798;EXCHANGE_LAST;;1;1;XEUR;10804524;688;
01.11.2024;11:55:26.087;FGBL SI 20241206 PS;SIMPLE_INSTRUMENT;EFS;EUR;87;131.76000000;197;EXCHANGE_LAST;;1;1;XEUR;10804524;688;
01.11.2024;11:56:05.384;FGBL SI 20241206 PS;SIMPLE_INSTRUMENT;EFS;EUR;88;131.88000000;432;EXCHANGE_LAST;;1;1;XEUR;10804524;688;
01.11.2024;11:59:53.193;FGBL SI 20241206 PS;SIMPLE_INSTRUMENT;EFS;EUR;89;131.69000000;590;EXCHANGE_LAST;;1;1;XEUR;10804524;688;
01.11.2024;12:00:00.549;FGBL SI 20241206 PS;SIMPLE_INSTRUMENT;EFS;EUR;90;131.87000000;433;EXCHANGE_LAST;;1;1;XEUR;10804524;688;
01.11.2024;12:00:33.377;FGBL SI 20241206 PS;SIMPLE_INSTRUMENT;EFS;EUR;91;131.84000000;432;EXCHANGE_LAST;;1;1;XEUR;10804524;688;
01.11.2024;12:01:44.329;FGBL SI 20241206 PS;SIMPLE_INSTRUMENT;EFS;EUR;92;131.86000000;216;EXCHANGE_LAST;;1;1;XEUR;10804524;688;
01.11.2024;12:04:51.839;FGBL SI 20241206 PS;SIMPLE_INSTRUMENT;EFP_FIN;EUR;93;131.59000000;387;EXCHANGE_LAST;;1;1;XEUR;10804524;688;
01.11.2024;12:04:17.968;FGBL SI 20241206 PS;SIMPLE_INSTRUMENT;EFS;EUR;94;131.72000000;226;EXCHANGE_LAST;;1;1;XEUR;10804524;688;
01.11.2024;12:16:20.400;FGBL SI 20241206 PS;SIMPLE_INSTRUMENT;EFS;EUR;95;131.85000000;393;EXCHANGE_LAST;;1;1;XEUR;10804524;688;
01.11.2024;12:19:29.536;FGBL SI 20241206 PS;SIMPLE_INSTRUMENT;EFS;EUR;96;131.86000000;98;EXCHANGE_LAST;;1;1;XEUR;10804524;688;
01.11.2024;12:21:40.035;FGBL SI 20241206 PS;SIMPLE_INSTRUMENT;EFS;EUR;97;131.86000000;198;EXCHANGE_LAST;;1;1;XEUR;10804524;688;
01.11.2024;12:22:40.192;FGBL SI 20241206 PS;SIMPLE_INSTRUMENT;EFS;EUR;98;131.84000000;120;EXCHANGE_LAST;;1;1;XEUR;10804524;688;
01.11.2024;12:26:22.670;FGBL SI 20241206 PS;SIMPLE_INSTRUMENT;EFS;EUR;99;131.80000000;216;EXCHANGE_LAST;;1;1;XEUR;10804524;688;
01.11.2024;12:27:04.133;FGBL SI 20241206 PS;SIMPLE_INSTRUMENT;EFS;EUR;100;131.74000000;246;EXCHANGE_LAST;;1;1;XEUR;10804524;688;
01.11.2024;12:27:00.912;FGBL SI 20241206 PS;SIMPLE_INSTRUMENT;EFS;EUR;101;131.80000000;296;EXCHANGE_LAST;;1;1;XEUR;10804524;688;
01.11.2024;12:31:28.113;FGBL SI 20241206 PS;SIMPLE_INSTRUMENT;EFS;EUR;102;131.77000000;1295;EXCHANGE_LAST;;1;1;XEUR;10804524;688;
01.11.2024;12:33:05.764;FGBL SI 20241206 PS;SIMPLE_INSTRUMENT;EFS;EUR;103;131.78000000;432;EXCHANGE_LAST;;1;1;XEUR;10804524;688;
01.11.2024;12:36:43.511;FGBL SI 20241206 PS;SIMPLE_INSTRUMENT;EFS;EUR;104;131.75000000;199;EXCHANGE_LAST;;1;1;XEUR;10804524;688;
01.11.2024;12:37:35.233;FGBL SI 20241206 PS;SIMPLE_INSTRUMENT;EFS;EUR;105;131.76000000;432;EXCHANGE_LAST;;1;1;XEUR;10804524;688;
01.11.2024;12:40:52.950;FGBL SI 20241206 PS;SIMPLE_INSTRUMENT;EFS;EUR;106;131.87000000;589;EXCHANGE_LAST;;1;1;XEUR;10804524;688;
01.11.2024;12:46:09.247;FGBL SI 20241206 PS;SIMPLE_INSTRUMENT;EFS;EUR;107;131.76000000;432;EXCHANGE_LAST;;1;1;XEUR;10804524;688;
01.11.2024;12:54:47.321;FGBL SI 20241206 PS;SIMPLE_INSTRUMENT;EFS;EUR;108;132.11000000;192;EXCHANGE_LAST;;1;1;XEUR;10804524;688;
01.11.2024;13:01:22.259;FGBL SI 20241206 PS;SIMPLE_INSTRUMENT;EFS;EUR;109;132.09000000;431;EXCHANGE_LAST;;1;1;XEUR;10804524;688;
01.11.2024;13:02:41.363;FGBL SI 20241206 PS;SIMPLE_INSTRUMENT;EFS;EUR;110;132.09000000;431;EXCHANGE_LAST;;1;1;XEUR;10804524;688;
01.11.2024;13:08:10.012;FGBL SI 20241206 PS;SIMPLE_INSTRUMENT;EFS;EUR;111;132.10000000;301;EXCHANGE_LAST;;1;1;XEUR;10804524;688;
01.11.2024;13:08:31.688;FGBL SI 20241206 PS;SIMPLE_INSTRUMENT;EFS;EUR;112;132.01000000;862;EXCHANGE_LAST;;1;1;XEUR;10804524;688;
01.11.2024;13:09:42.563;FGBL SI 20241206 PS;SIMPLE_INSTRUMENT;EFS;EUR;113;132.02000000;431;EXCHANGE_LAST;;1;1;XEUR;10804524;688;
01.11.2024;13:15:03.131;FGBL SI 20241206 PS;SIMPLE_INSTRUMENT;EFS;EUR;114;131.99000000;216;EXCHANGE_LAST;;1;1;XEUR;10804524;688;
01.11.2024;13:24:32.761;FGBL SI 20241206 PS;SIMPLE_INSTRUMENT;EFP_FIN;EUR;115;131.92000000;1937;EXCHANGE_LAST;;1;1;XEUR;10804524;688;
01.11.2024;13:37:43.703;FGBL SI 20241206 PS;SIMPLE_INSTRUMENT;EFS;EUR;116;131.96000000;216;EXCHANGE_LAST;;1;1;XEUR;10804524;688;
01.11.2024;13:40:49.327;FGBL SI 20241206 PS;SIMPLE_INSTRUMENT;EFP_FIN;EUR;117;132.05000000;54;EXCHANGE_LAST;;1;1;XEUR;10804524;688;
01.11.2024;13:45:57.430;FGBL SI 20241206 PS;SIMPLE_INSTRUMENT;EFS;EUR;118;131.84000000;492;EXCHANGE_LAST;;1;1;XEUR;10804524;688;
01.11.2024;13:53:51.983;FGBL SI 20241206 PS;SIMPLE_INSTRUMENT;EFS;EUR;119;131.98000000;200;EXCHANGE_LAST;;1;1;XEUR;10804524;688;
01.11.2024;13:58:43.542;FGBL SI 20241206 PS;SIMPLE_INSTRUMENT;EFP_FIN;EUR;120;131.46000000;155;EXCHANGE_LAST;;1;1;XEUR;10804524;688;
01.11.2024;14:24:09.563;FGBL SI 20241206 PS;SIMPLE_INSTRUMENT;EFS;EUR;121;131.73000000;216;EXCHANGE_LAST;;1;1;XEUR;10804524;688;
01.11.2024;14:25:59.874;FGBL SI 20241206 PS;SIMPLE_INSTRUMENT;EFS;EUR;122;131.81000000;432;EXCHANGE_LAST;;1;1;XEUR;10804524;688;
01.11.2024;14:26:59.928;FGBL SI 20241206 PS;SIMPLE_INSTRUMENT;EFS;EUR;123;131.84000000;432;EXCHANGE_LAST;;1;1;XEUR;10804524;688;
01.11.2024;14:27:39.961;FGBL SI 20241206 PS;SIMPLE_INSTRUMENT;EFS;EUR;124;131.84000000;865;EXCHANGE_LAST;;1;1;XEUR;10804524;688;
01.11.2024;14:29:36.877;FGBL SI 20241206 PS;SIMPLE_INSTRUMENT;EFS;EUR;125;131.77000000;432;EXCHANGE_LAST;;1;1;XEUR;10804524;688;
01.11.2024;14:30:25.135;FGBL SI 20241206 PS;SIMPLE_INSTRUMENT;EFS;EUR;126;131.79000000;216;EXCHANGE_LAST;;1;1;XEUR;10804524;688;
01.11.2024;14:35:09.104;FGBL SI 20241206 PS;SIMPLE_INSTRUMENT;EFP_FIN;EUR;127;131.89000000;161;EXCHANGE_LAST;;1;1;XEUR;10804524;688;
01.11.2024;14:44:25.410;FGBL SI 20241206 PS;SIMPLE_INSTRUMENT;EFS;EUR;128;131.85000000;616;EXCHANGE_LAST;;1;1;XEUR;10804524;688;
01.11.2024;14:46:39.159;FGBL SI 20241206 PS;SIMPLE_INSTRUMENT;EFS;EUR;129;131.94000000;214;EXCHANGE_LAST;;1;1;XEUR;10804524;688;
01.11.2024;14:54:41.485;FGBL SI 20241206 PS;SIMPLE_INSTRUMENT;EFS;EUR;130;131.83000000;302;EXCHANGE_LAST;;1;1;XEUR;10804524;688;
01.11.2024;14:57:28.417;FGBL SI 20241206 PS;SIMPLE_INSTRUMENT;EFS;EUR;131;131.87000000;431;EXCHANGE_LAST;;1;1;XEUR;10804524;688;
01.11.2024;14:58:23.297;FGBL SI 20241206 PS;SIMPLE_INSTRUMENT;EFS;EUR;132;131.80000000;432;EXCHANGE_LAST;;1;1;XEUR;10804524;688;
01.11.2024;14:59:00.809;FGBL SI 20241206 PS;SIMPLE_INSTRUMENT;EFS;EUR;133;131.80000000;432;EXCHANGE_LAST;;1;1;XEUR;10804524;688;
01.11.2024;15:14:07.716;FGBL SI 20241206 PS;SIMPLE_INSTRUMENT;EFS;EUR;134;131.67000000;432;EXCHANGE_LAST;;1;1;XEUR;10804524;688;
01.11.2024;15:15:32.255;FGBL SI 20241206 PS;SIMPLE_INSTRUMENT;EFS;EUR;135;131.69000000;432;EXCHANGE_LAST;;1;1;XEUR;10804524;688;
01.11.2024;15:19:48.820;FGBL SI 20241206 PS;SIMPLE_INSTRUMENT;EFS;EUR;136;131.78000000;590;EXCHANGE_LAST;;1;1;XEUR;10804524;688;
01.11.2024;15:38:04.049;FGBL SI 20241206 PS;SIMPLE_INSTRUMENT;EFP_FIN;EUR;137;131.81000000;880;EXCHANGE_LAST;;1;1;XEUR;10804524;688;
01.11.2024;15:41:43.468;FGBL SI 20241206 PS;SIMPLE_INSTRUMENT;EFP_FIN;EUR;138;131.50000000;98;EXCHANGE_LAST;;1;1;XEUR;10804524;688;
01.11.2024;15:44:01.513;FGBL SI 20241206 PS;SIMPLE_INSTRUMENT;EFP_FIN;EUR;139;131.73000000;1550;EXCHANGE_LAST;;1;1;XEUR;10804524;688;
01.11.2024;15:44:35.333;FGBL SI 20241206 PS;SIMPLE_INSTRUMENT;EFS;EUR;140;131.81000000;737;EXCHANGE_LAST;;1;1;XEUR;10804524;688;
01.11.2024;15:48:14.199;FGBL SI 20241206 PS;SIMPLE_INSTRUMENT;EFS;EUR;141;131.76000000;885;EXCHANGE_LAST;;1;1;XEUR;10804524;688;
01.11.2024;15:51:53.711;FGBL SI 20241206 PS;SIMPLE_INSTRUMENT;EFS;EUR;142;131.71000000;433;EXCHANGE_LAST;;1;1;XEUR;10804524;688;
01.11.2024;15:54:38.841;FGBL SI 20241206 PS;SIMPLE_INSTRUMENT;EFS;EUR;143;131.70000000;433;EXCHANGE_LAST;;1;1;XEUR;10804524;688;
01.11.2024;16:03:45.959;FGBL SI 20241206 PS;SIMPLE_INSTRUMENT;EFP_FIN;EUR;144;131.81000000;957;EXCHANGE_LAST;;1;1;XEUR;10804524;688;
01.11.2024;16:09:26.526;FGBL SI 20241206 PS;SIMPLE_INSTRUMENT;EFS;EUR;145;131.69000000;216;EXCHANGE_LAST;;1;1;XEUR;10804524;688;
01.11.2024;16:22:58.790;FGBL SI 20241206 PS;SIMPLE_INSTRUMENT;EFS;EUR;146;131.65000000;302;EXCHANGE_LAST;;1;1;XEUR;10804524;688;
01.11.2024;16:29:17.264;FGBL SI 20241206 PS;SIMPLE_INSTRUMENT;EFS;EUR;147;131.71000000;181;EXCHANGE_LAST;;1;1;XEUR;10804524;688;
01.11.2024;16:33:42.918;FGBL SI 20241206 PS;SIMPLE_INSTRUMENT;EFS;EUR;148;131.67000000;216;EXCHANGE_LAST;;1;1;XEUR;10804524;688;
01.11.2024;16:47:08.602;FGBL SI 20241206 PS;SIMPLE_INSTRUMENT;EFS;EUR;149;131.66000000;591;EXCHANGE_LAST;;1;1;XEUR;10804524;688;
01.11.2024;16:49:17.483;FGBL SI 20241206 PS;SIMPLE_INSTRUMENT;EFP_FIN;EUR;150;131.65000000;92;EXCHANGE_LAST;;1;1;XEUR;10804524;688;
01.11.2024;16:49:38.075;FGBL SI 20241206 PS;SIMPLE_INSTRUMENT;EFS;EUR;151;131.67000000;800;EXCHANGE_LAST;;1;1;XEUR;10804524;688;
01.11.2024;16:49:38.079;FGBL SI 20241206 PS;SIMPLE_INSTRUMENT;EFS;EUR;152;131.62000000;433;EXCHANGE_LAST;;1;1;XEUR;10804524;688;
01.11.2024;16:51:11.161;FGBL SI 20241206 PS;SIMPLE_INSTRUMENT;EFS;EUR;153;131.64000000;432;EXCHANGE_LAST;;1;1;XEUR;10804524;688;
01.11.2024;17:26:20.720;FGBL SI 20241206 PS;SIMPLE_INSTRUMENT;BLOCK;EUR;154;131.72000000;3000;EXCHANGE_LAST;;1;1;XEUR;10804524;688;
01.11.2024;07:38:38.096;FGBL SI 20250306 PS;SIMPLE_INSTRUMENT;VOLA;EUR;268435459;133.20000000;190;EXCHANGE_LAST;;1;1;XEUR;11286679;688;
01.11.2024;07:39:46.321;FGBL SI 20250306 PS;SIMPLE_INSTRUMENT;VOLA;EUR;268435460;133.20000000;27;EXCHANGE_LAST;;1;1;XEUR;11286679;688;
01.11.2024;09:30:23.801;FGBL SI 20241206 PS;SIMPLE_INSTRUMENT;VOLA;EUR;268435466;131.49000000;55;EXCHANGE_LAST;;1;1;XEUR;10804524;688;
01.11.2024;09:30:24.417;FGBL SI 20241206 PS;SIMPLE_INSTRUMENT;VOLA;EUR;268435467;131.49000000;55;EXCHANGE_LAST;;1;1;XEUR;10804524;688;
01.11.2024;15:36:57.686;FGBL SI 20241206 PS;SIMPLE_INSTRUMENT;VOLA;EUR;268435512;131.72000000;115;EXCHANGE_LAST;;1;1;XEUR;10804524;688;
01.11.2024;07:48:00.270;FGBM SI 20241206 PS;SIMPLE_INSTRUMENT;EFS;EUR;1;118.12000000;860;EXCHANGE_LAST;;1;1;XEUR;10804525;689;
01.11.2024;08:01:33.103;FGBM SI 20241206 PS;SIMPLE_INSTRUMENT;EFS;EUR;2;118.07000000;863;EXCHANGE_LAST;;1;1;XEUR;10804525;689;
01.11.2024;08:06:37.470;FGBM SI 20241206 PS;SIMPLE_INSTRUMENT;EFS;EUR;3;118.08000000;404;EXCHANGE_LAST;;1;1;XEUR;10804525;689;
01.11.2024;08:07:30.674;FGBM SI 20241206 PS;SIMPLE_INSTRUMENT;EFS;EUR;4;118.08000000;456;EXCHANGE_LAST;;1;1;XEUR;10804525;689;
01.11.2024;08:11:27.529;FGBM SI 20241206 PS;SIMPLE_INSTRUMENT;EFS;EUR;5;118.06000000;2588;EXCHANGE_LAST;;1;1;XEUR;10804525;689;
01.11.2024;08:15:46.457;FGBM SI 20241206 PS;SIMPLE_INSTRUMENT;EFS;EUR;6;118.07000000;1873;EXCHANGE_LAST;;1;1;XEUR;10804525;689;
01.11.2024;08:21:45.006;FGBM SI 20241206 PS;SIMPLE_INSTRUMENT;EFS;EUR;7;118.09000000;489;EXCHANGE_LAST;;1;1;XEUR;10804525;689;
01.11.2024;08:27:05.237;FGBM SI 20241206 PS;SIMPLE_INSTRUMENT;EFS;EUR;8;118.06000000;431;EXCHANGE_LAST;;1;1;XEUR;10804525;689;
01.11.2024;08:28:55.879;FGBM SI 20241206 PS;SIMPLE_INSTRUMENT;EFS;EUR;9;118.07000000;1873;EXCHANGE_LAST;;1;1;XEUR;10804525;689;
01.11.2024;08:42:56.408;FGBM SI 20241206 PS;SIMPLE_INSTRUMENT;EFP_FIN;EUR;10;118.09000000;766;EXCHANGE_LAST;;1;1;XEUR;10804525;689;
01.11.2024;08:44:15.520;FGBM SI 20241206 PS;SIMPLE_INSTRUMENT;EFP_FIN;EUR;11;118.08000000;355;EXCHANGE_LAST;;1;1;XEUR;10804525;689;
01.11.2024;08:44:30.210;FGBM SI 20241206 PS;SIMPLE_INSTRUMENT;EFS;EUR;12;118.05000000;647;EXCHANGE_LAST;;1;1;XEUR;10804525;689;
01.11.2024;08:47:45.440;FGBM SI 20241206 PS;SIMPLE_INSTRUMENT;EFS;EUR;13;118.09000000;412;EXCHANGE_LAST;;1;1;XEUR;10804525;689;
01.11.2024;08:48:30.394;FGBM SI 20241206 PS;SIMPLE_INSTRUMENT;EFP_FIN;EUR;14;118.09000000;887;EXCHANGE_LAST;;1;1;XEUR;10804525;689;
01.11.2024;09:09:08.883;FGBM SI 20241206 PS;SIMPLE_INSTRUMENT;EFP_FIN;EUR;15;118.05000000;448;EXCHANGE_LAST;;1;1;XEUR;10804525;689;
01.11.2024;09:26:15.443;FGBM SI 20241206 PS;SIMPLE_INSTRUMENT;EFP_FIN;EUR;16;118.03000000;128;EXCHANGE_LAST;;1;1;XEUR;10804525;689;
01.11.2024;09:31:30.170;FGBM SI 20241206 PS;SIMPLE_INSTRUMENT;EFP_FIN;EUR;17;118.05000000;179;EXCHANGE_LAST;;1;1;XEUR;10804525;689;
01.11.2024;09:34:44.503;FGBM SI 20241206 PS;SIMPLE_INSTRUMENT;EFS;EUR;18;118.06000000;1728;EXCHANGE_LAST;;1;1;XEUR;10804525;689;
01.11.2024;09:38:04.550;FGBM SI 20241206 PS;SIMPLE_INSTRUMENT;EFP_FIN;EUR;19;118.05000000;224;EXCHANGE_LAST;;1;1;XEUR;10804525;689;
01.11.2024;09:43:28.273;FGBM SI 20241206 PS;SIMPLE_INSTRUMENT;EFS;EUR;20;118.04000000;814;EXCHANGE_LAST;;1;1;XEUR;10804525;689;
01.11.2024;09:48:43.734;FGBM SI 20241206 PS;SIMPLE_INSTRUMENT;EFS;EUR;21;118.06000000;863;EXCHANGE_LAST;;1;1;XEUR;10804525;689;
01.11.2024;09:48:54.759;FGBM SI 20241206 PS;SIMPLE_INSTRUMENT;EFS;EUR;22;118.06000000;215;EXCHANGE_LAST;;1;1;XEUR;10804525;689;
01.11.2024;09:50:20.926;FGBM SI 20241206 PS;SIMPLE_INSTRUMENT;EFS;EUR;23;118.06000000;353;EXCHANGE_LAST;;1;1;XEUR;10804525;689;
01.11.2024;09:56:59.150;FGBM SI 20241206 PS;SIMPLE_INSTRUMENT;EFS;EUR;24;118.07000000;1499;EXCHANGE_LAST;;1;1;XEUR;10804525;689;
01.11.2024;10:06:37.305;FGBM SI 20241206 PS;SIMPLE_INSTRUMENT;EFP_FIN;EUR;25;118.09000000;139;EXCHANGE_LAST;;1;1;XEUR;10804525;689;
01.11.2024;10:11:32.043;FGBM SI 20241206 PS;SIMPLE_INSTRUMENT;EFS;EUR;26;118.08000000;187;EXCHANGE_LAST;;1;1;XEUR;10804525;689;
01.11.2024;10:25:11.980;FGBM SI 20241206 PS;SIMPLE_INSTRUMENT;EFS;EUR;27;118.09000000;936;EXCHANGE_LAST;;1;1;XEUR;10804525;689;
01.11.2024;10:26:16.032;FGBM SI 20241206 PS;SIMPLE_INSTRUMENT;EFS;EUR;28;118.07000000;937;EXCHANGE_LAST;;1;1;XEUR;10804525;689;
01.11.2024;10:28:51.748;FGBM SI 20241206 PS;SIMPLE_INSTRUMENT;EFS;EUR;29;118.13000000;862;EXCHANGE_LAST;;1;1;XEUR;10804525;689;
01.11.2024;10:48:36.013;FGBM SI 20241206 PS;SIMPLE_INSTRUMENT;EFP_FIN;EUR;30;118.12000000;428;EXCHANGE_LAST;;1;1;XEUR;10804525;689;
01.11.2024;10:49:41.821;FGBM SI 20241206 PS;SIMPLE_INSTRUMENT;EFS;EUR;31;118.10000000;1872;EXCHANGE_LAST;;1;1;XEUR;10804525;689;
01.11.2024;11:14:47.199;FGBM SI 20241206 PS;SIMPLE_INSTRUMENT;EFS;EUR;32;118.11000000;2587;EXCHANGE_LAST;;1;1;XEUR;10804525;689;
01.11.2024;11:18:32.523;FGBM SI 20241206 PS;SIMPLE_INSTRUMENT;EFP_FIN;EUR;33;118.13000000;503;EXCHANGE_LAST;;1;1;XEUR;10804525;689;
01.11.2024;11:17:40.303;FGBM SI 20241206 PS;SIMPLE_INSTRUMENT;EFP_FIN;EUR;34;118.12000000;294;EXCHANGE_LAST;;1;1;XEUR;10804525;689;
01.11.2024;11:19:21.756;FGBM SI 20241206 PS;SIMPLE_INSTRUMENT;EFS;EUR;35;118.17000000;1404;EXCHANGE_LAST;;1;1;XEUR;10804525;689;
01.11.2024;11:34:06.873;FGBM SI 20241206 PS;SIMPLE_INSTRUMENT;EFS;EUR;36;118.11000000;1724;EXCHANGE_LAST;;1;1;XEUR;10804525;689;
01.11.2024;11:38:48.343;FGBM SI 20241206 PS;SIMPLE_INSTRUMENT;EFS;EUR;37;118.16000000;1857;EXCHANGE_LAST;;1;1;XEUR;10804525;689;
01.11.2024;11:39:23.113;FGBM SI 20241206 PS;SIMPLE_INSTRUMENT;EFP_FIN;EUR;38;118.12000000;428;EXCHANGE_LAST;;1;1;XEUR;10804525;689;
01.11.2024;11:45:34.057;FGBM SI 20241206 PS;SIMPLE_INSTRUMENT;EFS;EUR;39;118.10000000;828;EXCHANGE_LAST;;1;1;XEUR;10804525;689;
01.11.2024;11:49:56.635;FGBM SI 20241206 PS;SIMPLE_INSTRUMENT;EFP_FIN;EUR;40;118.12000000;424;EXCHANGE_LAST;;1;1;XEUR;10804525;689;
01.11.2024;11:56:08.061;FGBM SI 20241206 PS;SIMPLE_INSTRUMENT;EFP_FIN;EUR;41;118.16000000;339;EXCHANGE_LAST;;1;1;XEUR;10804525;689;
01.11.2024;11:58:58.603;FGBM SI 20241206 PS;SIMPLE_INSTRUMENT;EFS;EUR;42;118.12000000;1498;EXCHANGE_LAST;;1;1;XEUR;10804525;689;
01.11.2024;12:10:51.919;FGBM SI 20241206 PS;SIMPLE_INSTRUMENT;EFS;EUR;43;118.22000000;860;EXCHANGE_LAST;;1;1;XEUR;10804525;689;
01.11.2024;12:15:33.057;FGBM SI 20241206 PS;SIMPLE_INSTRUMENT;EFS;EUR;44;118.22000000;921;EXCHANGE_LAST;;1;1;XEUR;10804525;689;
01.11.2024;12:23:41.183;FGBM SI 20241206 PS;SIMPLE_INSTRUMENT;EFS;EUR;45;118.22000000;559;EXCHANGE_LAST;;1;1;XEUR;10804525;689;
01.11.2024;12:29:09.702;FGBM SI 20241206 PS;SIMPLE_INSTRUMENT;EFS;EUR;46;118.17000000;2442;EXCHANGE_LAST;;1;1;XEUR;10804525;689;
01.11.2024;12:30:01.372;FGBM SI 20241206 PS;SIMPLE_INSTRUMENT;EFS;EUR;47;118.17000000;814;EXCHANGE_LAST;;1;1;XEUR;10804525;689;
01.11.2024;12:35:03.262;FGBM SI 20241206 PS;SIMPLE_INSTRUMENT;EFS;EUR;48;118.17000000;374;EXCHANGE_LAST;;1;1;XEUR;10804525;689;
01.11.2024;12:50:00.638;FGBM SI 20241206 PS;SIMPLE_INSTRUMENT;EFS;EUR;49;118.37000000;857;EXCHANGE_LAST;;1;1;XEUR;10804525;689;
01.11.2024;13:06:16.119;FGBM SI 20241206 PS;SIMPLE_INSTRUMENT;EFS;EUR;50;118.44000000;933;EXCHANGE_LAST;;1;1;XEUR;10804525;689;
01.11.2024;13:21:47.476;FGBM SI 20241206 PS;SIMPLE_INSTRUMENT;EFS;EUR;52;118.37000000;481;EXCHANGE_LAST;;1;1;XEUR;10804525;689;
01.11.2024;13:25:42.956;FGBM SI 20241206 PS;SIMPLE_INSTRUMENT;EFS;EUR;53;118.35000000;407;EXCHANGE_LAST;;1;1;XEUR;10804525;689;
01.11.2024;13:35:29.077;FGBM SI 20241206 PS;SIMPLE_INSTRUMENT;EFS;EUR;54;118.33000000;430;EXCHANGE_LAST;;1;1;XEUR;10804525;689;
01.11.2024;13:36:28.662;FGBM SI 20241206 PS;SIMPLE_INSTRUMENT;EFS;EUR;55;118.31000000;645;EXCHANGE_LAST;;1;1;XEUR;10804525;689;
01.11.2024;13:55:13.297;FGBM SI 20241206 PS;SIMPLE_INSTRUMENT;EFP_FIN;EUR;56;118.30000000;224;EXCHANGE_LAST;;1;1;XEUR;10804525;689;
01.11.2024;14:14:32.719;FGBM SI 20241206 PS;SIMPLE_INSTRUMENT;EFP_FIN;EUR;57;118.28000000;334;EXCHANGE_LAST;;1;1;XEUR;10804525;689;
01.11.2024;14:35:37.810;FGBM SI 20241206 PS;SIMPLE_INSTRUMENT;EFP_FIN;EUR;58;118.25000000;120;EXCHANGE_LAST;;1;1;XEUR;10804525;689;
01.11.2024;14:37:15.761;FGBM SI 20241206 PS;SIMPLE_INSTRUMENT;EFS;EUR;59;118.29000000;935;EXCHANGE_LAST;;1;1;XEUR;10804525;689;
01.11.2024;14:38:24.761;FGBM SI 20241206 PS;SIMPLE_INSTRUMENT;EFS;EUR;60;118.32000000;934;EXCHANGE_LAST;;1;1;XEUR;10804525;689;
01.11.2024;14:58:26.603;FGBM SI 20241206 PS;SIMPLE_INSTRUMENT;EFS;EUR;61;118.24000000;748;EXCHANGE_LAST;;1;1;XEUR;10804525;689;
01.11.2024;15:07:03.190;FGBM SI 20241206 PS;SIMPLE_INSTRUMENT;EFS;EUR;62;118.30000000;934;EXCHANGE_LAST;;1;1;XEUR;10804525;689;
01.11.2024;15:11:55.111;FGBM SI 20241206 PS;SIMPLE_INSTRUMENT;EFS;EUR;63;118.20000000;748;EXCHANGE_LAST;;1;1;XEUR;10804525;689;
01.11.2024;15:18:40.363;FGBM SI 20241206 PS;SIMPLE_INSTRUMENT;EFS;EUR;65;118.19000000;1293;EXCHANGE_LAST;;1;1;XEUR;10804525;689;
01.11.2024;15:18:47.678;FGBM SI 20241206 PS;SIMPLE_INSTRUMENT;EFS;EUR;66;118.22000000;935;EXCHANGE_LAST;;1;1;XEUR;10804525;689;
01.11.2024;15:18:49.487;FGBM SI 20241206 PS;SIMPLE_INSTRUMENT;EFS;EUR;67;118.20000000;1497;EXCHANGE_LAST;;1;1;XEUR;10804525;689;
01.11.2024;15:21:28.769;FGBM SI 20241206 PS;SIMPLE_INSTRUMENT;EFS;EUR;68;118.21000000;1291;EXCHANGE_LAST;;1;1;XEUR;10804525;689;
01.11.2024;15:21:55.679;FGBM SI 20241206 PS;SIMPLE_INSTRUMENT;EFS;EUR;69;118.18000000;1403;EXCHANGE_LAST;;1;1;XEUR;10804525;689;
01.11.2024;15:23:17.785;FGBM SI 20241206 PS;SIMPLE_INSTRUMENT;EFS;EUR;71;118.23000000;936;EXCHANGE_LAST;;1;1;XEUR;10804525;689;
01.11.2024;15:28:41.486;FGBM SI 20241206 PS;SIMPLE_INSTRUMENT;EFS;EUR;72;118.25000000;860;EXCHANGE_LAST;;1;1;XEUR;10804525;689;
01.11.2024;15:29:52.602;FGBM SI 20241206 PS;SIMPLE_INSTRUMENT;EFS;EUR;73;118.25000000;430;EXCHANGE_LAST;;1;1;XEUR;10804525;689;
01.11.2024;15:32:40.009;FGBM SI 20241206 PS;SIMPLE_INSTRUMENT;EFS;EUR;74;118.26000000;430;EXCHANGE_LAST;;1;1;XEUR;10804525;689;
01.11.2024;15:39:38.017;FGBM SI 20241206 PS;SIMPLE_INSTRUMENT;EFS;EUR;75;118.21000000;1293;EXCHANGE_LAST;;1;1;XEUR;10804525;689;
01.11.2024;16:03:09.953;FGBM SI 20241206 PS;SIMPLE_INSTRUMENT;EFP_FIN;EUR;76;118.18000000;201;EXCHANGE_LAST;;1;1;XEUR;10804525;689;
01.11.2024;16:03:57.710;FGBM SI 20241206 PS;SIMPLE_INSTRUMENT;EFS;EUR;77;118.20000000;430;EXCHANGE_LAST;;1;1;XEUR;10804525;689;
01.11.2024;16:15:49.996;FGBM SI 20241206 PS;SIMPLE_INSTRUMENT;EFP_FIN;EUR;78;118.21000000;447;EXCHANGE_LAST;;1;1;XEUR;10804525;689;
01.11.2024;16:21:25.014;FGBM SI 20241206 PS;SIMPLE_INSTRUMENT;EFS;EUR;79;118.19000000;860;EXCHANGE_LAST;;1;1;XEUR;10804525;689;
01.11.2024;16:44:09.249;FGBM SI 20241206 PS;SIMPLE_INSTRUMENT;EFP_FIN;EUR;80;118.18000000;428;EXCHANGE_LAST;;1;1;XEUR;10804525;689;
01.11.2024;16:47:47.937;FGBM SI 20241206 PS;SIMPLE_INSTRUMENT;EFP_FIN;EUR;81;118.19000000;84;EXCHANGE_LAST;;1;1;XEUR;10804525;689;
01.11.2024;16:48:33.426;FGBM SI 20241206 PS;SIMPLE_INSTRUMENT;EFS;EUR;82;118.21000000;7000;EXCHANGE_LAST;;1;1;XEUR;10804525;689;
01.11.2024;17:03:56.405;FGBM SI 20241206 PS;SIMPLE_INSTRUMENT;EFS;EUR;83;118.20000000;1497;EXCHANGE_LAST;;1;1;XEUR;10804525;689;
01.11.2024;08:14:14.505;FGBS SI 20241206 PS;SIMPLE_INSTRUMENT;EFS;EUR;1;106.53000000;5461;EXCHANGE_LAST;;1;1;XEUR;10804527;690;
01.11.2024;08:16:24.032;FGBS SI 20241206 PS;SIMPLE_INSTRUMENT;EFP_FIN;EUR;2;106.53000000;713;EXCHANGE_LAST;;1;1;XEUR;10804527;690;
01.11.2024;08:27:40.092;FGBS SI 20241206 PS;SIMPLE_INSTRUMENT;EFS;EUR;3;106.55000000;2730;EXCHANGE_LAST;;1;1;XEUR;10804527;690;
01.11.2024;08:41:19.356;FGBS SI 20241206 PS;SIMPLE_INSTRUMENT;EFS;EUR;4;106.54000000;5460;EXCHANGE_LAST;;1;1;XEUR;10804527;690;
01.11.2024;08:42:07.191;FGBS SI 20241206 PS;SIMPLE_INSTRUMENT;EFS;EUR;5;106.53500000;5461;EXCHANGE_LAST;;1;1;XEUR;10804527;690;
01.11.2024;08:48:51.985;FGBS SI 20241206 PS;SIMPLE_INSTRUMENT;EFS;EUR;6;106.54500000;819;EXCHANGE_LAST;;1;1;XEUR;10804527;690;
01.11.2024;08:54:13.785;FGBS SI 20241206 PS;SIMPLE_INSTRUMENT;EFS;EUR;7;106.52500000;765;EXCHANGE_LAST;;1;1;XEUR;10804527;690;
01.11.2024;09:08:01.466;FGBS SI 20241206 PS;SIMPLE_INSTRUMENT;EFS;EUR;8;106.54000000;10048;EXCHANGE_LAST;;1;1;XEUR;10804527;690;
01.11.2024;09:16:32.490;FGBS SI 20241206 PS;SIMPLE_INSTRUMENT;BLOCK;EUR;9;106.55000000;13835;EXCHANGE_LAST;;1;1;XEUR;10804527;690;
01.11.2024;09:35:08.755;FGBS SI 20241206 PS;SIMPLE_INSTRUMENT;EFS;EUR;10;106.55000000;11489;EXCHANGE_LAST;;1;1;XEUR;10804527;690;
01.11.2024;09:51:45.760;FGBS SI 20241206 PS;SIMPLE_INSTRUMENT;EFP_FIN;EUR;11;106.55000000;664;EXCHANGE_LAST;;1;1;XEUR;10804527;690;
01.11.2024;09:57:04.799;FGBS SI 20241206 PS;SIMPLE_INSTRUMENT;EFS;EUR;12;106.53500000;1191;EXCHANGE_LAST;;1;1;XEUR;10804527;690;
01.11.2024;09:58:09.308;FGBS SI 20241206 PS;SIMPLE_INSTRUMENT;EFS;EUR;13;106.55000000;1092;EXCHANGE_LAST;;1;1;XEUR;10804527;690;
01.11.2024;09:59:06.072;FGBS SI 20241206 PS;SIMPLE_INSTRUMENT;EFP_FIN;EUR;14;106.55000000;664;EXCHANGE_LAST;;1;1;XEUR;10804527;690;
01.11.2024;10:13:23.688;FGBS SI 20241206 PS;SIMPLE_INSTRUMENT;EFP_FIN;EUR;15;106.54000000;524;EXCHANGE_LAST;;1;1;XEUR;10804527;690;
01.11.2024;10:13:13.778;FGBS SI 20241206 PS;SIMPLE_INSTRUMENT;EFP_FIN;EUR;16;106.55000000;473;EXCHANGE_LAST;;1;1;XEUR;10804527;690;
01.11.2024;10:29:26.682;FGBS SI 20241206 PS;SIMPLE_INSTRUMENT;EFS;EUR;17;106.56500000;10044;EXCHANGE_LAST;;1;1;XEUR;10804527;690;
01.11.2024;10:31:58.962;FGBS SI 20241206 PS;SIMPLE_INSTRUMENT;EFP_FIN;EUR;18;106.56000000;473;EXCHANGE_LAST;;1;1;XEUR;10804527;690;
01.11.2024;10:42:29.431;FGBS SI 20241206 PS;SIMPLE_INSTRUMENT;EFP_FIN;EUR;19;106.54000000;262;EXCHANGE_LAST;;1;1;XEUR;10804527;690;
01.11.2024;10:52:47.943;FGBS SI 20241206 PS;SIMPLE_INSTRUMENT;EFP_FIN;EUR;20;106.56500000;206;EXCHANGE_LAST;;1;1;XEUR;10804527;690;
01.11.2024;10:53:16.264;FGBS SI 20241206 PS;SIMPLE_INSTRUMENT;EFP_FIN;EUR;21;106.56500000;2105;EXCHANGE_LAST;;1;1;XEUR;10804527;690;
01.11.2024;10:59:39.553;FGBS SI 20241206 PS;SIMPLE_INSTRUMENT;EFP_FIN;EUR;22;106.56000000;889;EXCHANGE_LAST;;1;1;XEUR;10804527;690;
01.11.2024;11:10:26.955;FGBS SI 20241206 PS;SIMPLE_INSTRUMENT;EFP_FIN;EUR;23;106.57500000;159;EXCHANGE_LAST;;1;1;XEUR;10804527;690;
01.11.2024;11:10:33.827;FGBS SI 20241206 PS;SIMPLE_INSTRUMENT;EFP_FIN;EUR;24;106.56000000;589;EXCHANGE_LAST;;1;1;XEUR;10804527;690;
01.11.2024;11:17:04.970;FGBS SI 20241206 PS;SIMPLE_INSTRUMENT;EFS;EUR;25;106.57000000;1507;EXCHANGE_LAST;;1;1;XEUR;10804527;690;
01.11.2024;11:18:53.049;FGBS SI 20241206 PS;SIMPLE_INSTRUMENT;EFP_FIN;EUR;26;106.57000000;473;EXCHANGE_LAST;;1;1;XEUR;10804527;690;
01.11.2024;11:20:42.979;FGBS SI 20241206 PS;SIMPLE_INSTRUMENT;EFS;EUR;27;106.57000000;5458;EXCHANGE_LAST;;1;1;XEUR;10804527;690;
01.11.2024;11:21:21.691;FGBS SI 20241206 PS;SIMPLE_INSTRUMENT;EFP_FIN;EUR;28;106.55500000;1322;EXCHANGE_LAST;;1;1;XEUR;10804527;690;
01.11.2024;11:23:09.287;FGBS SI 20241206 PS;SIMPLE_INSTRUMENT;EFP_FIN;EUR;29;106.57500000;159;EXCHANGE_LAST;;1;1;XEUR;10804527;690;
01.11.2024;11:25:58.547;FGBS SI 20241206 PS;SIMPLE_INSTRUMENT;EFS;EUR;30;106.56000000;4095;EXCHANGE_LAST;;1;1;XEUR;10804527;690;
01.11.2024;11:33:09.411;FGBS SI 20241206 PS;SIMPLE_INSTRUMENT;EFS;EUR;31;106.55000000;5027;EXCHANGE_LAST;;1;1;XEUR;10804527;690;
01.11.2024;11:40:10.711;FGBS SI 20241206 PS;SIMPLE_INSTRUMENT;EFP_FIN;EUR;32;106.55000000;336;EXCHANGE_LAST;;1;1;XEUR;10804527;690;
01.11.2024;11:47:42.526;FGBS SI 20241206 PS;SIMPLE_INSTRUMENT;EFP_FIN;EUR;33;106.55000000;412;EXCHANGE_LAST;;1;1;XEUR;10804527;690;
01.11.2024;11:50:37.554;FGBS SI 20241206 PS;SIMPLE_INSTRUMENT;EFP_FIN;EUR;34;106.55000000;336;EXCHANGE_LAST;;1;1;XEUR;10804527;690;
01.11.2024;11:54:04.662;FGBS SI 20241206 PS;SIMPLE_INSTRUMENT;EFS;EUR;35;106.56000000;1092;EXCHANGE_LAST;;1;1;XEUR;10804527;690;
01.11.2024;11:58:40.215;FGBS SI 20241206 PS;SIMPLE_INSTRUMENT;EFP_FIN;EUR;36;106.54000000;2211;EXCHANGE_LAST;;1;1;XEUR;10804527;690;
01.11.2024;11:58:59.975;FGBS SI 20241206 PS;SIMPLE_INSTRUMENT;EFP_FIN;EUR;37;106.54000000;105;EXCHANGE_LAST;;1;1;XEUR;10804527;690;
01.11.2024;12:02:43.970;FGBS SI 20241206 PS;SIMPLE_INSTRUMENT;BLOCK;EUR;38;106.58500000;10000;EXCHANGE_LAST;;1;1;XEUR;10804527;690;
01.11.2024;12:05:35.394;FGBS SI 20241206 PS;SIMPLE_INSTRUMENT;EFS;EUR;39;106.55000000;4095;EXCHANGE_LAST;;1;1;XEUR;10804527;690;
01.11.2024;12:13:54.446;FGBS SI 20241206 PS;SIMPLE_INSTRUMENT;EFS;EUR;40;106.58500000;4093;EXCHANGE_LAST;;1;1;XEUR;10804527;690;
01.11.2024;12:35:00.245;FGBS SI 20241206 PS;SIMPLE_INSTRUMENT;EFP_FIN;EUR;41;106.54000000;1016;EXCHANGE_LAST;;1;1;XEUR;10804527;690;
01.11.2024;12:49:43.313;FGBS SI 20241206 PS;SIMPLE_INSTRUMENT;EFP_FIN;EUR;42;106.56000000;406;EXCHANGE_LAST;;1;1;XEUR;10804527;690;
01.11.2024;12:49:03.489;FGBS SI 20241206 PS;SIMPLE_INSTRUMENT;EFP_FIN;EUR;43;106.54000000;105;EXCHANGE_LAST;;1;1;XEUR;10804527;690;
01.11.2024;12:47:28.325;FGBS SI 20241206 PS;SIMPLE_INSTRUMENT;EFP_FIN;EUR;44;106.61000000;1513;EXCHANGE_LAST;;1;1;XEUR;10804527;690;
01.11.2024;13:01:02.084;FGBS SI 20241206 PS;SIMPLE_INSTRUMENT;EFP_FIN;EUR;45;106.64000000;1892;EXCHANGE_LAST;;1;1;XEUR;10804527;690;
01.11.2024;13:01:20.103;FGBS SI 20241206 PS;SIMPLE_INSTRUMENT;EFS;EUR;46;106.65000000;2726;EXCHANGE_LAST;;1;1;XEUR;10804527;690;
01.11.2024;13:17:15.901;FGBS SI 20241206 PS;SIMPLE_INSTRUMENT;EFP_FIN;EUR;48;106.65000000;158;EXCHANGE_LAST;;1;1;XEUR;10804527;690;
01.11.2024;13:20:34.722;FGBS SI 20241206 PS;SIMPLE_INSTRUMENT;EFS;EUR;49;106.63500000;1731;EXCHANGE_LAST;;1;1;XEUR;10804527;690;
01.11.2024;13:23:25.813;FGBS SI 20241206 PS;SIMPLE_INSTRUMENT;EFS;EUR;50;106.62500000;2507;EXCHANGE_LAST;;1;1;XEUR;10804527;690;
01.11.2024;13:26:30.405;FGBS SI 20241206 PS;SIMPLE_INSTRUMENT;EFS;EUR;51;106.61500000;2406;EXCHANGE_LAST;;1;1;XEUR;10804527;690;
01.11.2024;13:27:19.677;FGBS SI 20241206 PS;SIMPLE_INSTRUMENT;EFP_FIN;EUR;52;106.64500000;2365;EXCHANGE_LAST;;1;1;XEUR;10804527;690;
01.11.2024;13:27:28.850;FGBS SI 20241206 PS;SIMPLE_INSTRUMENT;EFP_FIN;EUR;53;106.64500000;2365;EXCHANGE_LAST;;1;1;XEUR;10804527;690;
01.11.2024;13:28:21.943;FGBS SI 20241206 PS;SIMPLE_INSTRUMENT;EFP_FIN;EUR;54;106.62000000;1108;EXCHANGE_LAST;;1;1;XEUR;10804527;690;
01.11.2024;13:47:52.646;FGBS SI 20241206 PS;SIMPLE_INSTRUMENT;EFP_FIN;EUR;55;106.65000000;421;EXCHANGE_LAST;;1;1;XEUR;10804527;690;
01.11.2024;13:56:10.991;FGBS SI 20241206 PS;SIMPLE_INSTRUMENT;EFP_FIN;EUR;56;106.60000000;472;EXCHANGE_LAST;;1;1;XEUR;10804527;690;
01.11.2024;14:02:23.390;FGBS SI 20241206 PS;SIMPLE_INSTRUMENT;EFS;EUR;57;106.60000000;753;EXCHANGE_LAST;;1;1;XEUR;10804527;690;
01.11.2024;14:21:47.088;FGBS SI 20241206 PS;SIMPLE_INSTRUMENT;EFS;EUR;58;106.59000000;1364;EXCHANGE_LAST;;1;1;XEUR;10804527;690;
01.11.2024;14:46:14.851;FGBS SI 20241206 PS;SIMPLE_INSTRUMENT;EFS;EUR;59;106.60500000;1257;EXCHANGE_LAST;;1;1;XEUR;10804527;690;
01.11.2024;14:54:15.717;FGBS SI 20241206 PS;SIMPLE_INSTRUMENT;EFS;EUR;60;106.62000000;4091;EXCHANGE_LAST;;1;1;XEUR;10804527;690;
01.11.2024;15:02:15.436;FGBS SI 20241206 PS;SIMPLE_INSTRUMENT;EFS;EUR;61;106.62500000;4090;EXCHANGE_LAST;;1;1;XEUR;10804527;690;
01.11.2024;15:17:45.914;FGBS SI 20241206 PS;SIMPLE_INSTRUMENT;EFS;EUR;62;106.58500000;3772;EXCHANGE_LAST;;1;1;XEUR;10804527;690;
01.11.2024;15:20:53.149;FGBS SI 20241206 PS;SIMPLE_INSTRUMENT;EFS;EUR;63;106.58000000;4093;EXCHANGE_LAST;;1;1;XEUR;10804527;690;
01.11.2024;15:23:35.469;FGBS SI 20241206 PS;SIMPLE_INSTRUMENT;EFS;EUR;64;106.59000000;3766;EXCHANGE_LAST;;1;1;XEUR;10804527;690;
01.11.2024;15:24:13.090;FGBS SI 20241206 PS;SIMPLE_INSTRUMENT;EFS;EUR;65;106.60000000;1092;EXCHANGE_LAST;;1;1;XEUR;10804527;690;
01.11.2024;15:29:14.635;FGBS SI 20241206 PS;SIMPLE_INSTRUMENT;EFS;EUR;66;106.60000000;2510;EXCHANGE_LAST;;1;1;XEUR;10804527;690;
01.11.2024;15:38:40.295;FGBS SI 20241206 PS;SIMPLE_INSTRUMENT;EFS;EUR;67;106.59500000;3772;EXCHANGE_LAST;;1;1;XEUR;10804527;690;
01.11.2024;15:42:44.054;FGBS SI 20241206 PS;SIMPLE_INSTRUMENT;EFP_FIN;EUR;68;106.60000000;568;EXCHANGE_LAST;;1;1;XEUR;10804527;690;
01.11.2024;16:14:55.785;FGBS SI 20241206 PS;SIMPLE_INSTRUMENT;EFP_FIN;EUR;69;106.62000000;317;EXCHANGE_LAST;;1;1;XEUR;10804527;690;
01.11.2024;16:36:36.237;FGBS SI 20241206 PS;SIMPLE_INSTRUMENT;EFP_FIN;EUR;70;106.62000000;951;EXCHANGE_LAST;;1;1;XEUR;10804527;690;
01.11.2024;16:41:56.290;FGBS SI 20241206 PS;SIMPLE_INSTRUMENT;EFP_FIN;EUR;71;106.56000000;883;EXCHANGE_LAST;;1;1;XEUR;10804527;690;
01.11.2024;16:48:50.580;FGBS SI 20241206 PS;SIMPLE_INSTRUMENT;EFS;EUR;72;106.59000000;1091;EXCHANGE_LAST;;1;1;XEUR;10804527;690;
01.11.2024;17:05:41.447;FGBS SI 20241206 PS;SIMPLE_INSTRUMENT;EFS;EUR;73;106.60000000;1252;EXCHANGE_LAST;;1;1;XEUR;10804527;690;
01.11.2024;08:23:02.954;FGBX SI 20241206 PS;SIMPLE_INSTRUMENT;EFS;EUR;1;132.06000000;366;EXCHANGE_LAST;;1;1;XEUR;10804526;691;
01.11.2024;08:41:01.102;FGBX SI 20241206 PS;SIMPLE_INSTRUMENT;EFS;EUR;3;131.54000000;85;EXCHANGE_LAST;;1;1;XEUR;10804526;691;
01.11.2024;08:42:21.038;FGBX SI 20241206 PS;SIMPLE_INSTRUMENT;EFS;EUR;4;131.72000000;367;EXCHANGE_LAST;;1;1;XEUR;10804526;691;
01.11.2024;09:09:53.282;FGBX SI 20241206 PS;SIMPLE_INSTRUMENT;EFS;EUR;5;131.16000000;85;EXCHANGE_LAST;;1;1;XEUR;10804526;691;
01.11.2024;09:46:46.851;FGBX SI 20241206 PS;SIMPLE_INSTRUMENT;BLOCK;EUR;8;131.00000000;165;EXCHANGE_LAST;;1;1;XEUR;10804526;691;
01.11.2024;09:56:59.171;FGBX SI 20241206 PS;SIMPLE_INSTRUMENT;EFS;EUR;9;130.96000000;185;EXCHANGE_LAST;;1;1;XEUR;10804526;691;
01.11.2024;10:14:16.099;FGBX SI 20241206 PS;SIMPLE_INSTRUMENT;BLOCK;EUR;11;130.94000000;856;EXCHANGE_LAST;;1;1;XEUR;10804526;691;
01.11.2024;10:18:20.376;FGBX SI 20241206 PS;SIMPLE_INSTRUMENT;EFP_FIN;EUR;12;131.10000000;441;EXCHANGE_LAST;;1;1;XEUR;10804526;691;
01.11.2024;12:23:10.569;FGBX SI 20241206 PS;SIMPLE_INSTRUMENT;EFS;EUR;15;132.00000000;92;EXCHANGE_LAST;;1;1;XEUR;10804526;691;
01.11.2024;12:29:16.961;FGBX SI 20241206 PS;SIMPLE_INSTRUMENT;EFS;EUR;16;131.56000000;85;EXCHANGE_LAST;;1;1;XEUR;10804526;691;
01.11.2024;12:55:22.237;FGBX SI 20241206 PS;SIMPLE_INSTRUMENT;EFS;EUR;17;132.12000000;84;EXCHANGE_LAST;;1;1;XEUR;10804526;691;
01.11.2024;13:26:04.046;FGBX SI 20241206 PS;SIMPLE_INSTRUMENT;EFS;EUR;18;131.92000000;133;EXCHANGE_LAST;;1;1;XEUR;10804526;691;
01.11.2024;13:41:02.213;FGBX SI 20241206 PS;SIMPLE_INSTRUMENT;EFS;EUR;20;132.08000000;138;EXCHANGE_LAST;;1;1;XEUR;10804526;691;
01.11.2024;14:48:22.032;FGBX SI 20241206 PS;SIMPLE_INSTRUMENT;EFP_FIN;EUR;21;131.62000000;50;EXCHANGE_LAST;;1;1;XEUR;10804526;691;
01.11.2024;14:51:35.881;FGBX SI 20241206 PS;SIMPLE_INSTRUMENT;EFS;EUR;22;131.52000000;85;EXCHANGE_LAST;;1;1;XEUR;10804526;691;
01.11.2024;16:51:01.133;FGBX SI 20241206 PS;SIMPLE_INSTRUMENT;EFS;EUR;23;131.46000000;800;EXCHANGE_LAST;;1;1;XEUR;10804526;691;
01.11.2024;10:43:38.005;FIA5 SI 20250320 PS AM P 17.00 0;SIMPLE_INSTRUMENT;BLOCK;EUR;13;4.26000000;750;EXCHANGE_LAST;;1;1;XEUR;10824864;48227;
01.11.2024;10:43:53.789;FIA5 SI 20250320 PS AM P 13.00 0;SIMPLE_INSTRUMENT;BLOCK;EUR;14;1.10000000;750;EXCHANGE_LAST;;1;1;XEUR;10824869;48227;
01.11.2024;15:51:55.210;FIA5 SI 20250619 PS AM P 11.00 0;SIMPLE_INSTRUMENT;BLOCK;EUR;22;0.62800000;5000;EXCHANGE_LAST;;1;1;XEUR;11340123;48227;
01.11.2024;15:52:16.183;FIA5 SI 20250619 PS AM C 14.00 0;SIMPLE_INSTRUMENT;BLOCK;EUR;23;0.68000000;5000;EXCHANGE_LAST;;1;1;XEUR;9533227;48227;
01.11.2024;15:52:29.383;FIA5 SI 20250619 PS AM P 9.00 0;SIMPLE_INSTRUMENT;BLOCK;EUR;24;0.27000000;5000;EXCHANGE_LAST;;1;1;XEUR;11340121;48227;
01.11.2024;15:49:15.845;FIAK SI 20241219 CS;SIMPLE_INSTRUMENT;BLOCK;EUR;43;12.78640000;140;EXCHANGE_LAST;;1;1;XEUR;7029937;144766;
01.11.2024;08:24:42.024;FMAE SI 20241220 CS;SIMPLE_INSTRUMENT;EFP_IDX;EUR;47;391.37500000;300;EXCHANGE_LAST;;1;1;XEUR;7193451;48921;
01.11.2024;10:20:15.425;FMAS SI 20241220 CS;SIMPLE_INSTRUMENT;BLOCK;USD;53;641.00000000;935;EXCHANGE_LAST;;1;1;XEUR;7191852;7061;
01.11.2024;07:37:55.101;FMBZ SI 20241220 CS;SIMPLE_INSTRUMENT;BLOCK;USD;24;524.51000000;2584;EXCHANGE_LAST;;1;1;XEUR;7196794;402910;
01.11.2024;08:15:09.257;FMBZ SI 20241220 CS;SIMPLE_INSTRUMENT;BLOCK;USD;43;524.84400000;57;EXCHANGE_LAST;;1;1;XEUR;7196794;402910;
01.11.2024;05:08:41.390;FMCH SI 20241220 CS;SIMPLE_INSTRUMENT;BLOCK;USD;14;520.72200000;573;EXCHANGE_LAST;;1;1;XEUR;7196792;402909;
01.11.2024;05:19:56.885;FMCH SI 20241220 CS;SIMPLE_INSTRUMENT;BLOCK;USD;15;520.72200000;5437;EXCHANGE_LAST;;1;1;XEUR;7196792;402909;
01.11.2024;16:51:04.225;FMCP SI 20241220 CS;SIMPLE_INSTRUMENT;EFP_IDX;EUR;15;534.40000000;61;EXCHANGE_LAST;;1;1;XEUR;10838961;662;
01.11.2024;16:51:25.041;FMCP SI 20241220 CS;SIMPLE_INSTRUMENT;EFP_IDX;EUR;16;534.60000000;40;EXCHANGE_LAST;;1;1;XEUR;10838961;662;
01.11.2024;07:38:09.435;FMED SI 20241220 CS;SIMPLE_INSTRUMENT;BLOCK;USD;25;9572.71000000;1820;EXCHANGE_LAST;;1;1;XEUR;7193401;48144;
01.11.2024;07:51:42.838;FMED SI 20241220 CS;SIMPLE_INSTRUMENT;BLOCK;USD;37;9572.71000000;830;EXCHANGE_LAST;;1;1;XEUR;7193401;48144;
01.11.2024;07:43:11.418;FMEE SI 20241220 CS;SIMPLE_INSTRUMENT;BLOCK;USD;32;316.07600000;350;EXCHANGE_LAST;;1;1;XEUR;7191941;12396;
01.11.2024;16:44:14.528;FMEF SI 20241220 CS;SIMPLE_INSTRUMENT;BLOCK;USD;59;1132.30000000;31800;EXCHANGE_LAST;;1;1;XEUR;7192304;30657;
01.11.2024;08:12:47.253;FMEL SI 20241220 CS;SIMPLE_INSTRUMENT;BLOCK;USD;42;534.54700000;262;EXCHANGE_LAST;;2;1;XEUR;7191942;12397;
01.11.2024;07:42:03.752;FMEN SI 20241220 CS;SIMPLE_INSTRUMENT;BLOCK;EUR;29;518.11900000;478;EXCHANGE_LAST;;1;1;XEUR;7192297;30652;
01.11.2024;07:16:13.552;FMES SI 20241220 CS;SIMPLE_INSTRUMENT;BLOCK;EUR;19;553.52900000;62;EXCHANGE_LAST;;1;1;XEUR;7194760;221291;
01.11.2024;08:14:07.908;FMEU SI 20241220 CS;SIMPLE_INSTRUMENT;EFP_IDX;EUR;44;335.81400000;234;EXCHANGE_LAST;;1;1;XEUR;7191848;7058;
01.11.2024;15:56:44.936;FMFP SI 20241220 CS;SIMPLE_INSTRUMENT;BLOCK;USD;56;2364.20000000;3385;EXCHANGE_LAST;;1;1;XEUR;7193657;51999;
01.11.2024;07:50:41.381;FMGC SI 20241220 CS;SIMPLE_INSTRUMENT;BLOCK;USD;35;12579.04000000;315;EXCHANGE_LAST;;1;1;XEUR;7193447;48916;
01.11.2024;06:41:55.110;FMGO SI 20241220 CS;SIMPLE_INSTRUMENT;BLOCK;USD;18;5200.08000000;6103;EXCHANGE_LAST;;1;1;XEUR;8609363;583623;
01.11.2024;02:37:22.697;FMHK SI 20241220 CS;SIMPLE_INSTRUMENT;BLOCK;USD;8;59354.92100000;15;EXCHANGE_LAST;;1;1;XEUR;7192592;45282;
01.11.2024;02:49:25.180;FMIN SI 20241220 CS;SIMPLE_INSTRUMENT;BLOCK;USD;11;1303.36800000;100;EXCHANGE_LAST;;1;2;XEUR;7191968;12404;
01.11.2024;05:08:02.483;FMIN SI 20241220 CS;SIMPLE_INSTRUMENT;BLOCK;USD;13;1303.10900000;77;EXCHANGE_LAST;;1;1;XEUR;7191968;12404;
01.11.2024;05:56:45.872;FMIN SI 20241220 CS;SIMPLE_INSTRUMENT;BLOCK;USD;17;1303.10900000;333;EXCHANGE_LAST;;1;1;XEUR;7191968;12404;
01.11.2024;07:22:20.570;FMIN SI 20241220 CS;SIMPLE_INSTRUMENT;BLOCK;USD;20;1303.04900000;225;EXCHANGE_LAST;;1;1;XEUR;7191968;12404;
01.11.2024;07:41:48.091;FMIN SI 20241220 CS;SIMPLE_INSTRUMENT;EFP_IDX;USD;27;1303.97000000;215;EXCHANGE_LAST;;1;1;XEUR;7191968;12404;
01.11.2024;08:08:41.769;FMIN SI 20241220 CS;SIMPLE_INSTRUMENT;BLOCK;USD;41;1303.10900000;76;EXCHANGE_LAST;;1;1;XEUR;7191968;12404;
01.11.2024;08:28:51.611;FMIN SI 20241220 CS;SIMPLE_INSTRUMENT;BLOCK;USD;48;1302.85100000;381;EXCHANGE_LAST;;1;1;XEUR;7191968;12404;
01.11.2024;08:59:28.338;FMIN SI 20241220 CS;SIMPLE_INSTRUMENT;BLOCK;USD;51;1305.00000000;46;EXCHANGE_LAST;;1;1;XEUR;7191968;12404;
01.11.2024;01:03:20.249;FMJP SI 20241220 CS;SIMPLE_INSTRUMENT;BLOCK;USD;1;8656.58100000;1574;EXCHANGE_LAST;;1;2;XEUR;7190889;661;
01.11.2024;02:15:47.515;FMJP SI 20241220 CS;SIMPLE_INSTRUMENT;BLOCK;USD;2;8654.86500000;957;EXCHANGE_LAST;;1;3;XEUR;7190889;661;
01.11.2024;02:40:43.844;FMJP SI 20241220 CS;SIMPLE_INSTRUMENT;BLOCK;USD;9;8656.58300000;467;EXCHANGE_LAST;;1;1;XEUR;7190889;661;
01.11.2024;02:49:11.835;FMJP SI 20241220 CS;SIMPLE_INSTRUMENT;BLOCK;USD;10;8657.44200000;175;EXCHANGE_LAST;;1;1;XEUR;7190889;661;
01.11.2024;05:23:35.266;FMJP SI 20241220 CS;SIMPLE_INSTRUMENT;BLOCK;USD;16;8654.86500000;758;EXCHANGE_LAST;;1;1;XEUR;7190889;661;
01.11.2024;08:44:00.514;FMJP SI 20241220 CS;SIMPLE_INSTRUMENT;BLOCK;USD;49;8495.00000000;300;EXCHANGE_LAST;;1;1;XEUR;7190889;661;
01.11.2024;08:43:39.459;FMJP SI 20250321 CS;SIMPLE_INSTRUMENT;BLOCK;USD;50;8602.46200000;296;EXCHANGE_LAST;;1;1;XEUR;7588794;661;
01.11.2024;16:13:19.325;FMMX SI 20241220 CS;SIMPLE_INSTRUMENT;BLOCK;USD;57;618.30000000;225;EXCHANGE_LAST;;1;1;XEUR;7191984;12545;
01.11.2024;07:27:48.740;FMSA SI 20241220 CS;SIMPLE_INSTRUMENT;BLOCK;USD;21;1792.29000000;39;EXCHANGE_LAST;;1;1;XEUR;7194630;134861;
01.11.2024;07:50:51.929;FMTH SI 20241220 CS;SIMPLE_INSTRUMENT;BLOCK;USD;36;1252.32200000;239;EXCHANGE_LAST;;1;1;XEUR;7192052;12681;
01.11.2024;07:34:42.727;FMWN SI 20241220 CS;SIMPLE_INSTRUMENT;EFP_IDX;EUR;22;545.22000000;73;EXCHANGE_LAST;;1;1;XEUR;7192300;30654;
01.11.2024;08:22:48.481;FMWN SI 20241220 CS;SIMPLE_INSTRUMENT;BLOCK;EUR;46;546.06000000;1500;EXCHANGE_LAST;;1;1;XEUR;7192300;30654;
01.11.2024;07:37:38.418;FMWO SI 20241220 CS;SIMPLE_INSTRUMENT;EFP_IDX;USD;23;11603.61000000;175;EXCHANGE_LAST;;1;1;XEUR;7191849;7059;
01.11.2024;07:41:44.425;FMWO SI 20241220 CS;SIMPLE_INSTRUMENT;BLOCK;USD;26;11602.61000000;250;EXCHANGE_LAST;;1;1;XEUR;7191849;7059;
01.11.2024;07:41:56.982;FMWO SI 20241220 CS;SIMPLE_INSTRUMENT;BLOCK;USD;28;11601.86000000;250;EXCHANGE_LAST;;1;1;XEUR;7191849;7059;
01.11.2024;07:42:16.473;FMWO SI 20241220 CS;SIMPLE_INSTRUMENT;BLOCK;USD;30;11603.11000000;785;EXCHANGE_LAST;;1;1;XEUR;7191849;7059;
01.11.2024;07:42:46.013;FMWO SI 20241220 CS;SIMPLE_INSTRUMENT;BLOCK;USD;31;11603.11000000;250;EXCHANGE_LAST;;1;1;XEUR;7191849;7059;
01.11.2024;07:45:51.470;FMWO SI 20241220 CS;SIMPLE_INSTRUMENT;EFP_IDX;USD;34;11601.61000000;201;EXCHANGE_LAST;;1;1;XEUR;7191849;7059;
01.11.2024;07:54:46.825;FMWO SI 20241220 CS;SIMPLE_INSTRUMENT;EFP_IDX;USD;38;11604.19000000;81;EXCHANGE_LAST;;1;1;XEUR;7191849;7059;
01.11.2024;07:55:30.651;FMWO SI 20241220 CS;SIMPLE_INSTRUMENT;EFP_IDX;USD;39;11600.73000000;18;EXCHANGE_LAST;;1;1;XEUR;7191849;7059;
01.11.2024;08:00:18.424;FMWO SI 20241220 CS;SIMPLE_INSTRUMENT;EFP_IDX;USD;40;11600.61000000;44;EXCHANGE_LAST;;1;1;XEUR;7191849;7059;
01.11.2024;09:46:53.215;FMWO SI 20241220 CS;SIMPLE_INSTRUMENT;BLOCK;USD;52;11603.11000000;1500;EXCHANGE_LAST;;1;1;XEUR;7191849;7059;
01.11.2024;13:14:41.474;FMWO SI 20241220 CS;SIMPLE_INSTRUMENT;BLOCK;USD;55;11602.86000000;265;EXCHANGE_LAST;;1;1;XEUR;7191849;7059;
01.11.2024;07:44:24.202;FMXG SI 20241220 CS;SIMPLE_INSTRUMENT;BLOCK;EUR;33;355.67300000;890;EXCHANGE_LAST;;1;1;XEUR;7194562;124306;
01.11.2024;10:21:38.747;FMXG SI 20241220 CS;SIMPLE_INSTRUMENT;BLOCK;EUR;54;357.20000000;853;EXCHANGE_LAST;;1;1;XEUR;7194562;124306;
01.11.2024;02:56:29.809;FMXJ SI 20241220 CS;SIMPLE_INSTRUMENT;BLOCK;USD;12;602.00000000;6;EXCHANGE_LAST;;1;1;XEUR;7193543;51660;
01.11.2024;08:19:52.042;FOAT SI 20241206 PS;SIMPLE_INSTRUMENT;EFS;EUR;1;124.54000000;2202;EXCHANGE_LAST;;1;1;XEUR;10804528;749;
01.11.2024;09:38:20.925;FOAT SI 20241206 PS;SIMPLE_INSTRUMENT;EFP_FIN;EUR;2;124.36000000;415;EXCHANGE_LAST;;1;1;XEUR;10804528;749;
01.11.2024;09:43:02.861;FOAT SI 20241206 PS;SIMPLE_INSTRUMENT;EFP_FIN;EUR;3;124.50000000;391;EXCHANGE_LAST;;1;1;XEUR;10804528;749;
01.11.2024;09:56:34.598;FOAT SI 20241206 PS;SIMPLE_INSTRUMENT;EFP_FIN;EUR;4;124.40000000;155;EXCHANGE_LAST;;1;1;XEUR;10804528;749;
01.11.2024;09:59:13.086;FOAT SI 20241206 PS;SIMPLE_INSTRUMENT;EFP_FIN;EUR;5;124.37000000;415;EXCHANGE_LAST;;1;1;XEUR;10804528;749;
01.11.2024;09:59:30.499;FOAT SI 20241206 PS;SIMPLE_INSTRUMENT;EFP_FIN;EUR;6;124.37000000;415;EXCHANGE_LAST;;1;1;XEUR;10804528;749;
01.11.2024;10:04:56.310;FOAT SI 20241206 PS;SIMPLE_INSTRUMENT;EFP_FIN;EUR;7;124.37000000;415;EXCHANGE_LAST;;1;1;XEUR;10804528;749;
01.11.2024;10:12:59.856;FOAT SI 20241206 PS;SIMPLE_INSTRUMENT;EFP_FIN;EUR;8;124.31000000;99;EXCHANGE_LAST;;1;1;XEUR;10804528;749;
01.11.2024;10:13:02.306;FOAT SI 20241206 PS;SIMPLE_INSTRUMENT;EFP_FIN;EUR;9;124.37000000;415;EXCHANGE_LAST;;1;1;XEUR;10804528;749;
01.11.2024;10:54:46.550;FOAT SI 20241206 PS;SIMPLE_INSTRUMENT;EFP_FIN;EUR;10;124.37000000;283;EXCHANGE_LAST;;1;1;XEUR;10804528;749;
01.11.2024;11:32:28.431;FOAT SI 20241206 PS;SIMPLE_INSTRUMENT;EFP_FIN;EUR;11;124.38000000;1509;EXCHANGE_LAST;;1;1;XEUR;10804528;749;
01.11.2024;12:22:40.293;FOAT SI 20241206 PS;SIMPLE_INSTRUMENT;EFP_FIN;EUR;12;124.65000000;54;EXCHANGE_LAST;;1;1;XEUR;10804528;749;
01.11.2024;12:23:27.211;FOAT SI 20241206 PS;SIMPLE_INSTRUMENT;EFP_FIN;EUR;13;124.41000000;86;EXCHANGE_LAST;;1;1;XEUR;10804528;749;
01.11.2024;13:11:27.669;FOAT SI 20241206 PS;SIMPLE_INSTRUMENT;EFP_FIN;EUR;14;124.86000000;127;EXCHANGE_LAST;;1;1;XEUR;10804528;749;
01.11.2024;13:22:24.440;FOAT SI 20241206 PS;SIMPLE_INSTRUMENT;EFP_FIN;EUR;15;124.74000000;277;EXCHANGE_LAST;;1;1;XEUR;10804528;749;
01.11.2024;14:20:52.799;FOAT SI 20241206 PS;SIMPLE_INSTRUMENT;EFP_FIN;EUR;16;124.74000000;69;EXCHANGE_LAST;;1;1;XEUR;10804528;749;
01.11.2024;14:35:35.499;FOAT SI 20241206 PS;SIMPLE_INSTRUMENT;EFP_FIN;EUR;17;124.65000000;453;EXCHANGE_LAST;;1;1;XEUR;10804528;749;
01.11.2024;14:40:09.297;FOAT SI 20241206 PS;SIMPLE_INSTRUMENT;EFP_FIN;EUR;18;124.75000000;91;EXCHANGE_LAST;;1;1;XEUR;10804528;749;
01.11.2024;14:44:44.133;FOAT SI 20241206 PS;SIMPLE_INSTRUMENT;EFP_FIN;EUR;19;124.75000000;1661;EXCHANGE_LAST;;1;1;XEUR;10804528;749;
01.11.2024;14:48:42.192;FOAT SI 20241206 PS;SIMPLE_INSTRUMENT;EFP_FIN;EUR;20;124.62000000;2491;EXCHANGE_LAST;;1;1;XEUR;10804528;749;
01.11.2024;14:55:19.922;FOAT SI 20241206 PS;SIMPLE_INSTRUMENT;EFP_FIN;EUR;21;124.68000000;830;EXCHANGE_LAST;;1;1;XEUR;10804528;749;
01.11.2024;14:55:58.150;FOAT SI 20241206 PS;SIMPLE_INSTRUMENT;EFP_FIN;EUR;22;124.62000000;1079;EXCHANGE_LAST;;1;1;XEUR;10804528;749;
01.11.2024;14:56:35.926;FOAT SI 20241206 PS;SIMPLE_INSTRUMENT;EFP_FIN;EUR;23;124.68000000;623;EXCHANGE_LAST;;1;1;XEUR;10804528;749;
01.11.2024;15:03:05.711;FOAT SI 20241206 PS;SIMPLE_INSTRUMENT;EFS;EUR;24;124.62000000;258;EXCHANGE_LAST;;1;1;XEUR;10804528;749;
01.11.2024;15:06:21.953;FOAT SI 20241206 PS;SIMPLE_INSTRUMENT;EFP_FIN;EUR;25;124.68000000;623;EXCHANGE_LAST;;1;1;XEUR;10804528;749;
01.11.2024;15:26:26.037;FOAT SI 20241206 PS;SIMPLE_INSTRUMENT;EFP_FIN;EUR;26;124.62000000;415;EXCHANGE_LAST;;1;1;XEUR;10804528;749;
01.11.2024;15:32:36.840;FOAT SI 20241206 PS;SIMPLE_INSTRUMENT;EFS;EUR;27;124.58000000;1000;EXCHANGE_LAST;;1;1;XEUR;10804528;749;
01.11.2024;16:06:26.034;FOAT SI 20241206 PS;SIMPLE_INSTRUMENT;EFS;EUR;28;124.44000000;1000;EXCHANGE_LAST;;1;1;XEUR;10804528;749;
01.11.2024;16:12:53.858;FOAT SI 20241206 PS;SIMPLE_INSTRUMENT;EFP_FIN;EUR;29;124.47000000;1520;EXCHANGE_LAST;;1;1;XEUR;10804528;749;
01.11.2024;16:20:06.049;FOAT SI 20241206 PS;SIMPLE_INSTRUMENT;EFP_FIN;EUR;30;124.38000000;65;EXCHANGE_LAST;;1;1;XEUR;10804528;749;
01.11.2024;16:46:53.854;FSEG SI 20241220 CS;SIMPLE_INSTRUMENT;EFP_IDX;EUR;14;190.30000000;16;EXCHANGE_LAST;;1;1;XEUR;10871764;109977;
01.11.2024;16:53:58.351;FSEG SI 20241220 CS;SIMPLE_INSTRUMENT;EFP_IDX;EUR;17;190.30000000;14;EXCHANGE_LAST;;1;1;XEUR;10871764;109977;
01.11.2024;16:53:47.351;FSEG SI 20241220 CS;SIMPLE_INSTRUMENT;EFP_IDX;EUR;18;190.40000000;10;EXCHANGE_LAST;;1;1;XEUR;10871764;109977;
01.11.2024;16:38:54.225;FSMI SI 20241220 CS;SIMPLE_INSTRUMENT;BLOCK;CHF;1;11985.00000000;700;EXCHANGE_LAST;;1;1;XEUR;7793735;757;
01.11.2024;10:40:36.694;FSMI SI 20241220 CS;SIMPLE_INSTRUMENT;VOLA;CHF;603979789;11898.00000000;17;EXCHANGE_LAST;;1;1;XEUR;7793735;757;
01.11.2024;13:57:06.988;FSMI SI 20241220 CS;SIMPLE_INSTRUMENT;VOLA;CHF;603979804;11970.00000000;132;EXCHANGE_LAST;;1;1;XEUR;7793735;757;
01.11.2024;13:34:11.379;FSTB SI 20241220 CS;SIMPLE_INSTRUMENT;BLOCK;EUR;3;207.30000000;1173;EXCHANGE_LAST;;1;1;XEUR;10839561;714;
01.11.2024;11:31:08.718;FSTE SI 20241220 CS;SIMPLE_INSTRUMENT;BLOCK;EUR;2;338.10000000;290;EXCHANGE_LAST;;1;1;XEUR;10839564;719;
01.11.2024;16:58:40.485;FSTE SI 20241220 CS;SIMPLE_INSTRUMENT;EFP_IDX;EUR;5;336.20000000;29;EXCHANGE_LAST;;1;1;XEUR;10839564;719;
01.11.2024;08:59:41.981;FSTE SI 20241220 CS;SIMPLE_INSTRUMENT;VOLA;EUR;603979782;337.10000000;105;EXCHANGE_LAST;;1;1;XEUR;10839564;719;
01.11.2024;12:27:59.216;FSTG SI 20241220 CS;SIMPLE_INSTRUMENT;VOLA;EUR;603979801;878.50000000;64;EXCHANGE_LAST;;1;1;XEUR;10839565;717;
01.11.2024;12:28:50.443;FSTG SI 20241220 CS;SIMPLE_INSTRUMENT;VOLA;EUR;603979802;878.50000000;65;EXCHANGE_LAST;;1;1;XEUR;10839565;717;
01.11.2024;16:57:27.454;FSTL SI 20241220 CS;SIMPLE_INSTRUMENT;EFP_IDX;EUR;19;131.40000000;90;EXCHANGE_LAST;;1;1;XEUR;10839554;706;
01.11.2024;16:57:43.056;FSTL SI 20241220 CS;SIMPLE_INSTRUMENT;EFP_IDX;EUR;20;131.50000000;23;EXCHANGE_LAST;;1;1;XEUR;10839554;706;
01.11.2024;11:29:58.481;FSTV SI 20241220 CS;SIMPLE_INSTRUMENT;BLOCK;EUR;1;255.00000000;390;EXCHANGE_LAST;;1;1;XEUR;10839571;731;
01.11.2024;15:57:39.287;G3ZF SI 20281215 CS;SIMPLE_INSTRUMENT;BLOCK;EUR;42;0.82000000;750;EXCHANGE_LAST;;2;1;XEUR;9955522;144760;
01.11.2024;15:52:45.135;G3ZF SI 20271217 CS;SIMPLE_INSTRUMENT;BLOCK;EUR;44;0.96000000;500;EXCHANGE_LAST;;1;2;XEUR;8413561;144760;
01.11.2024;09:44:09.469;GANG SI 20241115 CS;SIMPLE_INSTRUMENT;BLOCK;EUR;1;22.48270000;3300;EXCHANGE_LAST;;1;1;XEUR;10117625;769;
01.11.2024;10:32:29.209;GEBN SI 20250117 PS AM P 540.00 0;SIMPLE_INSTRUMENT;BLOCK;CHF;27;23.70000000;1000;EXCHANGE_LAST;;1;1;XEUR;12076391;882;
01.11.2024;11:39:47.722;GEBN SI 20241220 PS AM C 550.00 0;SIMPLE_INSTRUMENT;BLOCK;CHF;48;11.10000000;1000;EXCHANGE_LAST;;1;1;XEUR;10967347;882;
01.11.2024;11:40:56.215;GEBN SI 20241220 PS AM C 550.00 0;SIMPLE_INSTRUMENT;BLOCK;CHF;49;11.10000000;1350;EXCHANGE_LAST;;1;2;XEUR;10967347;882;
01.11.2024;13:28:20.209;GEBN.O.241101.PDIA.000001;STANDARD_OPTION_STRATEGY;BLOCK;CHF;63;15.15000000;1000;EXCHANGE_LAST;;1;1;XEUR;72061382199097256;882;
01.11.2024;13:28:20.209;GEBN SI 20260619 PS AM P 400.00 0;SIMPLE_INSTRUMENT;BLOCK;CHF;63;16.50000000;1000;PRC_DECOMP_EXCHANGE;;;;XEUR;11361903;882;EXCHANGE
01.11.2024;13:28:20.209;GEBN SI 20241220 PS AM P 460.00 0;SIMPLE_INSTRUMENT;BLOCK;CHF;63;1.35000000;1000;PRC_DECOMP_EXCHANGE;;;;XEUR;10311241;882;EXCHANGE
01.11.2024;11:06:34.909;GIVN.O.241101.BUL.000004;STANDARD_OPTION_STRATEGY;BLOCK;CHF;36;3.90000000;250;EXCHANGE_LAST;;1;1;XEUR;72061425148774555;892;
01.11.2024;11:06:34.909;GIVN SI 20241220 PS AM C 4700.0 0;SIMPLE_INSTRUMENT;BLOCK;CHF;36;4.37000000;250;PRC_DECOMP_EXCHANGE;;;;XEUR;11883512;892;EXCHANGE
01.11.2024;11:06:34.909;GIVN SI 20241220 PS AM C 5100.0 0;SIMPLE_INSTRUMENT;BLOCK;CHF;36;0.47000000;250;PRC_DECOMP_EXCHANGE;;;;XEUR;11883533;892;EXCHANGE
01.11.2024;13:09:52.671;GIVN SI 20250620 PS AM P 2400.0 0;SIMPLE_INSTRUMENT;BLOCK;CHF;59;11.09000000;150;EXCHANGE_LAST;;1;1;XEUR;9550803;892;
01.11.2024;13:09:52.712;GIVN SI 20250919 PS AM P 3400.0 0;SIMPLE_INSTRUMENT;BLOCK;CHF;60;86.19000000;150;EXCHANGE_LAST;;1;1;XEUR;11883692;892;
01.11.2024;16:52:32.513;GOAF SI 20250221 CS;SIMPLE_INSTRUMENT;BLOCK;USD;52;174.30930000;120;EXCHANGE_LAST;;1;1;XEUR;10586738;38630;
01.11.2024;13:07:32.102;GOB.O.241101.STD.000002;STANDARD_OPTION_STRATEGY;BLOCK;EUR;42;14.50000000;1100;EXCHANGE_LAST;;1;1;XEUR;72061347839355015;874;
01.11.2024;13:07:32.102;GOB SI 20250620 PS AM P 80.00 0;SIMPLE_INSTRUMENT;BLOCK;EUR;42;5.22000000;1100;PRC_DECOMP_EXCHANGE;;;;XEUR;8215355;874;EXCHANGE
01.11.2024;13:07:32.102;GOB SI 20250620 PS AM C 80.00 0;SIMPLE_INSTRUMENT;BLOCK;EUR;42;9.28000000;1100;PRC_DECOMP_EXCHANGE;;;;XEUR;8215356;874;EXCHANGE
01.11.2024;10:34:07.058;HELN.O.241101.CDIA.000001;STANDARD_OPTION_STRATEGY;BLOCK;CHF;28;-0.20000000;4000;EXCHANGE_LAST;;1;1;XEUR;72061193220526894;838;
01.11.2024;10:34:07.058;HELN SI 20250321 PS AM C 150.00 0;SIMPLE_INSTRUMENT;BLOCK;CHF;28;4.97000000;4000;PRC_DECOMP_EXCHANGE;;;;XEUR;10840909;838;EXCHANGE
01.11.2024;10:34:07.058;HELN SI 20241220 PS AM C 145.00 0;SIMPLE_INSTRUMENT;BLOCK;CHF;28;5.17000000;4000;PRC_DECOMP_EXCHANGE;;;;XEUR;11882431;838;EXCHANGE
01.11.2024;10:29:22.493;HEN3 SI 20241220 PS AM P 76.00 0;SIMPLE_INSTRUMENT;BLOCK;EUR;4;1.26000000;500;EXCHANGE_LAST;;1;1;XEUR;4647646;841;
01.11.2024;10:32:00.559;HFG SI 20250919 PS AM P 10.00 0;SIMPLE_INSTRUMENT;BLOCK;EUR;9;2.06000000;2000;EXCHANGE_LAST;;1;1;XEUR;11915658;174740;
01.11.2024;09:49:34.237;HOLN.O.241101.STD.000002;STANDARD_OPTION_STRATEGY;BLOCK;CHF;15;15.55000000;500;EXCHANGE_LAST;;1;1;XEUR;72061644192119470;943;
01.11.2024;09:49:34.237;HOLN SI 20251219 PS AM P 84.00 0;SIMPLE_INSTRUMENT;BLOCK;CHF;15;7.54000000;500;PRC_DECOMP_EXCHANGE;;;;XEUR;6272406;943;EXCHANGE
01.11.2024;09:49:34.237;HOLN SI 20251219 PS AM C 84.00 0;SIMPLE_INSTRUMENT;BLOCK;CHF;15;8.01000000;500;PRC_DECOMP_EXCHANGE;;;;XEUR;6272405;943;EXCHANGE
01.11.2024;11:50:07.283;I3ES SI 20241220 CS;SIMPLE_INSTRUMENT;BLOCK;EUR;21;0.32200000;500;EXCHANGE_LAST;;1;1;XEUR;4632515;913;
01.11.2024;11:50:00.626;I3ES SI 20241220 CS;SIMPLE_INSTRUMENT;BLOCK;EUR;22;0.32300000;500;EXCHANGE_LAST;;1;1;XEUR;4632515;913;
01.11.2024;10:16:52.401;IES5.O.241101.STG.000001;STANDARD_OPTION_STRATEGY;BLOCK;EUR;8;0.51000000;1000;EXCHANGE_LAST;;1;1;XEUR;72061459508501746;900;
01.11.2024;10:16:52.401;IES5 SI 20250619 PS AM P 3.80 0;SIMPLE_INSTRUMENT;BLOCK;EUR;8;0.29250000;1000;PRC_DECOMP_EXCHANGE;;;;XEUR;11338295;900;EXCHANGE
01.11.2024;10:16:52.401;IES5 SI 20250619 PS AM C 4.00 0;SIMPLE_INSTRUMENT;BLOCK;EUR;8;0.21750000;1000;PRC_DECOMP_EXCHANGE;;;;XEUR;8679681;900;EXCHANGE
01.11.2024;08:57:28.886;IFX SI 20241220 PS AM P 30.00 0;SIMPLE_INSTRUMENT;BLOCK;EUR;1;2.17000000;3000;EXCHANGE_LAST;;1;1;XEUR;10408521;902;
01.11.2024;08:58:34.814;IFX SI 20241115 PS AM C 32.00 0;SIMPLE_INSTRUMENT;BLOCK;EUR;2;0.27000000;1500;EXCHANGE_LAST;;1;1;XEUR;11707858;902;
01.11.2024;10:50:43.719;IFX.O.241101.BRT.000006;STANDARD_OPTION_STRATEGY;BLOCK;EUR;5;2.95000000;2000;EXCHANGE_LAST;;2;1;XEUR;72061468098466501;902;
01.11.2024;10:50:43.719;IFX SI 20250620 PS AM P 28.00 0;SIMPLE_INSTRUMENT;BLOCK;EUR;5;2.83000000;2000;PRC_DECOMP_EXCHANGE;;;;XEUR;7905930;902;EXCHANGE
01.11.2024;10:50:43.719;IFX SI 20271217 PS AM P 28.00 0;SIMPLE_INSTRUMENT;BLOCK;EUR;5;5.78000000;2000;PRC_DECOMP_EXCHANGE;;;;XEUR;8785525;902;EXCHANGE
01.11.2024;11:00:26.937;IFX SI 20250919 PS AM P 26.00 0;SIMPLE_INSTRUMENT;BLOCK;EUR;6;2.31000000;2000;EXCHANGE_LAST;;1;1;XEUR;11884208;902;
01.11.2024;11:04:42.577;IFX.O.241101.BRT.000006;STANDARD_OPTION_STRATEGY;BLOCK;EUR;8;2.95000000;2000;EXCHANGE_LAST;;1;1;XEUR;72061468098466501;902;
01.11.2024;11:04:42.577;IFX SI 20250620 PS AM P 28.00 0;SIMPLE_INSTRUMENT;BLOCK;EUR;8;2.83000000;2000;PRC_DECOMP_MEMBER;;;;XEUR;7905930;902;MEMBER
01.11.2024;11:04:42.577;IFX SI 20271217 PS AM P 28.00 0;SIMPLE_INSTRUMENT;BLOCK;EUR;8;5.78000000;2000;PRC_DECOMP_MEMBER;;;;XEUR;8785525;902;MEMBER
01.11.2024;11:52:42.007;IFX SI 20271217 PS AM P 28.00 0;SIMPLE_INSTRUMENT;BLOCK;EUR;9;5.72000000;2000;EXCHANGE_LAST;;1;1;XEUR;8785525;902;
01.11.2024;11:50:13.694;IFX.O.241101.CNV.000008;STANDARD_OPTION_STRATEGY;BLOCK;EUR;10;-0.87000000;2000;EXCHANGE_LAST;;1;1;XEUR;72061468098466503;902;
01.11.2024;11:50:13.694;IFX SI 20241220 PS AM P 30.00 0;SIMPLE_INSTRUMENT;BLOCK;EUR;10;2.23000000;2000;PRC_DECOMP_EXCHANGE;;;;XEUR;10408521;902;EXCHANGE
01.11.2024;11:50:13.694;IFX SI 20241220 PS AM C 30.00 0;SIMPLE_INSTRUMENT;BLOCK;EUR;10;1.36000000;2000;PRC_DECOMP_EXCHANGE;;;;XEUR;10408524;902;EXCHANGE
01.11.2024;13:24:02.915;IFX SI 20250919 PS AM P 30.00 0;SIMPLE_INSTRUMENT;BLOCK;EUR;12;4.22000000;2500;EXCHANGE_LAST;;1;2;XEUR;11884221;902;
01.11.2024;14:30:01.235;IFX SI 20241220 PS AM P 29.00 0;SIMPLE_INSTRUMENT;BLOCK;EUR;14;1.59000000;1000;EXCHANGE_LAST;;1;1;XEUR;10665611;902;
01.11.2024;15:26:15.080;IFX SI 20271217 PS AM P 24.00 0;SIMPLE_INSTRUMENT;BLOCK;EUR;17;3.83000000;600;EXCHANGE_LAST;;1;1;XEUR;8785519;902;
01.11.2024;15:55:16.891;IFX SI 20271217 PS AM P 24.00 0;SIMPLE_INSTRUMENT;BLOCK;EUR;18;3.82000000;1000;EXCHANGE_LAST;;1;1;XEUR;8785519;902;
01.11.2024;09:33:45.205;INN SI 20250919 PS AM P 15.00 0;SIMPLE_INSTRUMENT;BLOCK;EUR;3;1.32000000;7500;EXCHANGE_LAST;;1;2;XEUR;11885890;1014;
01.11.2024;11:16:45.579;ITK SI 20241220 PS AM P 50.00 0;SIMPLE_INSTRUMENT;BLOCK;EUR;1;0.32000000;1295;EXCHANGE_LAST;;1;1;XEUR;10410012;999;
01.11.2024;15:50:03.675;KDB SI 20251219 PS AM P 60.00 0;SIMPLE_INSTRUMENT;BLOCK;EUR;2;4.16000000;500;EXCHANGE_LAST;;1;1;XEUR;11239779;965;
01.11.2024;15:49:50.420;KDB SI 20251219 PS AM C 72.00 0;SIMPLE_INSTRUMENT;BLOCK;EUR;3;4.82000000;500;EXCHANGE_LAST;;1;1;XEUR;11239774;965;
01.11.2024;13:14:09.162;LHA.O.241101.BER.000004;STANDARD_OPTION_STRATEGY;BLOCK;EUR;15;0.24000000;2500;EXCHANGE_LAST;;1;1;XEUR;72062430171142324;1126;
01.11.2024;13:14:09.162;LHA SI 20241220 PS AM P 6.50 0;SIMPLE_INSTRUMENT;BLOCK;EUR;15;0.40000000;2500;PRC_DECOMP_EXCHANGE;;;;XEUR;11887496;1126;EXCHANGE
01.11.2024;13:14:09.162;LHA SI 20241220 PS AM P 6.00 0;SIMPLE_INSTRUMENT;BLOCK;EUR;15;0.16000000;2500;PRC_DECOMP_EXCHANGE;;;;XEUR;10412300;1126;EXCHANGE
01.11.2024;12:33:39.661;LIF SI 20241220 PS AM C 28.00 0;SIMPLE_INSTRUMENT;BLOCK;EUR;39;1.81000000;2500;EXCHANGE_LAST;;1;1;XEUR;8788804;1125;
01.11.2024;12:09:31.164;LOGN SI 20250919 PS AM P 60.00 0;SIMPLE_INSTRUMENT;BLOCK;CHF;54;3.27000000;400;EXCHANGE_LAST;;1;1;XEUR;11887800;1143;
01.11.2024;14:59:50.114;LOGN SI 20250919 PS AM P 52.00 0;SIMPLE_INSTRUMENT;BLOCK;CHF;74;1.60000000;500;EXCHANGE_LAST;;1;1;XEUR;11887796;1143;
01.11.2024;09:54:30.896;LOR SI 20241220 PS AM P 380.00 0;SIMPLE_INSTRUMENT;BLOCK;EUR;10;38.02000000;158;EXCHANGE_LAST;;1;1;XEUR;10412531;1140;
01.11.2024;10:20:40.445;LXS SI 20241220 PS AM P 26.00 0;SIMPLE_INSTRUMENT;BLOCK;EUR;7;1.20000000;1500;EXCHANGE_LAST;;1;1;XEUR;10410336;1024;
01.11.2024;15:26:56.384;MLXG SI 20241220 CS;SIMPLE_INSTRUMENT;BLOCK;EUR;38;31.23810000;600;EXCHANGE_LAST;;1;1;XEUR;8265275;553017;
01.11.2024;10:54:10.976;MOH SI 20250620 PS AM C 640.00 0;SIMPLE_INSTRUMENT;BLOCK;EUR;15;40.00000000;100;EXCHANGE_LAST;;1;1;XEUR;7907337;1074;
01.11.2024;10:54:11.969;MOH SI 20250620 PS AM P 600.00 0;SIMPLE_INSTRUMENT;BLOCK;EUR;16;46.00000000;100;EXCHANGE_LAST;;1;1;XEUR;11365284;1074;
01.11.2024;10:51:42.218;MUV2 SI 20241220 PS AM P 430.00 0;SIMPLE_INSTRUMENT;BLOCK;EUR;5;2.95000000;200;EXCHANGE_LAST;;1;1;XEUR;10752230;1234;
01.11.2024;15:44:28.282;MUV2 SI 20241220 PS AM C 480.00 0;SIMPLE_INSTRUMENT;BLOCK;EUR;10;12.10000000;300;EXCHANGE_LAST;;1;1;XEUR;8357114;1234;
01.11.2024;16:00:38.796;N2ES SI 20250620 CS;SIMPLE_INSTRUMENT;BLOCK;CHF;45;3.07000000;150;EXCHANGE_LAST;;1;1;XEUR;10848664;1240;
01.11.2024;12:44:09.047;NDA SI 20241220 PS AM P 70.00 0;SIMPLE_INSTRUMENT;BLOCK;EUR;12;3.25000000;500;EXCHANGE_LAST;;1;1;XEUR;10998943;1250;
01.11.2024;13:08:16.863;NESE SI 20241220 PS EU C 88.00 0;SIMPLE_INSTRUMENT;BLOCK;CHF;58;0.45000000;1573;EXCHANGE_LAST;;1;1;XEUR;8854505;1257;
01.11.2024;13:33:37.723;NESE SI 20250620 PS EU C 82.00 0;SIMPLE_INSTRUMENT;BLOCK;CHF;64;3.34000000;1500;EXCHANGE_LAST;;1;1;XEUR;11765619;1257;
01.11.2024;09:10:57.534;NESN SI 20271217 PS AM P 60.00 0;SIMPLE_INSTRUMENT;BLOCK;CHF;2;2.45000000;1500;EXCHANGE_LAST;;1;1;XEUR;8793266;1263;
01.11.2024;09:10:57.767;NESN SI 20250321 PS AM P 60.00 0;SIMPLE_INSTRUMENT;BLOCK;CHF;3;0.10000000;1500;EXCHANGE_LAST;;1;1;XEUR;10849689;1263;
01.11.2024;09:43:52.199;NESN SI 20251219 PS AM P 52.00 0;SIMPLE_INSTRUMENT;BLOCK;CHF;12;0.29000000;2500;EXCHANGE_LAST;;1;1;XEUR;8134495;1263;
01.11.2024;09:49:27.345;NESN.O.241101.BER.000010;STANDARD_OPTION_STRATEGY;BLOCK;CHF;14;8.40000000;6000;EXCHANGE_LAST;;1;2;XEUR;72063018581698687;1263;
01.11.2024;09:49:27.345;NESN SI 20250919 PS AM P 90.00 0;SIMPLE_INSTRUMENT;BLOCK;CHF;14;11.34000000;6000;PRC_DECOMP_EXCHANGE;;;;XEUR;11946443;1263;EXCHANGE
01.11.2024;09:49:27.345;NESN SI 20250919 PS AM P 76.00 0;SIMPLE_INSTRUMENT;BLOCK;CHF;14;2.94000000;6000;PRC_DECOMP_EXCHANGE;;;;XEUR;11891490;1263;EXCHANGE
01.11.2024;10:53:30.037;NESN SI 20250919 PS AM P 76.00 0;SIMPLE_INSTRUMENT;BLOCK;CHF;30;2.92000000;750;EXCHANGE_LAST;;1;1;XEUR;11891490;1263;
01.11.2024;11:23:33.973;NESN SI 20250321 PS AM P 80.00 0;SIMPLE_INSTRUMENT;BLOCK;CHF;40;2.25000000;1500;EXCHANGE_LAST;;1;1;XEUR;10849738;1263;
01.11.2024;12:28:17.562;NOVN SI 20241220 PS AM P 98.00 0;SIMPLE_INSTRUMENT;BLOCK;CHF;55;4.24000000;2000;EXCHANGE_LAST;;1;1;XEUR;10497524;724745;
01.11.2024;12:33:54.649;NOVN SI 20250919 PS AM P 88.00 0;SIMPLE_INSTRUMENT;BLOCK;CHF;57;3.88000000;2000;EXCHANGE_LAST;;1;1;XEUR;11933165;724745;
01.11.2024;15:03:21.832;NOVN.O.241101.BRT.000004;STANDARD_OPTION_STRATEGY;BLOCK;CHF;75;3.59000000;500;EXCHANGE_LAST;;1;1;XEUR;75170350110873276;724745;
01.11.2024;15:03:21.832;NOVN SI 20250620 PS AM P 94.00 0;SIMPLE_INSTRUMENT;BLOCK;CHF;75;5.48000000;500;PRC_DECOMP_MEMBER;;;;XEUR;11444360;724745;MEMBER
01.11.2024;15:03:21.832;NOVN SI 20241220 PS AM P 94.00 0;SIMPLE_INSTRUMENT;BLOCK;CHF;75;1.89000000;500;PRC_DECOMP_MEMBER;;;;XEUR;10614396;724745;MEMBER
01.11.2024;16:15:37.849;NOVN SI 20241115 PS AM C 98.00 0;SIMPLE_INSTRUMENT;BLOCK;CHF;79;0.65000000;1000;EXCHANGE_LAST;;1;2;XEUR;11744368;724745;
01.11.2024;09:12:26.387;ODAX.N.241101.000160;NON_STANDARD_OPTION_STRATEGY;BLOCK;EUR;2;240.00000000;500;EXCHANGE_LAST;;1;1;XEUR;72062644920384281;1176;
01.11.2024;09:12:26.387;ODAX SI 20241220 CS EU P 18500 0;SIMPLE_INSTRUMENT;BLOCK;EUR;2;215.00000000;500;PRC_DECOMP_EXCHANGE;;;;XEUR;10772754;1176;EXCHANGE
01.11.2024;09:12:26.387;ODAX SI 20241220 CS EU P 18500 0;SIMPLE_INSTRUMENT;BLOCK;EUR;2;215.10000000;1000;PRC_DECOMP_EXCHANGE;;;;XEUR;10772754;1176;EXCHANGE
01.11.2024;09:12:26.387;ODAX SI 20241115 CS EU P 19000 0;SIMPLE_INSTRUMENT;BLOCK;EUR;2;202.60000000;1000;PRC_DECOMP_EXCHANGE;;;;XEUR;11711596;1176;EXCHANGE
