#Date;TrdTime;Contract;ContractType;TrdTyp;Currency;TesId;Prc;Qty;TrdInd;Aggressor;Buy;Sell;Exch;InstrumentId;RelatedProdId;PrcDecomp
06.02.2025;09:59:38.435;2FE.O.250206.STG.000001;STANDARD_OPTION_STRATEGY;BLOCK;EUR;6;35.45000000;120;EXCHANGE_LAST;;1;1;XEUR;72302961224584369;57129;
06.02.2025;09:59:38.435;2FE SI 20250619 PS AM P 440.00 0;SIMPLE_INSTRUMENT;BLOCK;EUR;6;21.40550000;120;PRC_DECOMP_EXCHANGE;;;;XEUR;11340339;57129;EXCHANGE
06.02.2025;09:59:38.435;2FE SI 20250619 PS AM C 480.00 0;SIMPLE_INSTRUMENT;BLOCK;EUR;6;14.04450000;120;PRC_DECOMP_EXCHANGE;;;;XEUR;9533676;57129;EXCHANGE
06.02.2025;14:38:04.813;A2SG SI 20281215 CS;SIMPLE_INSTRUMENT;BLOCK;EUR;56;1.48000000;500;EXCHANGE_LAST;;1;1;XEUR;9910346;14;
06.02.2025;09:41:51.712;A2XA SI 20261218 CS;SIMPLE_INSTRUMENT;BLOCK;EUR;6;2.28000000;200;EXCHANGE_LAST;;1;1;XEUR;4632093;17;
06.02.2025;09:48:57.852;A2XA SI 20261218 CS;SIMPLE_INSTRUMENT;BLOCK;EUR;8;2.28000000;300;EXCHANGE_LAST;;2;1;XEUR;4632093;17;
06.02.2025;11:42:58.487;A2XA SI 20261218 CS;SIMPLE_INSTRUMENT;BLOCK;EUR;22;2.30000000;350;EXCHANGE_LAST;;2;1;XEUR;4632093;17;
06.02.2025;11:41:53.560;A2XA SI 20261218 CS;SIMPLE_INSTRUMENT;BLOCK;EUR;23;2.30000000;250;EXCHANGE_LAST;;1;2;XEUR;4632093;17;
06.02.2025;16:18:27.199;A2XA SI 20251219 CS;SIMPLE_INSTRUMENT;BLOCK;EUR;76;2.31000000;200;EXCHANGE_LAST;;1;1;XEUR;3681055;17;
06.02.2025;10:54:10.420;ABBN FI 20250305 CS EU C 51.4000 0;FLEXIBLE_INSTRUMENT;BLOCK;CHF;27;0.42000000;1300;EXCHANGE_LAST;;1;1;XEUR;1155389036332854031;574517;
06.02.2025;15:56:33.145;ABBN SI 20250221 PS AM C 52.00 0;SIMPLE_INSTRUMENT;BLOCK;CHF;86;0.16000000;1500;EXCHANGE_LAST;;1;1;XEUR;12279669;574517;
06.02.2025;10:58:15.570;ADS SI 20250417 PS AM C 280.00 0;SIMPLE_INSTRUMENT;BLOCK;EUR;10;4.90000000;1000;EXCHANGE_LAST;;2;2;XEUR;12613472;50;
06.02.2025;11:39:33.931;ADS SI 20250221 PS AM C 245.00 0;SIMPLE_INSTRUMENT;BLOCK;EUR;13;12.80000000;250;EXCHANGE_LAST;;1;1;XEUR;12237479;50;
06.02.2025;15:56:42.060;ADS.O.250206.STG.000004;STANDARD_OPTION_STRATEGY;BLOCK;EUR;21;6.90000000;250;EXCHANGE_LAST;;1;1;XEUR;72057808786332441;50;
06.02.2025;15:56:42.060;ADS SI 20250221 PS AM P 250.00 0;SIMPLE_INSTRUMENT;BLOCK;EUR;21;2.36000000;250;PRC_DECOMP_EXCHANGE;;;;XEUR;12237436;50;EXCHANGE
06.02.2025;15:56:42.060;ADS SI 20250221 PS AM C 260.00 0;SIMPLE_INSTRUMENT;BLOCK;EUR;21;4.54000000;250;PRC_DECOMP_EXCHANGE;;;;XEUR;12237411;50;EXCHANGE
06.02.2025;16:13:59.268;ADS SI 20250321 PS AM P 240.00 0;SIMPLE_INSTRUMENT;BLOCK;EUR;22;3.50000000;250;EXCHANGE_LAST;;1;1;XEUR;10828529;50;
06.02.2025;16:14:07.938;ADS SI 20250321 PS AM P 220.00 0;SIMPLE_INSTRUMENT;BLOCK;EUR;23;1.00000000;250;EXCHANGE_LAST;;1;1;XEUR;10828519;50;
06.02.2025;15:16:35.267;AIR SI 20250207 PS AM C 174.00 0;SIMPLE_INSTRUMENT;BLOCK;EUR;27;0.01000000;625;EXCHANGE_LAST;;1;1;XEUR;12536171;64;
06.02.2025;15:16:38.081;AIR SI 20250207 PS AM C 172.00 0;SIMPLE_INSTRUMENT;BLOCK;EUR;28;0.32000000;3125;EXCHANGE_LAST;;1;1;XEUR;12536165;64;
06.02.2025;15:16:38.680;AIR SI 20250207 PS AM C 174.00 0;SIMPLE_INSTRUMENT;BLOCK;EUR;29;0.02000000;2500;EXCHANGE_LAST;;1;1;XEUR;12536171;64;
06.02.2025;15:40:02.880;AKU SI 20250221 PS AM C 58.00 0;SIMPLE_INSTRUMENT;BLOCK;EUR;19;0.62000000;1700;EXCHANGE_LAST;;1;1;XEUR;12237907;78;
06.02.2025;10:12:23.511;ALC FI 20250305 CS EU C 87.1500 0;FLEXIBLE_INSTRUMENT;BLOCK;CHF;10;1.30000000;1000;EXCHANGE_LAST;;1;1;XEUR;1153480425880956658;130134;
06.02.2025;15:51:35.722;ALC SI 20260619 PS AM P 68.00 0;SIMPLE_INSTRUMENT;BLOCK;CHF;85;2.73000000;200;EXCHANGE_LAST;;1;1;XEUR;9584528;130134;
06.02.2025;09:28:22.052;ARG SI 20251219 PS AM P 720.00 0;SIMPLE_INSTRUMENT;BLOCK;EUR;3;109.50000000;50;EXCHANGE_LAST;;1;1;XEUR;8169470;355435;
06.02.2025;09:32:00.829;ARG.O.250206.STG.000001;STANDARD_OPTION_STRATEGY;BLOCK;EUR;4;135.50000000;50;EXCHANGE_LAST;;1;1;XEUR;73584175738784760;355435;
06.02.2025;09:32:00.829;ARG SI 20251219 PS AM P 720.00 0;SIMPLE_INSTRUMENT;BLOCK;EUR;4;107.70000000;50;PRC_DECOMP_EXCHANGE;;;;XEUR;8169470;355435;EXCHANGE
06.02.2025;09:32:00.829;ARG SI 20251219 PS AM C 800.00 0;SIMPLE_INSTRUMENT;BLOCK;EUR;4;27.80000000;50;PRC_DECOMP_EXCHANGE;;;;XEUR;8169463;355435;EXCHANGE
06.02.2025;09:00:23.735;ASI SI 20250221 PS AM P 400.00 0;SIMPLE_INSTRUMENT;BLOCK;EUR;1;0.25000000;366;EXCHANGE_LAST;;1;1;XEUR;12267782;76318;
06.02.2025;08:59:59.741;ASM SI 20250221 PS AM P 500.00 0;SIMPLE_INSTRUMENT;BLOCK;EUR;2;0.34000000;330;EXCHANGE_LAST;;1;1;XEUR;12238472;107;
06.02.2025;15:09:21.197;ASM SI 20250321 PS AM P 680.00 0;SIMPLE_INSTRUMENT;BLOCK;EUR;17;20.45000000;250;EXCHANGE_LAST;;1;1;XEUR;10830128;107;
06.02.2025;15:17:47.239;ASM SI 20250321 PS AM P 680.00 0;SIMPLE_INSTRUMENT;BLOCK;EUR;18;20.45000000;150;EXCHANGE_LAST;;1;1;XEUR;10830128;107;
06.02.2025;16:36:40.459;ASM SI 20261218 PS AM P 480.00 0;SIMPLE_INSTRUMENT;BLOCK;EUR;25;35.75000000;300;EXCHANGE_LAST;;1;2;XEUR;7152924;107;
06.02.2025;10:57:07.744;AXA SI 20250321 PS AM C 36.00 0;SIMPLE_INSTRUMENT;BLOCK;EUR;10;1.90000000;2500;EXCHANGE_LAST;;1;1;XEUR;10830417;127;
06.02.2025;10:57:09.958;AXA SI 20250321 PS AM P 32.00 0;SIMPLE_INSTRUMENT;BLOCK;EUR;11;0.14000000;2500;EXCHANGE_LAST;;1;1;XEUR;10830414;127;
06.02.2025;16:09:40.224;B2AS SI 20251219 CS;SIMPLE_INSTRUMENT;BLOCK;EUR;73;2.25000000;200;EXCHANGE_LAST;;1;1;XEUR;3681119;140;
06.02.2025;11:06:40.589;B2NP SI 20271217 CS;SIMPLE_INSTRUMENT;BLOCK;EUR;18;4.33000000;150;EXCHANGE_LAST;;1;1;XEUR;7086925;131;
06.02.2025;11:22:03.739;B2NP SI 20271217 CS;SIMPLE_INSTRUMENT;BLOCK;EUR;21;4.33000000;60;EXCHANGE_LAST;;1;1;XEUR;7086925;131;
06.02.2025;15:03:45.539;B2NP SI 20261218 CS;SIMPLE_INSTRUMENT;BLOCK;EUR;57;4.75000000;105;EXCHANGE_LAST;;1;1;XEUR;6798320;131;
06.02.2025;16:00:42.235;B2NP SI 20251219 CS;SIMPLE_INSTRUMENT;BLOCK;EUR;69;7.27000000;85;EXCHANGE_LAST;;1;1;XEUR;5914355;131;
06.02.2025;16:13:25.119;B2NP SI 20251219 CS;SIMPLE_INSTRUMENT;BLOCK;EUR;74;7.10000000;638;EXCHANGE_LAST;;1;1;XEUR;5914355;131;
06.02.2025;16:05:41.475;B2SN SI 20271217 CS;SIMPLE_INSTRUMENT;BLOCK;EUR;71;2.23000000;200;EXCHANGE_LAST;;2;1;XEUR;8372393;133;
06.02.2025;15:12:38.040;BAEE SI 20251219 PS EU C 60.00 0;SIMPLE_INSTRUMENT;BLOCK;CHF;76;3.35000000;1500;EXCHANGE_LAST;;1;1;XEUR;10039261;724750;
06.02.2025;10:32:14.008;BAEN SI 20260619 PS AM P 44.00 0;SIMPLE_INSTRUMENT;BLOCK;CHF;15;2.71000000;600;EXCHANGE_LAST;;1;1;XEUR;9539219;159;
06.02.2025;12:43:41.374;BAEN FI 20250305 CS EU C 59.9000 0;FLEXIBLE_INSTRUMENT;BLOCK;CHF;56;0.49000000;400;EXCHANGE_LAST;;1;1;XEUR;1152922187506660060;159;
06.02.2025;14:24:19.027;BAEN SI 20250417 PS AM C 60.00 0;SIMPLE_INSTRUMENT;BLOCK;CHF;67;1.35000000;1850;EXCHANGE_LAST;;1;3;XEUR;12615193;159;
06.02.2025;15:21:55.989;BAEN SI 20250417 PS AM C 60.00 0;SIMPLE_INSTRUMENT;BLOCK;CHF;80;1.32000000;600;EXCHANGE_LAST;;1;1;XEUR;12615193;159;
06.02.2025;16:27:28.887;BAEN SI 20250417 PS AM C 60.00 0;SIMPLE_INSTRUMENT;BLOCK;CHF;100;1.71000000;925;EXCHANGE_LAST;;1;1;XEUR;12615193;159;
06.02.2025;16:27:43.889;BAEN SI 20250417 PS AM C 60.00 0;SIMPLE_INSTRUMENT;BLOCK;CHF;101;1.72000000;925;EXCHANGE_LAST;;1;1;XEUR;12615193;159;
06.02.2025;09:00:32.452;BAS SI 20250321 PS AM C 50.00 0;SIMPLE_INSTRUMENT;BLOCK;EUR;1;0.65000000;1500;EXCHANGE_LAST;;1;1;XEUR;10831042;150;
06.02.2025;09:27:20.895;BAS SI 20250321 PS AM P 46.00 0;SIMPLE_INSTRUMENT;BLOCK;EUR;3;1.73000000;500;EXCHANGE_LAST;;1;1;XEUR;10831044;150;
06.02.2025;09:27:28.247;BAS SI 20250321 PS AM P 44.00 0;SIMPLE_INSTRUMENT;BLOCK;EUR;4;0.98000000;1000;EXCHANGE_LAST;;1;1;XEUR;10830944;150;
06.02.2025;09:25:16.419;BAS SI 20250221 PS AM C 49.00 0;SIMPLE_INSTRUMENT;BLOCK;EUR;5;0.40000000;2200;EXCHANGE_LAST;;1;1;XEUR;12339045;150;
06.02.2025;09:27:59.304;BAS SI 20250221 PS AM C 46.50 0;SIMPLE_INSTRUMENT;BLOCK;EUR;6;1.10000000;3000;EXCHANGE_LAST;;1;1;XEUR;12238982;150;
06.02.2025;09:33:09.217;BAS.O.250206.BUL.000017;STANDARD_OPTION_STRATEGY;BLOCK;EUR;7;1.06000000;5000;EXCHANGE_LAST;;1;2;XEUR;72058238283091667;150;
06.02.2025;09:33:09.217;BAS SI 20250417 PS AM C 48.00 0;SIMPLE_INSTRUMENT;BLOCK;EUR;7;1.75000000;5000;PRC_DECOMP_EXCHANGE;;;;XEUR;12615342;150;EXCHANGE
06.02.2025;09:33:09.217;BAS SI 20250417 PS AM C 52.00 0;SIMPLE_INSTRUMENT;BLOCK;EUR;7;0.69000000;5000;PRC_DECOMP_EXCHANGE;;;;XEUR;12693218;150;EXCHANGE
06.02.2025;12:23:00.233;BAS SI 20250221 PS AM C 46.50 0;SIMPLE_INSTRUMENT;BLOCK;EUR;8;1.61000000;1240;EXCHANGE_LAST;;1;1;XEUR;12238982;150;
06.02.2025;12:40:48.003;BAS.O.250206.BER.000033;STANDARD_OPTION_STRATEGY;BLOCK;EUR;9;0.23000000;2000;EXCHANGE_LAST;;1;2;XEUR;72058238283091683;150;
06.02.2025;12:40:48.003;BAS SI 20250321 PS AM P 42.00 0;SIMPLE_INSTRUMENT;BLOCK;EUR;9;0.47000000;2000;PRC_DECOMP_EXCHANGE;;;;XEUR;10830938;150;EXCHANGE
06.02.2025;12:40:48.003;BAS SI 20250321 PS AM P 40.00 0;SIMPLE_INSTRUMENT;BLOCK;EUR;9;0.24000000;2000;PRC_DECOMP_EXCHANGE;;;;XEUR;10830960;150;EXCHANGE
06.02.2025;13:56:45.577;BAS SI 20250620 PS AM C 48.00 0;SIMPLE_INSTRUMENT;BLOCK;EUR;11;2.17000000;3000;EXCHANGE_LAST;;3;2;XEUR;7898967;150;
06.02.2025;14:08:37.209;BAS SI 20250620 PS AM C 50.00 0;SIMPLE_INSTRUMENT;BLOCK;EUR;12;1.95000000;2200;EXCHANGE_LAST;;1;1;XEUR;10779749;150;
06.02.2025;14:08:38.490;BAS SI 20250321 PS AM C 48.00 0;SIMPLE_INSTRUMENT;BLOCK;EUR;13;2.05000000;4400;EXCHANGE_LAST;;1;1;XEUR;10831045;150;
06.02.2025;14:08:41.029;BAS SI 20250620 PS AM C 50.00 0;SIMPLE_INSTRUMENT;BLOCK;EUR;14;1.94000000;5500;EXCHANGE_LAST;;1;1;XEUR;10779749;150;
06.02.2025;14:33:14.109;BAS SI 20250417 PS AM P 46.00 0;SIMPLE_INSTRUMENT;BLOCK;EUR;15;1.65000000;2200;EXCHANGE_LAST;;1;1;XEUR;12615350;150;
06.02.2025;16:05:35.667;BAS SI 20250214 PS AM C 50.00 0;SIMPLE_INSTRUMENT;BLOCK;EUR;17;0.40000000;13925;EXCHANGE_LAST;;1;1;XEUR;12673175;150;
06.02.2025;16:08:55.404;BAS SI 20250221 PS AM C 52.00 0;SIMPLE_INSTRUMENT;BLOCK;EUR;18;0.35000000;3000;EXCHANGE_LAST;;1;1;XEUR;12693177;150;
06.02.2025;12:07:48.706;BBVD.O.250206.STD.000002;STANDARD_OPTION_STRATEGY;BLOCK;EUR;11;2.34000000;5000;EXCHANGE_LAST;;1;1;XEUR;72058332772305735;172;
06.02.2025;12:07:48.706;BBVD SI 20251219 PS AM P 11.00 0;SIMPLE_INSTRUMENT;BLOCK;EUR;11;1.19000000;5000;PRC_DECOMP_EXCHANGE;;;;XEUR;11351387;172;EXCHANGE
06.02.2025;12:07:48.706;BBVD SI 20251219 PS AM C 11.00 0;SIMPLE_INSTRUMENT;BLOCK;EUR;11;1.15000000;5000;PRC_DECOMP_EXCHANGE;;;;XEUR;11351384;172;EXCHANGE
06.02.2025;15:46:26.682;BEI SI 20250221 PS AM C 130.00 0;SIMPLE_INSTRUMENT;BLOCK;EUR;20;1.20000000;1000;EXCHANGE_LAST;;1;2;XEUR;12239435;176;
06.02.2025;10:40:17.103;BNP SI 20251219 PS AM P 60.00 0;SIMPLE_INSTRUMENT;BLOCK;EUR;3;4.59000000;2000;EXCHANGE_LAST;;1;1;XEUR;5995681;237;
06.02.2025;10:37:54.873;BNP SI 20251219 PS AM P 56.00 0;SIMPLE_INSTRUMENT;BLOCK;EUR;4;3.09000000;3900;EXCHANGE_LAST;;1;1;XEUR;5923366;237;
06.02.2025;10:38:23.836;BNP SI 20251219 PS AM C 56.00 0;SIMPLE_INSTRUMENT;BLOCK;EUR;5;12.11000000;3900;EXCHANGE_LAST;;1;1;XEUR;5923365;237;
06.02.2025;10:38:43.262;BNP SI 20260619 PS AM P 60.00 0;SIMPLE_INSTRUMENT;BLOCK;EUR;6;6.42000000;3900;EXCHANGE_LAST;;1;1;XEUR;9541702;237;
06.02.2025;10:39:09.577;BNP SI 20260619 PS AM C 60.00 0;SIMPLE_INSTRUMENT;BLOCK;EUR;7;9.09000000;3900;EXCHANGE_LAST;;1;1;XEUR;9541706;237;
06.02.2025;11:46:38.000;BNP.O.250206.BRT.000011;STANDARD_OPTION_STRATEGY;BLOCK;EUR;15;3.92000000;750;EXCHANGE_LAST;;1;1;XEUR;72058611945199889;237;
06.02.2025;11:46:38.000;BNP SI 20250919 PS AM P 64.00 0;SIMPLE_INSTRUMENT;BLOCK;EUR;15;4.60000000;750;PRC_DECOMP_EXCHANGE;;;;XEUR;11875028;237;EXCHANGE
06.02.2025;11:46:38.000;BNP SI 20250321 PS AM P 64.00 0;SIMPLE_INSTRUMENT;BLOCK;EUR;15;0.68000000;750;PRC_DECOMP_EXCHANGE;;;;XEUR;10832936;237;EXCHANGE
06.02.2025;14:51:33.640;BNP SI 20260619 PS AM C 68.00 0;SIMPLE_INSTRUMENT;BLOCK;EUR;21;4.81000000;550;EXCHANGE_LAST;;1;1;XEUR;11479994;237;
06.02.2025;16:13:01.706;BNPE.O.250206.CNV.000001;STANDARD_OPTION_STRATEGY;BLOCK;EUR;34;-5.41000000;7500;EXCHANGE_LAST;;1;1;XEUR;73339757739901006;298527;
06.02.2025;16:13:01.706;BNPE SI 20251219 PS EU C 68.00 0;SIMPLE_INSTRUMENT;BLOCK;EUR;34;2.84000000;7500;PRC_DECOMP_MEMBER;;;;XEUR;12483926;298527;MEMBER
06.02.2025;16:13:01.706;BNPE SI 20251219 PS EU P 68.00 0;SIMPLE_INSTRUMENT;BLOCK;EUR;34;8.25000000;7500;PRC_DECOMP_MEMBER;;;;XEUR;12483929;298527;MEMBER
06.02.2025;10:45:06.043;BSD2 SI 20251219 PS AM P 5.50 0;SIMPLE_INSTRUMENT;BLOCK;EUR;9;0.60000000;2500;EXCHANGE_LAST;;1;1;XEUR;11353278;245;
06.02.2025;10:45:12.047;BSD2 SI 20251219 PS AM P 5.50 0;SIMPLE_INSTRUMENT;BLOCK;EUR;10;0.61000000;2500;EXCHANGE_LAST;;1;1;XEUR;11353278;245;
06.02.2025;16:36:46.447;BYG SI 20251219 PS AM C 50.00 0;SIMPLE_INSTRUMENT;BLOCK;EUR;37;0.04000000;3000;EXCHANGE_LAST;;1;2;XEUR;12604725;280;
06.02.2025;15:10:19.699;C3AR SI 20261218 CS;SIMPLE_INSTRUMENT;BLOCK;EUR;58;0.88500000;225;EXCHANGE_LAST;;1;1;XEUR;6799833;256;
06.02.2025;10:31:27.962;C4RI SI 20251219 CS;SIMPLE_INSTRUMENT;BLOCK;EUR;12;2.72000000;500;EXCHANGE_LAST;;2;4;XEUR;5914459;50862;
06.02.2025;16:21:21.020;C4RI SI 20251219 CS;SIMPLE_INSTRUMENT;BLOCK;EUR;77;2.72000000;450;EXCHANGE_LAST;;1;1;XEUR;5914459;50862;
06.02.2025;16:21:40.059;C4RI SI 20261218 CS;SIMPLE_INSTRUMENT;BLOCK;EUR;78;2.90000000;450;EXCHANGE_LAST;;1;1;XEUR;6821680;50862;
06.02.2025;16:21:58.967;C4RI SI 20271217 CS;SIMPLE_INSTRUMENT;BLOCK;EUR;79;2.67000000;450;EXCHANGE_LAST;;1;1;XEUR;8408414;50862;
06.02.2025;16:24:04.037;C4RI SI 20281215 CS;SIMPLE_INSTRUMENT;BLOCK;EUR;80;2.47000000;450;EXCHANGE_LAST;;1;1;XEUR;9950757;50862;
06.02.2025;10:07:26.978;CFR FI 20250305 CS EU C 184.1000 0;FLEXIBLE_INSTRUMENT;BLOCK;CHF;9;2.18000000;480;EXCHANGE_LAST;;1;1;XEUR;1152922848931627658;313;
06.02.2025;11:01:08.003;CFR SI 20251219 PS AM P 150.00 0;SIMPLE_INSTRUMENT;BLOCK;CHF;28;8.73000000;300;EXCHANGE_LAST;;1;1;XEUR;12437081;313;
06.02.2025;12:02:40.889;CFR SI 20250417 PS AM C 190.00 0;SIMPLE_INSTRUMENT;BLOCK;CHF;53;3.03000000;550;EXCHANGE_LAST;;1;1;XEUR;12688205;313;
06.02.2025;10:51:40.937;CLN FI 20250305 CS EU C 10.6000 0;FLEXIBLE_INSTRUMENT;BLOCK;CHF;26;0.20000000;1500;EXCHANGE_LAST;;1;1;XEUR;1152922775917177611;296;
06.02.2025;14:59:36.836;CLN SI 20260619 PS AM P 8.00 0;SIMPLE_INSTRUMENT;BLOCK;CHF;75;0.42000000;2000;EXCHANGE_LAST;;1;1;XEUR;9542931;296;
06.02.2025;16:39:30.532;CR5J SI 20250320 CS;SIMPLE_INSTRUMENT;BLOCK;EUR;83;46.33000000;500;EXCHANGE_LAST;;1;1;XEUR;10689747;50861;
06.02.2025;16:19:57.706;CRI5 FI 20281214 PS EU P 45.0000 0;FLEXIBLE_INSTRUMENT;BLOCK;EUR;22;12.01000000;5000;EXCHANGE_LAST;;1;1;XEUR;1152922878996390796;320;
06.02.2025;16:20:02.365;CRI5 FI 20281214 PS EU C 45.0000 0;FLEXIBLE_INSTRUMENT;BLOCK;EUR;23;7.00000000;5000;EXCHANGE_LAST;;1;1;XEUR;1152922878996390797;320;
06.02.2025;14:25:42.730;D3AI SI 20251219 CS;SIMPLE_INSTRUMENT;BLOCK;EUR;54;4.23000000;70;EXCHANGE_LAST;;1;1;XEUR;7144062;443197;
06.02.2025;17:00:50.019;D3AI SI 20251219 CS;SIMPLE_INSTRUMENT;BLOCK;EUR;86;4.25000000;150;EXCHANGE_LAST;;1;2;XEUR;7144062;443197;
06.02.2025;12:45:16.207;DAI SI 20250620 PS AM C 60.00 0;SIMPLE_INSTRUMENT;BLOCK;EUR;4;2.16000000;3000;EXCHANGE_LAST;;2;1;XEUR;7934293;443196;
06.02.2025;10:16:43.430;DPW SI 20251219 PS AM P 30.00 0;SIMPLE_INSTRUMENT;BLOCK;EUR;3;1.46000000;3000;EXCHANGE_LAST;;1;1;XEUR;12439690;445;
06.02.2025;14:37:24.281;DPW SI 20250417 PS AM C 37.00 0;SIMPLE_INSTRUMENT;BLOCK;EUR;21;0.78000000;3000;EXCHANGE_LAST;;2;3;XEUR;12619827;445;
06.02.2025;15:47:24.828;DPW SI 20250221 PS AM C 36.50 0;SIMPLE_INSTRUMENT;BLOCK;EUR;27;0.21000000;6200;EXCHANGE_LAST;;1;1;XEUR;12243297;445;
06.02.2025;10:55:12.572;DTE SI 20251219 PS AM P 31.00 0;SIMPLE_INSTRUMENT;BLOCK;EUR;6;1.58000000;3000;EXCHANGE_LAST;;1;1;XEUR;12597402;424;
06.02.2025;14:03:50.011;DUFN SI 20260619 PS AM C 40.00 0;SIMPLE_INSTRUMENT;BLOCK;CHF;64;5.51000000;300;EXCHANGE_LAST;;1;1;XEUR;11356369;418;
06.02.2025;09:34:30.793;E2NL SI 20250321 CS;SIMPLE_INSTRUMENT;BLOCK;EUR;2;0.21500000;4375;EXCHANGE_LAST;;1;1;XEUR;10403435;471;
06.02.2025;14:25:36.108;E2NL SI 20251219 CS;SIMPLE_INSTRUMENT;BLOCK;EUR;52;0.45500000;900;EXCHANGE_LAST;;1;1;XEUR;3681293;471;
06.02.2025;16:12:56.421;E2NL SI 20271217 CS;SIMPLE_INSTRUMENT;BLOCK;EUR;72;0.42500000;3000;EXCHANGE_LAST;;1;1;XEUR;5914571;471;
06.02.2025;13:52:59.329;E2NT SI 20271217 CS;SIMPLE_INSTRUMENT;BLOCK;EUR;43;0.93000000;1000;EXCHANGE_LAST;;1;1;XEUR;5914575;470;
06.02.2025;15:43:04.618;E2NT SI 20271217 CS;SIMPLE_INSTRUMENT;BLOCK;EUR;63;0.93000000;500;EXCHANGE_LAST;;1;1;XEUR;5914575;470;
06.02.2025;16:29:27.197;E2NT SI 20271217 CS;SIMPLE_INSTRUMENT;BLOCK;EUR;82;0.93000000;500;EXCHANGE_LAST;;1;1;XEUR;5914575;470;
06.02.2025;15:58:58.435;EAD SI 20250221 PS AM C 172.00 0;SIMPLE_INSTRUMENT;BLOCK;EUR;33;2.80000000;500;EXCHANGE_LAST;;1;1;XEUR;12620267;465;
06.02.2025;11:06:24.680;ELVH SI 20250321 CS;SIMPLE_INSTRUMENT;BLOCK;EUR;17;48.61170000;250;EXCHANGE_LAST;;1;1;XEUR;10720458;47535;
06.02.2025;14:55:41.170;EMSN SI 20250919 PS AM P 560.00 0;SIMPLE_INSTRUMENT;BLOCK;CHF;71;13.80000000;300;EXCHANGE_LAST;;1;1;XEUR;11905709;26645;
06.02.2025;10:41:45.742;ENL5 SI 20251218 PS AM P 6.80 0;SIMPLE_INSTRUMENT;BLOCK;EUR;8;0.42400000;1750;EXCHANGE_LAST;;1;1;XEUR;12016976;500;
06.02.2025;09:34:29.160;ENLH SI 20250320 CS;SIMPLE_INSTRUMENT;BLOCK;EUR;1;6.96830000;10000;EXCHANGE_LAST;;1;1;XEUR;10690796;524976;
06.02.2025;11:01:19.934;ENR SI 20250221 PS AM C 58.00 0;SIMPLE_INSTRUMENT;BLOCK;EUR;8;2.68000000;2000;EXCHANGE_LAST;;1;1;XEUR;12273405;298530;
06.02.2025;12:25:43.079;ENR SI 20250221 PS AM C 58.00 0;SIMPLE_INSTRUMENT;BLOCK;EUR;10;2.70000000;1000;EXCHANGE_LAST;;2;1;XEUR;12273405;298530;
06.02.2025;16:29:44.372;ENT5.O.250206.STD.000001;STANDARD_OPTION_STRATEGY;BLOCK;EUR;24;1.30000000;600;EXCHANGE_LAST;;1;1;XEUR;72059728636684221;497;
06.02.2025;16:29:44.372;ENT5 SI 20250619 PS AM C 14.00 0;SIMPLE_INSTRUMENT;BLOCK;EUR;24;0.42050000;600;PRC_DECOMP_EXCHANGE;;;;XEUR;7889863;497;EXCHANGE
06.02.2025;16:29:44.372;ENT5 SI 20250619 PS AM P 14.00 0;SIMPLE_INSTRUMENT;BLOCK;EUR;24;0.87950000;600;PRC_DECOMP_EXCHANGE;;;;XEUR;7889865;497;EXCHANGE
06.02.2025;15:15:14.521;F3IA SI 20261218 CS;SIMPLE_INSTRUMENT;BLOCK;EUR;59;0.62000000;750;EXCHANGE_LAST;;1;3;XEUR;6830373;390387;
06.02.2025;10:48:25.395;F3TE SI 20261218 CS;SIMPLE_INSTRUMENT;BLOCK;EUR;13;0.74000000;750;EXCHANGE_LAST;;1;1;XEUR;6633899;390379;
06.02.2025;11:07:03.077;F3TE SI 20261218 CS;SIMPLE_INSTRUMENT;BLOCK;EUR;19;0.74000000;1500;EXCHANGE_LAST;;1;2;XEUR;6633899;390379;
06.02.2025;16:25:32.058;F3TE SI 20251219 CS;SIMPLE_INSTRUMENT;BLOCK;EUR;81;0.75200000;420;EXCHANGE_LAST;;1;1;XEUR;6633903;390379;
06.02.2025;08:38:38.450;FBTP SI 20250306 PS;SIMPLE_INSTRUMENT;EFP_FIN;EUR;1;120.55000000;296;EXCHANGE_LAST;;1;1;XEUR;11286675;636;
06.02.2025;09:06:58.529;FBTP SI 20250306 PS;SIMPLE_INSTRUMENT;BLOCK;EUR;2;120.45000000;1000;EXCHANGE_LAST;;1;1;XEUR;11286675;636;
06.02.2025;09:48:26.492;FBTP SI 20250306 PS;SIMPLE_INSTRUMENT;EFP_FIN;EUR;3;120.47000000;279;EXCHANGE_LAST;;1;1;XEUR;11286675;636;
06.02.2025;09:56:22.161;FBTP SI 20250306 PS;SIMPLE_INSTRUMENT;EFP_FIN;EUR;4;120.47000000;234;EXCHANGE_LAST;;1;1;XEUR;11286675;636;
06.02.2025;10:20:18.858;FBTP SI 20250306 PS;SIMPLE_INSTRUMENT;EFP_FIN;EUR;5;120.67000000;627;EXCHANGE_LAST;;1;1;XEUR;11286675;636;
06.02.2025;10:25:31.543;FBTP SI 20250306 PS;SIMPLE_INSTRUMENT;EFP_FIN;EUR;6;120.70000000;448;EXCHANGE_LAST;;1;1;XEUR;11286675;636;
06.02.2025;10:25:22.765;FBTP SI 20250306 PS;SIMPLE_INSTRUMENT;EFP_FIN;EUR;7;120.70000000;448;EXCHANGE_LAST;;1;1;XEUR;11286675;636;
06.02.2025;10:29:50.316;FBTP SI 20250306 PS;SIMPLE_INSTRUMENT;EFP_FIN;EUR;8;120.70000000;1790;EXCHANGE_LAST;;1;1;XEUR;11286675;636;
06.02.2025;10:33:46.068;FBTP SI 20250306 PS;SIMPLE_INSTRUMENT;EFP_FIN;EUR;9;120.47000000;3805;EXCHANGE_LAST;;1;1;XEUR;11286675;636;
06.02.2025;10:39:30.777;FBTP SI 20250306 PS;SIMPLE_INSTRUMENT;EFP_FIN;EUR;10;120.57000000;1791;EXCHANGE_LAST;;1;1;XEUR;11286675;636;
06.02.2025;10:45:07.726;FBTP SI 20250306 PS;SIMPLE_INSTRUMENT;EFP_FIN;EUR;11;120.67000000;1343;EXCHANGE_LAST;;1;1;XEUR;11286675;636;
06.02.2025;10:46:09.080;FBTP SI 20250306 PS;SIMPLE_INSTRUMENT;EFP_FIN;EUR;12;120.69000000;158;EXCHANGE_LAST;;1;1;XEUR;11286675;636;
06.02.2025;11:09:16.882;FBTP SI 20250306 PS;SIMPLE_INSTRUMENT;EFP_FIN;EUR;13;120.68000000;1730;EXCHANGE_LAST;;1;1;XEUR;11286675;636;
06.02.2025;11:23:09.507;FBTP SI 20250306 PS;SIMPLE_INSTRUMENT;EFP_FIN;EUR;14;120.70000000;895;EXCHANGE_LAST;;1;1;XEUR;11286675;636;
06.02.2025;11:57:41.888;FBTP SI 20250306 PS;SIMPLE_INSTRUMENT;EFP_FIN;EUR;15;120.72000000;2238;EXCHANGE_LAST;;1;1;XEUR;11286675;636;
06.02.2025;11:58:01.036;FBTP SI 20250306 PS;SIMPLE_INSTRUMENT;EFP_FIN;EUR;16;120.72000000;895;EXCHANGE_LAST;;1;1;XEUR;11286675;636;
06.02.2025;12:10:00.874;FBTP SI 20250306 PS;SIMPLE_INSTRUMENT;EFP_FIN;EUR;17;120.83000000;895;EXCHANGE_LAST;;1;1;XEUR;11286675;636;
06.02.2025;12:43:22.919;FBTP SI 20250306 PS;SIMPLE_INSTRUMENT;EFP_FIN;EUR;18;120.73000000;170;EXCHANGE_LAST;;1;1;XEUR;11286675;636;
06.02.2025;12:57:54.394;FBTP SI 20250306 PS;SIMPLE_INSTRUMENT;EFP_FIN;EUR;19;120.72000000;245;EXCHANGE_LAST;;1;1;XEUR;11286675;636;
06.02.2025;12:59:31.836;FBTP SI 20250306 PS;SIMPLE_INSTRUMENT;EFP_FIN;EUR;20;120.68000000;224;EXCHANGE_LAST;;1;1;XEUR;11286675;636;
06.02.2025;13:25:44.687;FBTP SI 20250306 PS;SIMPLE_INSTRUMENT;EFP_FIN;EUR;22;120.68000000;448;EXCHANGE_LAST;;1;1;XEUR;11286675;636;
06.02.2025;13:15:37.025;FBTP SI 20250306 PS;SIMPLE_INSTRUMENT;EFP_FIN;EUR;23;120.68000000;179;EXCHANGE_LAST;;1;1;XEUR;11286675;636;
06.02.2025;13:51:32.339;FBTP SI 20250306 PS;SIMPLE_INSTRUMENT;EFP_FIN;EUR;24;120.78000000;100;EXCHANGE_LAST;;1;1;XEUR;11286675;636;
06.02.2025;14:08:02.863;FBTP SI 20250306 PS;SIMPLE_INSTRUMENT;EFP_FIN;EUR;25;120.79000000;409;EXCHANGE_LAST;;1;1;XEUR;11286675;636;
06.02.2025;14:31:01.980;FBTP SI 20250306 PS;SIMPLE_INSTRUMENT;EFP_FIN;EUR;26;120.81000000;138;EXCHANGE_LAST;;1;1;XEUR;11286675;636;
06.02.2025;15:05:07.664;FBTP SI 20250306 PS;SIMPLE_INSTRUMENT;EFP_FIN;EUR;27;120.80000000;1342;EXCHANGE_LAST;;1;1;XEUR;11286675;636;
06.02.2025;15:09:05.557;FBTP SI 20250306 PS;SIMPLE_INSTRUMENT;EFP_FIN;EUR;28;120.78000000;1656;EXCHANGE_LAST;;1;1;XEUR;11286675;636;
06.02.2025;15:09:03.171;FBTP SI 20250306 PS;SIMPLE_INSTRUMENT;BLOCK;EUR;29;120.84000000;313;EXCHANGE_LAST;;1;1;XEUR;11286675;636;
06.02.2025;15:14:02.061;FBTP SI 20250306 PS;SIMPLE_INSTRUMENT;EFP_FIN;EUR;30;120.82000000;576;EXCHANGE_LAST;;1;1;XEUR;11286675;636;
06.02.2025;15:16:15.789;FBTP SI 20250306 PS;SIMPLE_INSTRUMENT;EFP_FIN;EUR;31;120.78000000;1343;EXCHANGE_LAST;;1;1;XEUR;11286675;636;
06.02.2025;16:04:08.574;FBTP SI 20250306 PS;SIMPLE_INSTRUMENT;EFP_FIN;EUR;32;120.85000000;1342;EXCHANGE_LAST;;1;1;XEUR;11286675;636;
06.02.2025;16:14:00.427;FBTP SI 20250306 PS;SIMPLE_INSTRUMENT;EFP_FIN;EUR;33;120.87000000;1343;EXCHANGE_LAST;;1;1;XEUR;11286675;636;
06.02.2025;16:22:57.681;FBTP SI 20250306 PS;SIMPLE_INSTRUMENT;EFP_FIN;EUR;34;120.80000000;85;EXCHANGE_LAST;;1;1;XEUR;11286675;636;
06.02.2025;09:09:19.428;FBTS SI 20250306 PS;SIMPLE_INSTRUMENT;EFP_FIN;EUR;4;107.50000000;454;EXCHANGE_LAST;;1;1;XEUR;11286677;639;
06.02.2025;09:20:04.231;FBTS SI 20250306 PS;SIMPLE_INSTRUMENT;EFP_FIN;EUR;5;107.50000000;454;EXCHANGE_LAST;;1;1;XEUR;11286677;639;
06.02.2025;09:25:06.529;FBTS SI 20250306 PS;SIMPLE_INSTRUMENT;EFP_FIN;EUR;7;107.49000000;454;EXCHANGE_LAST;;1;1;XEUR;11286677;639;
06.02.2025;10:38:34.838;FBTS SI 20250306 PS;SIMPLE_INSTRUMENT;EFP_FIN;EUR;9;107.53000000;406;EXCHANGE_LAST;;1;1;XEUR;11286677;639;
06.02.2025;10:54:45.684;FBTS SI 20250306 PS;SIMPLE_INSTRUMENT;EFP_FIN;EUR;10;107.53000000;1235;EXCHANGE_LAST;;1;1;XEUR;11286677;639;
06.02.2025;11:25:22.736;FBTS SI 20250306 PS;SIMPLE_INSTRUMENT;EFP_FIN;EUR;16;107.53000000;335;EXCHANGE_LAST;;1;1;XEUR;11286677;639;
06.02.2025;11:42:05.135;FBTS SI 20250306 PS;SIMPLE_INSTRUMENT;EFP_FIN;EUR;20;107.53000000;908;EXCHANGE_LAST;;1;1;XEUR;11286677;639;
06.02.2025;11:52:55.009;FBTS SI 20250306 PS;SIMPLE_INSTRUMENT;BLOCK;EUR;21;107.54000000;908;EXCHANGE_LAST;;1;1;XEUR;11286677;639;
06.02.2025;12:32:26.754;FBTS SI 20250306 PS;SIMPLE_INSTRUMENT;EFP_FIN;EUR;25;107.55000000;1164;EXCHANGE_LAST;;1;1;XEUR;11286677;639;
06.02.2025;12:54:32.404;FBTS SI 20250306 PS;SIMPLE_INSTRUMENT;EFP_FIN;EUR;27;107.55000000;2011;EXCHANGE_LAST;;1;1;XEUR;11286677;639;
06.02.2025;13:41:09.966;FBTS SI 20250306 PS;SIMPLE_INSTRUMENT;EFP_FIN;EUR;28;107.53000000;138;EXCHANGE_LAST;;1;1;XEUR;11286677;639;
06.02.2025;13:44:38.675;FBTS SI 20250306 PS;SIMPLE_INSTRUMENT;EFP_FIN;EUR;30;107.54000000;4498;EXCHANGE_LAST;;1;1;XEUR;11286677;639;
06.02.2025;14:09:32.953;FBTS SI 20250306 PS;SIMPLE_INSTRUMENT;EFP_FIN;EUR;31;107.55000000;980;EXCHANGE_LAST;;1;1;XEUR;11286677;639;
06.02.2025;14:11:41.933;FBTS SI 20250306 PS;SIMPLE_INSTRUMENT;EFP_FIN;EUR;32;107.55000000;908;EXCHANGE_LAST;;1;1;XEUR;11286677;639;
06.02.2025;14:12:12.518;FBTS SI 20250306 PS;SIMPLE_INSTRUMENT;EFP_FIN;EUR;33;107.55000000;1358;EXCHANGE_LAST;;1;1;XEUR;11286677;639;
06.02.2025;14:24:07.524;FBTS SI 20250306 PS;SIMPLE_INSTRUMENT;EFP_FIN;EUR;34;107.56000000;1271;EXCHANGE_LAST;;1;1;XEUR;11286677;639;
06.02.2025;14:30:10.226;FBTS SI 20250306 PS;SIMPLE_INSTRUMENT;EFP_FIN;EUR;38;107.56000000;908;EXCHANGE_LAST;;1;1;XEUR;11286677;639;
06.02.2025;14:44:13.748;FBTS SI 20250306 PS;SIMPLE_INSTRUMENT;EFP_FIN;EUR;39;107.54000000;1124;EXCHANGE_LAST;;1;1;XEUR;11286677;639;
06.02.2025;14:50:52.830;FBTS SI 20250306 PS;SIMPLE_INSTRUMENT;EFP_FIN;EUR;40;107.55000000;1358;EXCHANGE_LAST;;1;1;XEUR;11286677;639;
06.02.2025;15:18:31.534;FBTS SI 20250306 PS;SIMPLE_INSTRUMENT;EFP_FIN;EUR;41;107.57000000;1588;EXCHANGE_LAST;;1;1;XEUR;11286677;639;
06.02.2025;15:33:56.518;FBTS SI 20250306 PS;SIMPLE_INSTRUMENT;EFP_FIN;EUR;44;107.57000000;217;EXCHANGE_LAST;;1;1;XEUR;11286677;639;
06.02.2025;15:57:11.857;FBTS SI 20250306 PS;SIMPLE_INSTRUMENT;EFP_FIN;EUR;45;107.59000000;907;EXCHANGE_LAST;;1;1;XEUR;11286677;639;
06.02.2025;15:59:47.052;FBTS SI 20250306 PS;SIMPLE_INSTRUMENT;EFP_FIN;EUR;46;107.60000000;1816;EXCHANGE_LAST;;1;1;XEUR;11286677;639;
06.02.2025;16:02:14.718;FBTS SI 20250306 PS;SIMPLE_INSTRUMENT;EFP_FIN;EUR;47;107.58000000;907;EXCHANGE_LAST;;1;1;XEUR;11286677;639;
06.02.2025;16:05:31.279;FBTS SI 20250306 PS;SIMPLE_INSTRUMENT;EFP_FIN;EUR;48;107.58000000;1815;EXCHANGE_LAST;;1;1;XEUR;11286677;639;
06.02.2025;16:07:01.738;FBTS SI 20250306 PS;SIMPLE_INSTRUMENT;EFP_FIN;EUR;49;107.60000000;1816;EXCHANGE_LAST;;1;1;XEUR;11286677;639;
06.02.2025;16:21:18.279;FBTS SI 20250306 PS;SIMPLE_INSTRUMENT;EFP_FIN;EUR;50;107.58000000;908;EXCHANGE_LAST;;1;1;XEUR;11286677;639;
06.02.2025;10:59:44.697;FCEU SI 20250317 PS;SIMPLE_INSTRUMENT;BLOCK;USD;1;1.03777000;55;EXCHANGE_LAST;;1;1;XEUR;9136240;369376;
06.02.2025;13:11:55.653;FCZU SI 20250317 CS;SIMPLE_INSTRUMENT;BLOCK;USD;2;0.05352000;75;EXCHANGE_LAST;;1;1;XEUR;11329546;570872;
06.02.2025;14:02:58.266;FCZU SI 20250317 CS;SIMPLE_INSTRUMENT;BLOCK;USD;3;0.05363000;25;EXCHANGE_LAST;;1;1;XEUR;11329546;570872;
06.02.2025;09:02:00.936;FDAX SI 20250321 CS;SIMPLE_INSTRUMENT;VOLA;EUR;671088646;21844.00000000;40;EXCHANGE_LAST;;1;1;XEUR;7561255;589;
06.02.2025;09:39:04.721;FDAX SI 20250321 CS;SIMPLE_INSTRUMENT;VOLA;EUR;671088648;21840.00000000;9;EXCHANGE_LAST;;1;1;XEUR;7561255;589;
06.02.2025;08:57:15.341;FEBD SI 20261218 CS;SIMPLE_INSTRUMENT;BLOCK;EUR;3;10.26000000;1000;EXCHANGE_LAST;;1;1;XEUR;7158212;597;
06.02.2025;09:34:39.263;FEBD SI 20251219 CS;SIMPLE_INSTRUMENT;BLOCK;EUR;6;10.88000000;920;EXCHANGE_LAST;;2;1;XEUR;5914075;597;
06.02.2025;11:40:35.139;FEBD SI 20261218 CS;SIMPLE_INSTRUMENT;BLOCK;EUR;23;10.26000000;200;EXCHANGE_LAST;;1;1;XEUR;7158212;597;
06.02.2025;11:40:18.909;FEBD SI 20261218 CS;SIMPLE_INSTRUMENT;BLOCK;EUR;29;10.28000000;250;EXCHANGE_LAST;;1;1;XEUR;7158212;597;
06.02.2025;11:54:08.193;FEBD SI 20261218 CS;SIMPLE_INSTRUMENT;BLOCK;EUR;33;10.27000000;500;EXCHANGE_LAST;;1;1;XEUR;7158212;597;
06.02.2025;12:15:59.656;FEBD SI 20261218 CS;SIMPLE_INSTRUMENT;BLOCK;EUR;34;10.26000000;300;EXCHANGE_LAST;;1;1;XEUR;7158212;597;
06.02.2025;12:13:11.847;FEBD SI 20261218 CS;SIMPLE_INSTRUMENT;BLOCK;EUR;35;10.27000000;500;EXCHANGE_LAST;;1;1;XEUR;7158212;597;
06.02.2025;14:52:17.643;FEBD SI 20251219 CS;SIMPLE_INSTRUMENT;BLOCK;EUR;58;10.89000000;900;EXCHANGE_LAST;;1;1;XEUR;5914075;597;
06.02.2025;14:52:46.349;FEBD SI 20261218 CS;SIMPLE_INSTRUMENT;BLOCK;EUR;59;10.24000000;900;EXCHANGE_LAST;;1;1;XEUR;7158212;597;
06.02.2025;14:52:56.357;FEBD SI 20271217 CS;SIMPLE_INSTRUMENT;BLOCK;EUR;61;9.44000000;900;EXCHANGE_LAST;;1;1;XEUR;7776307;597;
06.02.2025;14:53:14.641;FEBD SI 20281215 CS;SIMPLE_INSTRUMENT;BLOCK;EUR;62;8.75000000;900;EXCHANGE_LAST;;1;1;XEUR;7776305;597;
06.02.2025;14:53:29.959;FEBD SI 20291221 CS;SIMPLE_INSTRUMENT;BLOCK;EUR;63;8.23000000;900;EXCHANGE_LAST;;1;1;XEUR;8782283;597;
06.02.2025;16:03:34.806;FES1 SI 20250321 PS;SIMPLE_INSTRUMENT;BLOCK;EUR;80;9.80000000;450;EXCHANGE_LAST;;1;1;XEUR;11391470;58959;
06.02.2025;16:16:04.702;FES1 SI 20250321 PS;SIMPLE_INSTRUMENT;BLOCK;EUR;82;9.80000000;200;EXCHANGE_LAST;;1;1;XEUR;11391470;58959;
06.02.2025;11:08:56.322;FESB SI 20250321 CS;SIMPLE_INSTRUMENT;BLOCK;EUR;30;164.65000000;10000;EXCHANGE_LAST;;1;1;XEUR;11359072;605;
06.02.2025;11:31:35.677;FESB SI 20250321 CS;SIMPLE_INSTRUMENT;BLOCK;EUR;33;164.65000000;5000;EXCHANGE_LAST;;1;1;XEUR;11359072;605;
06.02.2025;12:20:23.927;FESB SI 20250321 CS;SIMPLE_INSTRUMENT;BLOCK;EUR;37;164.90000000;1740;EXCHANGE_LAST;;1;1;XEUR;11359072;605;
06.02.2025;14:52:13.318;FESB SI 20250321 CS;SIMPLE_INSTRUMENT;BLOCK;EUR;40;167.30000000;2481;EXCHANGE_LAST;;1;1;XEUR;11359072;605;
06.02.2025;16:22:33.933;FESB SI 20250321 CS;SIMPLE_INSTRUMENT;BLOCK;EUR;41;168.10000000;2600;EXCHANGE_LAST;;1;1;XEUR;11359072;605;
06.02.2025;16:36:38.116;FESB SI 20250321 CS;SIMPLE_INSTRUMENT;BLOCK;EUR;42;168.50000000;7000;EXCHANGE_LAST;;1;1;XEUR;11359072;605;
06.02.2025;16:37:36.981;FESB SI 20250321 CS;SIMPLE_INSTRUMENT;BLOCK;EUR;43;168.10000000;14343;EXCHANGE_LAST;;1;1;XEUR;11359072;605;
06.02.2025;16:37:37.004;FESB SI 20250321 CS;SIMPLE_INSTRUMENT;BLOCK;EUR;44;168.00000000;27967;EXCHANGE_LAST;;1;1;XEUR;11359072;605;
06.02.2025;16:42:34.067;FESB SI 20250321 CS;SIMPLE_INSTRUMENT;EFP_IDX;EUR;45;168.70000000;497;EXCHANGE_LAST;;1;1;XEUR;11359072;605;
06.02.2025;16:42:54.338;FESB SI 20250321 CS;SIMPLE_INSTRUMENT;EFP_IDX;EUR;46;168.80000000;924;EXCHANGE_LAST;;1;1;XEUR;11359072;605;
06.02.2025;16:44:48.666;FESB SI 20250321 CS;SIMPLE_INSTRUMENT;EFP_IDX;EUR;47;168.75000000;750;EXCHANGE_LAST;;1;1;XEUR;11359072;605;
06.02.2025;16:44:58.967;FESB SI 20250321 CS;SIMPLE_INSTRUMENT;EFP_IDX;EUR;48;168.80000000;1750;EXCHANGE_LAST;;1;1;XEUR;11359072;605;
06.02.2025;16:44:26.167;FESB SI 20250321 CS;SIMPLE_INSTRUMENT;EFP_IDX;EUR;49;168.75000000;750;EXCHANGE_LAST;;1;1;XEUR;11359072;605;
06.02.2025;16:44:52.577;FESB SI 20250321 CS;SIMPLE_INSTRUMENT;EFP_IDX;EUR;50;168.80000000;1750;EXCHANGE_LAST;;1;1;XEUR;11359072;605;
06.02.2025;16:54:30.814;FESB SI 20250321 CS;SIMPLE_INSTRUMENT;BLOCK;EUR;59;168.70000000;10000;EXCHANGE_LAST;;1;1;XEUR;11359072;605;
06.02.2025;16:57:11.516;FESB SI 20250321 CS;SIMPLE_INSTRUMENT;BLOCK;EUR;61;168.70000000;2000;EXCHANGE_LAST;;1;1;XEUR;11359072;605;
06.02.2025;14:01:23.382;FESB SI 20250321 CS;SIMPLE_INSTRUMENT;VOLA;EUR;603979813;165.70000000;1000;EXCHANGE_LAST;;1;1;XEUR;11359072;605;
06.02.2025;14:25:49.234;FESB SI 20250321 CS;SIMPLE_INSTRUMENT;VOLA;EUR;603979816;165.70000000;1197;EXCHANGE_LAST;;1;1;XEUR;11359072;605;
06.02.2025;14:25:31.233;FESB SI 20250321 CS;SIMPLE_INSTRUMENT;VOLA;EUR;603979817;165.80000000;2223;EXCHANGE_LAST;;1;1;XEUR;11359072;605;
06.02.2025;15:55:01.792;FESB SI 20250321 CS;SIMPLE_INSTRUMENT;VOLA;EUR;603979843;167.70000000;360;EXCHANGE_LAST;;1;1;XEUR;11359072;605;
06.02.2025;16:04:55.319;FESB SI 20250321 CS;SIMPLE_INSTRUMENT;VOLA;EUR;603979847;166.80000000;60;EXCHANGE_LAST;;1;1;XEUR;11359072;605;
06.02.2025;15:22:59.125;FESS SI 20250321 CS;SIMPLE_INSTRUMENT;VOLA;EUR;603979831;193.60000000;15;EXCHANGE_LAST;;1;1;XEUR;11359603;679;
06.02.2025;15:23:06.694;FESS SI 20250321 CS;SIMPLE_INSTRUMENT;VOLA;EUR;603979832;193.60000000;141;EXCHANGE_LAST;;1;1;XEUR;11359603;679;
06.02.2025;08:39:02.737;FESX SI 20250321 CS;SIMPLE_INSTRUMENT;BLOCK;EUR;1;5301.00000000;2500;EXCHANGE_LAST;;1;1;XEUR;7793482;675;
06.02.2025;10:18:53.825;FESX SI 20250321 CS;SIMPLE_INSTRUMENT;BLOCK;EUR;3;5320.00000000;2000;EXCHANGE_LAST;;1;1;XEUR;7793482;675;
06.02.2025;10:09:11.469;FESX SI 20250321 CS;SIMPLE_INSTRUMENT;BLOCK;EUR;4;5318.00000000;2015;EXCHANGE_LAST;;1;1;XEUR;7793482;675;
06.02.2025;12:30:16.652;FESX SI 20250321 CS;SIMPLE_INSTRUMENT;EFP_IDX;EUR;7;5320.00000000;1000;EXCHANGE_LAST;;1;1;XEUR;7793482;675;
06.02.2025;12:45:16.329;FESX SI 20250321 CS;SIMPLE_INSTRUMENT;EFP_IDX;EUR;9;5320.00000000;1000;EXCHANGE_LAST;;1;1;XEUR;7793482;675;
06.02.2025;12:43:40.078;FESX SI 20250321 CS;SIMPLE_INSTRUMENT;BLOCK;EUR;10;5320.00000000;3000;EXCHANGE_LAST;;1;1;XEUR;7793482;675;
06.02.2025;13:49:01.755;FESX SI 20250321 CS;SIMPLE_INSTRUMENT;EFP_IDX;EUR;11;5320.00000000;1000;EXCHANGE_LAST;;1;1;XEUR;7793482;675;
06.02.2025;14:38:25.739;FESX SI 20250321 CS;SIMPLE_INSTRUMENT;BLOCK;EUR;12;5342.00000000;2460;EXCHANGE_LAST;;1;1;XEUR;7793482;675;
06.02.2025;15:02:56.176;FESX SI 20250321 CS;SIMPLE_INSTRUMENT;BLOCK;EUR;13;5345.00000000;2000;EXCHANGE_LAST;;1;1;XEUR;7793482;675;
06.02.2025;15:07:38.089;FESX SI 20250321 CS;SIMPLE_INSTRUMENT;EFP_IDX;EUR;14;5340.00000000;1000;EXCHANGE_LAST;;1;1;XEUR;7793482;675;
06.02.2025;15:13:06.593;FESX SI 20250321 CS;SIMPLE_INSTRUMENT;EFP_IDX;EUR;15;5340.00000000;1000;EXCHANGE_LAST;;1;1;XEUR;7793482;675;
06.02.2025;15:13:55.066;FESX SI 20250321 CS;SIMPLE_INSTRUMENT;EFP_IDX;EUR;16;5340.00000000;1000;EXCHANGE_LAST;;1;1;XEUR;7793482;675;
06.02.2025;15:29:37.182;FESX SI 20250321 CS;SIMPLE_INSTRUMENT;EFP_IDX;EUR;17;5355.00000000;250;EXCHANGE_LAST;;1;1;XEUR;7793482;675;
06.02.2025;16:07:32.424;FESX SI 20250321 CS;SIMPLE_INSTRUMENT;EFP_IDX;EUR;18;5350.00000000;1000;EXCHANGE_LAST;;1;1;XEUR;7793482;675;
06.02.2025;16:07:37.814;FESX SI 20250321 CS;SIMPLE_INSTRUMENT;EFP_IDX;EUR;19;5350.00000000;1000;EXCHANGE_LAST;;1;1;XEUR;7793482;675;
06.02.2025;16:12:22.383;FESX SI 20250321 CS;SIMPLE_INSTRUMENT;EFP_IDX;EUR;20;5350.00000000;1000;EXCHANGE_LAST;;1;1;XEUR;7793482;675;
06.02.2025;16:14:50.251;FESX SI 20250321 CS;SIMPLE_INSTRUMENT;EFP_IDX;EUR;21;5355.00000000;1000;EXCHANGE_LAST;;1;1;XEUR;7793482;675;
06.02.2025;16:24:59.335;FESX SI 20250321 CS;SIMPLE_INSTRUMENT;EFP_IDX;EUR;22;5360.00000000;1000;EXCHANGE_LAST;;1;1;XEUR;7793482;675;
06.02.2025;16:32:24.926;FESX SI 20250321 CS;SIMPLE_INSTRUMENT;EFP_IDX;EUR;23;5350.00000000;1000;EXCHANGE_LAST;;1;1;XEUR;7793482;675;
06.02.2025;16:42:29.335;FESX SI 20250321 CS;SIMPLE_INSTRUMENT;EFP_IDX;EUR;24;5367.00000000;472;EXCHANGE_LAST;;1;1;XEUR;7793482;675;
06.02.2025;16:42:42.029;FESX SI 20250321 CS;SIMPLE_INSTRUMENT;EFP_IDX;EUR;25;5366.00000000;278;EXCHANGE_LAST;;1;1;XEUR;7793482;675;
06.02.2025;16:45:06.027;FESX SI 20250321 CS;SIMPLE_INSTRUMENT;EFP_IDX;EUR;26;5366.00000000;248;EXCHANGE_LAST;;1;1;XEUR;7793482;675;
06.02.2025;16:45:28.358;FESX SI 20250321 CS;SIMPLE_INSTRUMENT;EFP_IDX;EUR;27;5367.00000000;152;EXCHANGE_LAST;;1;1;XEUR;7793482;675;
06.02.2025;16:46:57.689;FESX SI 20250321 CS;SIMPLE_INSTRUMENT;EFP_IDX;EUR;28;5366.00000000;155;EXCHANGE_LAST;;1;1;XEUR;7793482;675;
06.02.2025;16:47:07.165;FESX SI 20250321 CS;SIMPLE_INSTRUMENT;EFP_IDX;EUR;29;5367.00000000;95;EXCHANGE_LAST;;1;1;XEUR;7793482;675;
06.02.2025;16:55:39.883;FESX SI 20250321 CS;SIMPLE_INSTRUMENT;EFP_IDX;EUR;30;5367.00000000;190;EXCHANGE_LAST;;1;1;XEUR;7793482;675;
06.02.2025;16:55:51.466;FESX SI 20250321 CS;SIMPLE_INSTRUMENT;EFP_IDX;EUR;31;5367.00000000;760;EXCHANGE_LAST;;1;1;XEUR;7793482;675;
06.02.2025;16:48:49.176;FESX SI 20250321 CS;SIMPLE_INSTRUMENT;EFP_IDX;EUR;32;5366.00000000;310;EXCHANGE_LAST;;1;1;XEUR;7793482;675;
06.02.2025;16:52:19.660;FESX SI 20250321 CS;SIMPLE_INSTRUMENT;EFP_IDX;EUR;33;5366.00000000;1240;EXCHANGE_LAST;;1;1;XEUR;7793482;675;
06.02.2025;16:49:10.070;FESX SI 20250321 CS;SIMPLE_INSTRUMENT;EFP_IDX;EUR;34;5366.00000000;372;EXCHANGE_LAST;;1;1;XEUR;7793482;675;
06.02.2025;16:49:19.775;FESX SI 20250321 CS;SIMPLE_INSTRUMENT;EFP_IDX;EUR;35;5367.00000000;228;EXCHANGE_LAST;;1;1;XEUR;7793482;675;
06.02.2025;16:49:24.877;FESX SI 20250321 CS;SIMPLE_INSTRUMENT;EFP_IDX;EUR;36;5365.00000000;1000;EXCHANGE_LAST;;1;1;XEUR;7793482;675;
06.02.2025;16:56:46.907;FESX SI 20250321 CS;SIMPLE_INSTRUMENT;EFP_IDX;EUR;37;5366.00000000;371;EXCHANGE_LAST;;1;1;XEUR;7793482;675;
06.02.2025;16:55:38.755;FESX SI 20250321 CS;SIMPLE_INSTRUMENT;EFP_IDX;EUR;38;5367.00000000;379;EXCHANGE_LAST;;1;1;XEUR;7793482;675;
06.02.2025;16:51:12.895;FESX SI 20250321 CS;SIMPLE_INSTRUMENT;EFP_IDX;EUR;39;5366.00000000;1240;EXCHANGE_LAST;;1;1;XEUR;7793482;675;
06.02.2025;16:51:34.235;FESX SI 20250321 CS;SIMPLE_INSTRUMENT;EFP_IDX;EUR;40;5367.00000000;760;EXCHANGE_LAST;;1;1;XEUR;7793482;675;
06.02.2025;16:52:19.118;FESX SI 20250321 CS;SIMPLE_INSTRUMENT;EFP_IDX;EUR;41;5367.00000000;191;EXCHANGE_LAST;;1;1;XEUR;7793482;675;
06.02.2025;16:53:17.488;FESX SI 20250321 CS;SIMPLE_INSTRUMENT;EFP_IDX;EUR;42;5366.00000000;559;EXCHANGE_LAST;;1;1;XEUR;7793482;675;
06.02.2025;16:53:56.889;FESX SI 20250321 CS;SIMPLE_INSTRUMENT;EFP_IDX;EUR;43;5367.00000000;38;EXCHANGE_LAST;;1;1;XEUR;7793482;675;
06.02.2025;16:54:12.289;FESX SI 20250321 CS;SIMPLE_INSTRUMENT;EFP_IDX;EUR;44;5366.00000000;62;EXCHANGE_LAST;;1;1;XEUR;7793482;675;
06.02.2025;08:31:02.630;FESX SI 20250321 CS;SIMPLE_INSTRUMENT;VOLA;EUR;637534213;5303.00000000;160;EXCHANGE_LAST;;1;1;XEUR;7793482;675;
06.02.2025;09:04:32.234;FESX SI 20250321 CS;SIMPLE_INSTRUMENT;VOLA;EUR;637534228;5317.00000000;65;EXCHANGE_LAST;;1;1;XEUR;7793482;675;
06.02.2025;09:36:05.035;FESX SI 20250321 CS;SIMPLE_INSTRUMENT;VOLA;EUR;637534240;5313.00000000;693;EXCHANGE_LAST;;1;1;XEUR;7793482;675;
06.02.2025;09:49:48.007;FESX SI 20250321 CS;SIMPLE_INSTRUMENT;VOLA;EUR;637534245;5313.00000000;700;EXCHANGE_LAST;;1;1;XEUR;7793482;675;
06.02.2025;10:05:35.566;FESX SI 20250321 CS;SIMPLE_INSTRUMENT;VOLA;EUR;637534251;5305.00000000;16;EXCHANGE_LAST;;1;1;XEUR;7793482;675;
06.02.2025;13:51:20.192;FESX SI 20250321 CS;SIMPLE_INSTRUMENT;VOLA;EUR;637534345;5323.00000000;1458;EXCHANGE_LAST;;1;1;XEUR;7793482;675;
06.02.2025;14:56:25.548;FESX SI 20250321 CS;SIMPLE_INSTRUMENT;VOLA;EUR;637534373;5346.00000000;1840;EXCHANGE_LAST;;1;1;XEUR;7793482;675;
06.02.2025;16:20:15.074;FESX SI 20250321 CS;SIMPLE_INSTRUMENT;VOLA;EUR;637534421;5360.00000000;150;EXCHANGE_LAST;;1;1;XEUR;7793482;675;
06.02.2025;16:29:06.479;FESX SI 20250321 CS;SIMPLE_INSTRUMENT;VOLA;EUR;637534427;5365.00000000;345;EXCHANGE_LAST;;1;1;XEUR;7793482;675;
06.02.2025;16:29:09.398;FESX SI 20250321 CS;SIMPLE_INSTRUMENT;VOLA;EUR;637534428;5365.00000000;345;EXCHANGE_LAST;;1;1;XEUR;7793482;675;
06.02.2025;09:28:12.148;FEXD SI 20261218 CS;SIMPLE_INSTRUMENT;BLOCK;EUR;4;158.70000000;750;EXCHANGE_LAST;;1;1;XEUR;2163053;693;
06.02.2025;09:28:47.245;FEXD SI 20271217 CS;SIMPLE_INSTRUMENT;BLOCK;EUR;5;153.10000000;750;EXCHANGE_LAST;;1;1;XEUR;2848338;693;
06.02.2025;09:41:25.927;FEXD SI 20251219 CS;SIMPLE_INSTRUMENT;BLOCK;EUR;7;164.30000000;200;EXCHANGE_LAST;;1;1;XEUR;1548120;693;
06.02.2025;09:41:16.430;FEXD SI 20251219 CS;SIMPLE_INSTRUMENT;BLOCK;EUR;8;164.40000000;200;EXCHANGE_LAST;;1;1;XEUR;1548120;693;
06.02.2025;10:24:51.941;FEXD SI 20271217 CS;SIMPLE_INSTRUMENT;BLOCK;EUR;13;153.30000000;175;EXCHANGE_LAST;;1;1;XEUR;2848338;693;
06.02.2025;10:25:12.602;FEXD SI 20281215 CS;SIMPLE_INSTRUMENT;BLOCK;EUR;14;148.70000000;175;EXCHANGE_LAST;;1;1;XEUR;3680985;693;
06.02.2025;11:09:46.759;FEXD SI 20281215 CS;SIMPLE_INSTRUMENT;BLOCK;EUR;20;148.70000000;150;EXCHANGE_LAST;;1;1;XEUR;3680985;693;
06.02.2025;11:10:03.633;FEXD SI 20291221 CS;SIMPLE_INSTRUMENT;BLOCK;EUR;21;145.00000000;150;EXCHANGE_LAST;;1;1;XEUR;4631968;693;
06.02.2025;13:09:36.496;FEXD SI 20251219 CS;SIMPLE_INSTRUMENT;BLOCK;EUR;38;164.10000000;2874;EXCHANGE_LAST;;1;1;XEUR;1548120;693;
06.02.2025;13:20:43.277;FEXD SI 20251219 CS;SIMPLE_INSTRUMENT;BLOCK;EUR;44;164.30000000;100;EXCHANGE_LAST;;1;1;XEUR;1548120;693;
06.02.2025;13:21:16.584;FEXD SI 20251219 CS;SIMPLE_INSTRUMENT;BLOCK;EUR;45;164.40000000;100;EXCHANGE_LAST;;1;1;XEUR;1548120;693;
06.02.2025;13:48:39.702;FEXD SI 20271217 CS;SIMPLE_INSTRUMENT;BLOCK;EUR;46;153.10000000;250;EXCHANGE_LAST;;1;1;XEUR;2848338;693;
06.02.2025;14:02:30.082;FEXD SI 20251219 CS;SIMPLE_INSTRUMENT;BLOCK;EUR;47;164.20000000;400;EXCHANGE_LAST;;2;2;XEUR;1548120;693;
06.02.2025;14:02:18.726;FEXD SI 20251219 CS;SIMPLE_INSTRUMENT;BLOCK;EUR;48;164.30000000;400;EXCHANGE_LAST;;2;2;XEUR;1548120;693;
06.02.2025;14:21:04.840;FEXD SI 20251219 CS;SIMPLE_INSTRUMENT;BLOCK;EUR;49;164.20000000;125;EXCHANGE_LAST;;1;1;XEUR;1548120;693;
06.02.2025;14:21:23.130;FEXD SI 20251219 CS;SIMPLE_INSTRUMENT;BLOCK;EUR;50;164.30000000;125;EXCHANGE_LAST;;1;1;XEUR;1548120;693;
06.02.2025;14:36:19.002;FEXD SI 20261218 CS;SIMPLE_INSTRUMENT;BLOCK;EUR;51;158.80000000;250;EXCHANGE_LAST;;1;1;XEUR;2163053;693;
06.02.2025;14:40:22.032;FEXD SI 20261218 CS;SIMPLE_INSTRUMENT;BLOCK;EUR;54;158.80000000;300;EXCHANGE_LAST;;1;1;XEUR;2163053;693;
06.02.2025;14:41:19.456;FEXD SI 20271217 CS;SIMPLE_INSTRUMENT;BLOCK;EUR;55;152.90000000;750;EXCHANGE_LAST;;2;1;XEUR;2848338;693;
06.02.2025;14:56:42.612;FEXD SI 20261218 CS;SIMPLE_INSTRUMENT;BLOCK;EUR;64;158.80000000;500;EXCHANGE_LAST;;1;1;XEUR;2163053;693;
06.02.2025;15:01:44.482;FEXD SI 20261218 CS;SIMPLE_INSTRUMENT;BLOCK;EUR;65;158.80000000;400;EXCHANGE_LAST;;1;1;XEUR;2163053;693;
06.02.2025;15:05:44.303;FEXD SI 20261218 CS;SIMPLE_INSTRUMENT;BLOCK;EUR;69;158.70000000;800;EXCHANGE_LAST;;1;1;XEUR;2163053;693;
06.02.2025;15:10:48.679;FEXD SI 20281215 CS;SIMPLE_INSTRUMENT;BLOCK;EUR;70;148.30000000;250;EXCHANGE_LAST;;1;1;XEUR;3680985;693;
06.02.2025;15:14:49.455;FEXD SI 20281215 CS;SIMPLE_INSTRUMENT;BLOCK;EUR;71;148.40000000;250;EXCHANGE_LAST;;1;1;XEUR;3680985;693;
06.02.2025;15:19:28.269;FEXD SI 20281215 CS;SIMPLE_INSTRUMENT;BLOCK;EUR;72;148.40000000;250;EXCHANGE_LAST;;1;1;XEUR;3680985;693;
06.02.2025;17:10:01.494;FEXD SI 20251219 CS;SIMPLE_INSTRUMENT;BLOCK;EUR;98;164.20000000;237;EXCHANGE_LAST;;2;1;XEUR;1548120;693;
06.02.2025;17:10:08.596;FEXD SI 20261218 CS;SIMPLE_INSTRUMENT;BLOCK;EUR;99;158.50000000;237;EXCHANGE_LAST;;2;1;XEUR;2163053;693;
06.02.2025;17:10:15.077;FEXD SI 20271217 CS;SIMPLE_INSTRUMENT;BLOCK;EUR;100;152.90000000;237;EXCHANGE_LAST;;2;1;XEUR;2848338;693;
06.02.2025;17:10:22.932;FEXD SI 20281215 CS;SIMPLE_INSTRUMENT;BLOCK;EUR;101;148.40000000;237;EXCHANGE_LAST;;2;1;XEUR;3680985;693;
06.02.2025;17:10:35.982;FEXD SI 20291221 CS;SIMPLE_INSTRUMENT;BLOCK;EUR;102;144.90000000;237;EXCHANGE_LAST;;2;1;XEUR;4631968;693;
06.02.2025;08:21:15.345;FGBL SI 20250306 PS;SIMPLE_INSTRUMENT;EFP_FIN;EUR;1;133.36000000;464;EXCHANGE_LAST;;1;1;XEUR;11286679;688;
06.02.2025;08:31:45.423;FGBL SI 20250306 PS;SIMPLE_INSTRUMENT;EFS;EUR;2;133.24000000;414;EXCHANGE_LAST;;1;1;XEUR;11286679;688;
06.02.2025;08:32:55.470;FGBL SI 20250306 PS;SIMPLE_INSTRUMENT;EFS;EUR;3;133.24000000;414;EXCHANGE_LAST;;1;1;XEUR;11286679;688;
06.02.2025;08:38:50.851;FGBL SI 20250306 PS;SIMPLE_INSTRUMENT;EFS;EUR;4;133.25000000;414;EXCHANGE_LAST;;1;1;XEUR;11286679;688;
06.02.2025;08:39:24.721;FGBL SI 20250306 PS;SIMPLE_INSTRUMENT;EFS;EUR;5;133.28000000;500;EXCHANGE_LAST;;1;1;XEUR;11286679;688;
06.02.2025;08:43:59.247;FGBL SI 20250306 PS;SIMPLE_INSTRUMENT;EFP_FIN;EUR;6;133.28000000;175;EXCHANGE_LAST;;1;1;XEUR;11286679;688;
06.02.2025;08:42:59.422;FGBL SI 20250306 PS;SIMPLE_INSTRUMENT;EFS;EUR;7;133.24000000;468;EXCHANGE_LAST;;1;1;XEUR;11286679;688;
06.02.2025;08:45:42.172;FGBL SI 20250306 PS;SIMPLE_INSTRUMENT;EFS;EUR;8;133.25000000;414;EXCHANGE_LAST;;1;1;XEUR;11286679;688;
06.02.2025;08:49:54.013;FGBL SI 20250306 PS;SIMPLE_INSTRUMENT;EFP_FIN;EUR;9;133.25000000;1858;EXCHANGE_LAST;;1;1;XEUR;11286679;688;
06.02.2025;08:50:06.974;FGBL SI 20250306 PS;SIMPLE_INSTRUMENT;EFP_FIN;EUR;10;133.25000000;474;EXCHANGE_LAST;;1;1;XEUR;11286679;688;
06.02.2025;08:51:23.018;FGBL SI 20250306 PS;SIMPLE_INSTRUMENT;EFP_FIN;EUR;11;133.25000000;284;EXCHANGE_LAST;;1;1;XEUR;11286679;688;
06.02.2025;09:00:44.786;FGBL SI 20250306 PS;SIMPLE_INSTRUMENT;EFS;EUR;12;133.25000000;414;EXCHANGE_LAST;;1;1;XEUR;11286679;688;
06.02.2025;09:02:38.813;FGBL SI 20250306 PS;SIMPLE_INSTRUMENT;EFS;EUR;13;133.21000000;415;EXCHANGE_LAST;;1;1;XEUR;11286679;688;
06.02.2025;09:03:49.356;FGBL SI 20250306 PS;SIMPLE_INSTRUMENT;EFS;EUR;14;133.24000000;414;EXCHANGE_LAST;;1;1;XEUR;11286679;688;
06.02.2025;09:06:05.445;FGBL SI 20250306 PS;SIMPLE_INSTRUMENT;EFP_FIN;EUR;15;133.23000000;505;EXCHANGE_LAST;;1;1;XEUR;11286679;688;
06.02.2025;09:06:36.121;FGBL SI 20250306 PS;SIMPLE_INSTRUMENT;EFP_FIN;EUR;16;133.24000000;316;EXCHANGE_LAST;;1;1;XEUR;11286679;688;
06.02.2025;09:06:48.270;FGBL SI 20250306 PS;SIMPLE_INSTRUMENT;EFP_FIN;EUR;17;133.21000000;314;EXCHANGE_LAST;;1;1;XEUR;11286679;688;
06.02.2025;09:08:58.880;FGBL SI 20250306 PS;SIMPLE_INSTRUMENT;EFS;EUR;18;133.20000000;290;EXCHANGE_LAST;;1;1;XEUR;11286679;688;
06.02.2025;09:12:59.247;FGBL SI 20250306 PS;SIMPLE_INSTRUMENT;EFS;EUR;19;133.20000000;137;EXCHANGE_LAST;;1;1;XEUR;11286679;688;
06.02.2025;09:18:39.165;FGBL SI 20250306 PS;SIMPLE_INSTRUMENT;EFP_FIN;EUR;20;133.15000000;197;EXCHANGE_LAST;;1;1;XEUR;11286679;688;
06.02.2025;09:22:17.578;FGBL SI 20250306 PS;SIMPLE_INSTRUMENT;EFP_FIN;EUR;21;133.15000000;100;EXCHANGE_LAST;;1;1;XEUR;11286679;688;
06.02.2025;09:22:56.763;FGBL SI 20250306 PS;SIMPLE_INSTRUMENT;EFS;EUR;22;133.15000000;200;EXCHANGE_LAST;;1;1;XEUR;11286679;688;
06.02.2025;09:24:46.190;FGBL SI 20250306 PS;SIMPLE_INSTRUMENT;EFP_FIN;EUR;23;133.16000000;198;EXCHANGE_LAST;;1;1;XEUR;11286679;688;
06.02.2025;09:25:16.614;FGBL SI 20250306 PS;SIMPLE_INSTRUMENT;EFS;EUR;24;133.16000000;207;EXCHANGE_LAST;;1;1;XEUR;11286679;688;
06.02.2025;09:32:41.767;FGBL SI 20250306 PS;SIMPLE_INSTRUMENT;EFS;EUR;25;133.16000000;907;EXCHANGE_LAST;;1;1;XEUR;11286679;688;
06.02.2025;09:35:24.380;FGBL SI 20250306 PS;SIMPLE_INSTRUMENT;EFS;EUR;26;133.16000000;474;EXCHANGE_LAST;;1;1;XEUR;11286679;688;
06.02.2025;09:37:46.076;FGBL SI 20250306 PS;SIMPLE_INSTRUMENT;BLOCK;EUR;27;133.16000000;2260;EXCHANGE_LAST;;1;1;XEUR;11286679;688;
06.02.2025;09:38:29.712;FGBL SI 20250306 PS;SIMPLE_INSTRUMENT;EFP_FIN;EUR;28;133.16000000;790;EXCHANGE_LAST;;1;1;XEUR;11286679;688;
06.02.2025;09:47:21.252;FGBL SI 20250306 PS;SIMPLE_INSTRUMENT;EFS;EUR;29;133.16000000;1797;EXCHANGE_LAST;;1;1;XEUR;11286679;688;
06.02.2025;09:49:25.490;FGBL SI 20250306 PS;SIMPLE_INSTRUMENT;EFP_FIN;EUR;30;133.18000000;238;EXCHANGE_LAST;;1;1;XEUR;11286679;688;
06.02.2025;09:52:57.754;FGBL SI 20250306 PS;SIMPLE_INSTRUMENT;EFS;EUR;31;133.24000000;415;EXCHANGE_LAST;;1;1;XEUR;11286679;688;
06.02.2025;09:54:25.795;FGBL SI 20250306 PS;SIMPLE_INSTRUMENT;EFS;EUR;32;133.20000000;414;EXCHANGE_LAST;;1;1;XEUR;11286679;688;
06.02.2025;09:58:29.594;FGBL SI 20250306 PS;SIMPLE_INSTRUMENT;EFS;EUR;33;133.23000000;207;EXCHANGE_LAST;;1;1;XEUR;11286679;688;
06.02.2025;10:03:16.343;FGBL SI 20250306 PS;SIMPLE_INSTRUMENT;EFP_FIN;EUR;34;133.21000000;224;EXCHANGE_LAST;;1;1;XEUR;11286679;688;
06.02.2025;10:03:21.111;FGBL SI 20250306 PS;SIMPLE_INSTRUMENT;EFS;EUR;35;133.18000000;94;EXCHANGE_LAST;;1;1;XEUR;11286679;688;
06.02.2025;10:10:15.316;FGBL SI 20250306 PS;SIMPLE_INSTRUMENT;EFP_FIN;EUR;36;133.30000000;508;EXCHANGE_LAST;;1;1;XEUR;11286679;688;
06.02.2025;10:13:58.510;FGBL SI 20250306 PS;SIMPLE_INSTRUMENT;EFS;EUR;37;133.17000000;226;EXCHANGE_LAST;;1;1;XEUR;11286679;688;
06.02.2025;10:18:47.436;FGBL SI 20250306 PS;SIMPLE_INSTRUMENT;EFS;EUR;38;133.37000000;467;EXCHANGE_LAST;;1;1;XEUR;11286679;688;
06.02.2025;10:19:28.573;FGBL SI 20250306 PS;SIMPLE_INSTRUMENT;EFS;EUR;39;133.37000000;414;EXCHANGE_LAST;;1;1;XEUR;11286679;688;
06.02.2025;10:28:03.309;FGBL SI 20250306 PS;SIMPLE_INSTRUMENT;EFS;EUR;40;133.38000000;414;EXCHANGE_LAST;;1;1;XEUR;11286679;688;
06.02.2025;10:29:12.478;FGBL SI 20250306 PS;SIMPLE_INSTRUMENT;EFS;EUR;41;133.41000000;414;EXCHANGE_LAST;;1;1;XEUR;11286679;688;
06.02.2025;10:32:31.276;FGBL SI 20250306 PS;SIMPLE_INSTRUMENT;EFP_FIN;EUR;42;133.14000000;92;EXCHANGE_LAST;;1;1;XEUR;11286679;688;
06.02.2025;10:51:47.181;FGBL SI 20250306 PS;SIMPLE_INSTRUMENT;EFS;EUR;43;133.42000000;414;EXCHANGE_LAST;;1;1;XEUR;11286679;688;
06.02.2025;10:53:00.767;FGBL SI 20250306 PS;SIMPLE_INSTRUMENT;EFS;EUR;44;133.40000000;414;EXCHANGE_LAST;;1;1;XEUR;11286679;688;
06.02.2025;10:53:21.499;FGBL SI 20250306 PS;SIMPLE_INSTRUMENT;EFS;EUR;45;133.42000000;414;EXCHANGE_LAST;;1;1;XEUR;11286679;688;
06.02.2025;10:53:50.842;FGBL SI 20250306 PS;SIMPLE_INSTRUMENT;EFS;EUR;46;133.41000000;207;EXCHANGE_LAST;;1;1;XEUR;11286679;688;
06.02.2025;11:04:01.098;FGBL SI 20250306 PS;SIMPLE_INSTRUMENT;EFS;EUR;47;133.37000000;207;EXCHANGE_LAST;;1;1;XEUR;11286679;688;
06.02.2025;11:04:12.020;FGBL SI 20250306 PS;SIMPLE_INSTRUMENT;EFS;EUR;48;133.40000000;327;EXCHANGE_LAST;;1;1;XEUR;11286679;688;
06.02.2025;11:05:14.253;FGBL SI 20250306 PS;SIMPLE_INSTRUMENT;EFS;EUR;49;133.38000000;414;EXCHANGE_LAST;;1;1;XEUR;11286679;688;
06.02.2025;11:10:44.910;FGBL SI 20250306 PS;SIMPLE_INSTRUMENT;EFS;EUR;50;133.39000000;207;EXCHANGE_LAST;;1;1;XEUR;11286679;688;
06.02.2025;11:14:53.965;FGBL SI 20250306 PS;SIMPLE_INSTRUMENT;EFS;EUR;51;133.43000000;207;EXCHANGE_LAST;;1;1;XEUR;11286679;688;
06.02.2025;11:15:16.550;FGBL SI 20250306 PS;SIMPLE_INSTRUMENT;EFS;EUR;52;133.43000000;207;EXCHANGE_LAST;;1;1;XEUR;11286679;688;
06.02.2025;11:16:20.417;FGBL SI 20250306 PS;SIMPLE_INSTRUMENT;EFS;EUR;53;133.34000000;605;EXCHANGE_LAST;;1;1;XEUR;11286679;688;
06.02.2025;11:17:45.474;FGBL SI 20250306 PS;SIMPLE_INSTRUMENT;EFS;EUR;54;133.38000000;414;EXCHANGE_LAST;;1;1;XEUR;11286679;688;
06.02.2025;11:22:26.386;FGBL SI 20250306 PS;SIMPLE_INSTRUMENT;EFS;EUR;55;133.39000000;827;EXCHANGE_LAST;;1;1;XEUR;11286679;688;
06.02.2025;11:29:19.463;FGBL SI 20250306 PS;SIMPLE_INSTRUMENT;EFS;EUR;56;133.38000000;414;EXCHANGE_LAST;;1;1;XEUR;11286679;688;
06.02.2025;11:40:08.389;FGBL SI 20250306 PS;SIMPLE_INSTRUMENT;EFS;EUR;57;133.44000000;414;EXCHANGE_LAST;;1;1;XEUR;11286679;688;
06.02.2025;11:50:02.359;FGBL SI 20250306 PS;SIMPLE_INSTRUMENT;EFS;EUR;58;133.47000000;414;EXCHANGE_LAST;;1;1;XEUR;11286679;688;
06.02.2025;11:51:44.247;FGBL SI 20250306 PS;SIMPLE_INSTRUMENT;EFS;EUR;59;133.44000000;451;EXCHANGE_LAST;;1;1;XEUR;11286679;688;
06.02.2025;11:57:57.748;FGBL SI 20250306 PS;SIMPLE_INSTRUMENT;EFP_FIN;EUR;60;133.39000000;111;EXCHANGE_LAST;;1;1;XEUR;11286679;688;
06.02.2025;12:01:14.222;FGBL SI 20250306 PS;SIMPLE_INSTRUMENT;EFS;EUR;61;133.45000000;414;EXCHANGE_LAST;;1;1;XEUR;11286679;688;
06.02.2025;12:04:45.359;FGBL SI 20250306 PS;SIMPLE_INSTRUMENT;EFS;EUR;62;133.54000000;414;EXCHANGE_LAST;;1;1;XEUR;11286679;688;
06.02.2025;12:10:36.170;FGBL SI 20250306 PS;SIMPLE_INSTRUMENT;EFS;EUR;63;133.57000000;171;EXCHANGE_LAST;;1;1;XEUR;11286679;688;
06.02.2025;12:10:52.906;FGBL SI 20250306 PS;SIMPLE_INSTRUMENT;EFS;EUR;64;133.56000000;250;EXCHANGE_LAST;;1;1;XEUR;11286679;688;
06.02.2025;12:12:53.634;FGBL SI 20250306 PS;SIMPLE_INSTRUMENT;EFS;EUR;65;133.52000000;414;EXCHANGE_LAST;;1;1;XEUR;11286679;688;
06.02.2025;12:18:25.938;FGBL SI 20250306 PS;SIMPLE_INSTRUMENT;EFS;EUR;66;133.47000000;414;EXCHANGE_LAST;;1;1;XEUR;11286679;688;
06.02.2025;12:23:21.321;FGBL SI 20250306 PS;SIMPLE_INSTRUMENT;EFS;EUR;67;133.46000000;207;EXCHANGE_LAST;;1;1;XEUR;11286679;688;
06.02.2025;12:25:04.381;FGBL SI 20250306 PS;SIMPLE_INSTRUMENT;EFS;EUR;68;133.17000000;2341;EXCHANGE_LAST;;1;1;XEUR;11286679;688;
06.02.2025;12:26:30.259;FGBL SI 20250306 PS;SIMPLE_INSTRUMENT;EFS;EUR;69;133.47000000;207;EXCHANGE_LAST;;1;1;XEUR;11286679;688;
06.02.2025;12:38:29.260;FGBL SI 20250306 PS;SIMPLE_INSTRUMENT;BLOCK;EUR;70;133.33000000;5000;EXCHANGE_LAST;;1;1;XEUR;11286679;688;
06.02.2025;12:40:28.700;FGBL SI 20250306 PS;SIMPLE_INSTRUMENT;EFS;EUR;71;133.39000000;451;EXCHANGE_LAST;;1;1;XEUR;11286679;688;
06.02.2025;12:51:55.217;FGBL SI 20250306 PS;SIMPLE_INSTRUMENT;EFS;EUR;72;133.35000000;622;EXCHANGE_LAST;;1;1;XEUR;11286679;688;
06.02.2025;12:55:05.381;FGBL SI 20250306 PS;SIMPLE_INSTRUMENT;EFS;EUR;73;133.36000000;414;EXCHANGE_LAST;;1;1;XEUR;11286679;688;
06.02.2025;13:07:21.125;FGBL SI 20250306 PS;SIMPLE_INSTRUMENT;EFS;EUR;74;133.28000000;829;EXCHANGE_LAST;;1;1;XEUR;11286679;688;
06.02.2025;13:08:06.496;FGBL SI 20250306 PS;SIMPLE_INSTRUMENT;EFS;EUR;75;133.29000000;207;EXCHANGE_LAST;;1;1;XEUR;11286679;688;
06.02.2025;13:11:22.108;FGBL SI 20250306 PS;SIMPLE_INSTRUMENT;BLOCK;EUR;76;133.31000000;6000;EXCHANGE_LAST;;1;1;XEUR;11286679;688;
06.02.2025;13:19:42.780;FGBL SI 20250306 PS;SIMPLE_INSTRUMENT;EFS;EUR;77;133.27000000;415;EXCHANGE_LAST;;1;1;XEUR;11286679;688;
06.02.2025;13:31:50.683;FGBL SI 20250306 PS;SIMPLE_INSTRUMENT;EFS;EUR;78;133.30000000;361;EXCHANGE_LAST;;1;1;XEUR;11286679;688;
06.02.2025;13:34:12.575;FGBL SI 20250306 PS;SIMPLE_INSTRUMENT;EFS;EUR;79;133.30000000;2338;EXCHANGE_LAST;;1;1;XEUR;11286679;688;
06.02.2025;13:34:04.114;FGBL SI 20250306 PS;SIMPLE_INSTRUMENT;EFS;EUR;80;133.29000000;343;EXCHANGE_LAST;;1;1;XEUR;11286679;688;
06.02.2025;13:48:20.056;FGBL SI 20250306 PS;SIMPLE_INSTRUMENT;BLOCK;EUR;81;133.29000000;6000;EXCHANGE_LAST;;1;1;XEUR;11286679;688;
06.02.2025;13:54:02.855;FGBL SI 20250306 PS;SIMPLE_INSTRUMENT;EFP_FIN;EUR;82;133.37000000;680;EXCHANGE_LAST;;1;1;XEUR;11286679;688;
06.02.2025;13:56:19.193;FGBL SI 20250306 PS;SIMPLE_INSTRUMENT;BLOCK;EUR;83;133.38000000;2291;EXCHANGE_LAST;;1;1;XEUR;11286679;688;
06.02.2025;13:59:33.619;FGBL SI 20250306 PS;SIMPLE_INSTRUMENT;EFS;EUR;84;133.42000000;414;EXCHANGE_LAST;;1;1;XEUR;11286679;688;
06.02.2025;13:59:05.756;FGBL SI 20250306 PS;SIMPLE_INSTRUMENT;EFS;EUR;85;133.45000000;149;EXCHANGE_LAST;;1;1;XEUR;11286679;688;
06.02.2025;14:00:07.725;FGBL SI 20250306 PS;SIMPLE_INSTRUMENT;EFS;EUR;86;133.45000000;265;EXCHANGE_LAST;;1;1;XEUR;11286679;688;
06.02.2025;14:01:36.421;FGBL SI 20250306 PS;SIMPLE_INSTRUMENT;EFS;EUR;87;133.48000000;414;EXCHANGE_LAST;;1;1;XEUR;11286679;688;
06.02.2025;14:14:22.917;FGBL SI 20250306 PS;SIMPLE_INSTRUMENT;EFS;EUR;88;133.41000000;414;EXCHANGE_LAST;;1;1;XEUR;11286679;688;
06.02.2025;14:15:27.963;FGBL SI 20250306 PS;SIMPLE_INSTRUMENT;EFS;EUR;89;133.41000000;414;EXCHANGE_LAST;;1;1;XEUR;11286679;688;
06.02.2025;14:15:56.739;FGBL SI 20250306 PS;SIMPLE_INSTRUMENT;EFP_FIN;EUR;90;133.55000000;178;EXCHANGE_LAST;;1;1;XEUR;11286679;688;
06.02.2025;14:18:07.727;FGBL SI 20250306 PS;SIMPLE_INSTRUMENT;EFP_FIN;EUR;91;133.46000000;793;EXCHANGE_LAST;;1;1;XEUR;11286679;688;
06.02.2025;14:19:53.304;FGBL SI 20250306 PS;SIMPLE_INSTRUMENT;EFP_FIN;EUR;92;133.46000000;824;EXCHANGE_LAST;;1;1;XEUR;11286679;688;
06.02.2025;14:24:37.717;FGBL SI 20250306 PS;SIMPLE_INSTRUMENT;EFS;EUR;93;133.43000000;327;EXCHANGE_LAST;;1;1;XEUR;11286679;688;
06.02.2025;14:27:48.443;FGBL SI 20250306 PS;SIMPLE_INSTRUMENT;EFS;EUR;94;133.31000000;414;EXCHANGE_LAST;;1;1;XEUR;11286679;688;
06.02.2025;14:28:03.454;FGBL SI 20250306 PS;SIMPLE_INSTRUMENT;EFS;EUR;95;133.31000000;414;EXCHANGE_LAST;;1;1;XEUR;11286679;688;
06.02.2025;14:28:18.573;FGBL SI 20250306 PS;SIMPLE_INSTRUMENT;EFS;EUR;96;133.32000000;467;EXCHANGE_LAST;;1;1;XEUR;11286679;688;
06.02.2025;14:29:08.273;FGBL SI 20250306 PS;SIMPLE_INSTRUMENT;EFP_FIN;EUR;97;133.46000000;793;EXCHANGE_LAST;;1;1;XEUR;11286679;688;
06.02.2025;14:34:36.672;FGBL SI 20250306 PS;SIMPLE_INSTRUMENT;EFS;EUR;98;133.35000000;150;EXCHANGE_LAST;;1;1;XEUR;11286679;688;
06.02.2025;14:39:03.559;FGBL SI 20250306 PS;SIMPLE_INSTRUMENT;EFS;EUR;99;133.35000000;180;EXCHANGE_LAST;;1;1;XEUR;11286679;688;
06.02.2025;14:47:34.284;FGBL SI 20250306 PS;SIMPLE_INSTRUMENT;EFP_FIN;EUR;100;133.33000000;206;EXCHANGE_LAST;;1;1;XEUR;11286679;688;
06.02.2025;14:51:36.515;FGBL SI 20250306 PS;SIMPLE_INSTRUMENT;EFS;EUR;101;133.38000000;414;EXCHANGE_LAST;;1;1;XEUR;11286679;688;
06.02.2025;14:51:45.598;FGBL SI 20250306 PS;SIMPLE_INSTRUMENT;EFS;EUR;102;133.38000000;467;EXCHANGE_LAST;;1;1;XEUR;11286679;688;
06.02.2025;14:52:48.539;FGBL SI 20250306 PS;SIMPLE_INSTRUMENT;EFS;EUR;103;133.36000000;414;EXCHANGE_LAST;;1;1;XEUR;11286679;688;
06.02.2025;14:54:01.297;FGBL SI 20250306 PS;SIMPLE_INSTRUMENT;EFS;EUR;104;133.36000000;414;EXCHANGE_LAST;;1;1;XEUR;11286679;688;
06.02.2025;14:55:40.695;FGBL SI 20250306 PS;SIMPLE_INSTRUMENT;EFS;EUR;105;133.35000000;414;EXCHANGE_LAST;;1;1;XEUR;11286679;688;
06.02.2025;14:56:26.996;FGBL SI 20250306 PS;SIMPLE_INSTRUMENT;EFP_FIN;EUR;106;133.41000000;404;EXCHANGE_LAST;;1;1;XEUR;11286679;688;
06.02.2025;15:04:12.812;FGBL SI 20250306 PS;SIMPLE_INSTRUMENT;EFS;EUR;107;133.38000000;1869;EXCHANGE_LAST;;1;1;XEUR;11286679;688;
06.02.2025;15:05:11.705;FGBL SI 20250306 PS;SIMPLE_INSTRUMENT;EFS;EUR;108;133.41000000;414;EXCHANGE_LAST;;1;1;XEUR;11286679;688;
06.02.2025;15:12:15.885;FGBL SI 20250306 PS;SIMPLE_INSTRUMENT;EFS;EUR;109;133.45000000;414;EXCHANGE_LAST;;1;1;XEUR;11286679;688;
06.02.2025;15:15:32.756;FGBL SI 20250306 PS;SIMPLE_INSTRUMENT;EFP_FIN;EUR;110;133.41000000;453;EXCHANGE_LAST;;1;1;XEUR;11286679;688;
06.02.2025;15:17:17.720;FGBL SI 20250306 PS;SIMPLE_INSTRUMENT;EFP_FIN;EUR;111;133.41000000;230;EXCHANGE_LAST;;1;1;XEUR;11286679;688;
06.02.2025;15:17:27.306;FGBL SI 20250306 PS;SIMPLE_INSTRUMENT;EFP_FIN;EUR;112;133.33000000;206;EXCHANGE_LAST;;1;1;XEUR;11286679;688;
06.02.2025;15:18:29.072;FGBL SI 20250306 PS;SIMPLE_INSTRUMENT;EFS;EUR;113;133.49000000;414;EXCHANGE_LAST;;1;1;XEUR;11286679;688;
06.02.2025;15:19:38.071;FGBL SI 20250306 PS;SIMPLE_INSTRUMENT;EFS;EUR;114;133.49000000;207;EXCHANGE_LAST;;1;1;XEUR;11286679;688;
06.02.2025;15:22:59.360;FGBL SI 20250306 PS;SIMPLE_INSTRUMENT;EFS;EUR;115;133.48000000;414;EXCHANGE_LAST;;1;1;XEUR;11286679;688;
06.02.2025;15:24:42.960;FGBL SI 20250306 PS;SIMPLE_INSTRUMENT;EFS;EUR;116;133.45000000;207;EXCHANGE_LAST;;1;1;XEUR;11286679;688;
06.02.2025;15:26:26.407;FGBL SI 20250306 PS;SIMPLE_INSTRUMENT;EFS;EUR;117;133.30000000;2434;EXCHANGE_LAST;;1;1;XEUR;11286679;688;
06.02.2025;15:30:22.022;FGBL SI 20250306 PS;SIMPLE_INSTRUMENT;EFP_FIN;EUR;118;133.46000000;447;EXCHANGE_LAST;;1;1;XEUR;11286679;688;
06.02.2025;15:35:00.416;FGBL SI 20250306 PS;SIMPLE_INSTRUMENT;EFP_FIN;EUR;119;133.45000000;192;EXCHANGE_LAST;;1;1;XEUR;11286679;688;
06.02.2025;15:40:07.263;FGBL SI 20250306 PS;SIMPLE_INSTRUMENT;EFP_FIN;EUR;120;133.44000000;115;EXCHANGE_LAST;;1;1;XEUR;11286679;688;
06.02.2025;15:37:49.814;FGBL SI 20250306 PS;SIMPLE_INSTRUMENT;EFS;EUR;121;133.44000000;500;EXCHANGE_LAST;;1;1;XEUR;11286679;688;
06.02.2025;15:42:06.490;FGBL SI 20250306 PS;SIMPLE_INSTRUMENT;EFS;EUR;122;133.45000000;414;EXCHANGE_LAST;;1;1;XEUR;11286679;688;
06.02.2025;15:43:51.425;FGBL SI 20250306 PS;SIMPLE_INSTRUMENT;EFS;EUR;123;133.41000000;414;EXCHANGE_LAST;;1;1;XEUR;11286679;688;
06.02.2025;15:44:21.617;FGBL SI 20250306 PS;SIMPLE_INSTRUMENT;EFS;EUR;124;133.48000000;414;EXCHANGE_LAST;;1;1;XEUR;11286679;688;
06.02.2025;15:45:17.316;FGBL SI 20250306 PS;SIMPLE_INSTRUMENT;EFS;EUR;125;133.41000000;414;EXCHANGE_LAST;;1;1;XEUR;11286679;688;
06.02.2025;15:45:37.695;FGBL SI 20250306 PS;SIMPLE_INSTRUMENT;EFS;EUR;126;133.47000000;414;EXCHANGE_LAST;;1;1;XEUR;11286679;688;
06.02.2025;15:46:55.397;FGBL SI 20250306 PS;SIMPLE_INSTRUMENT;EFS;EUR;127;133.40000000;414;EXCHANGE_LAST;;1;1;XEUR;11286679;688;
06.02.2025;15:47:01.776;FGBL SI 20250306 PS;SIMPLE_INSTRUMENT;EFS;EUR;128;133.47000000;414;EXCHANGE_LAST;;1;1;XEUR;11286679;688;
06.02.2025;15:49:22.044;FGBL SI 20250306 PS;SIMPLE_INSTRUMENT;EFS;EUR;129;133.45000000;449;EXCHANGE_LAST;;1;1;XEUR;11286679;688;
06.02.2025;15:54:06.187;FGBL SI 20250306 PS;SIMPLE_INSTRUMENT;EFP_FIN;EUR;130;133.46000000;793;EXCHANGE_LAST;;1;1;XEUR;11286679;688;
06.02.2025;16:00:18.408;FGBL SI 20250306 PS;SIMPLE_INSTRUMENT;EFS;EUR;131;133.43000000;207;EXCHANGE_LAST;;1;1;XEUR;11286679;688;
06.02.2025;16:00:53.436;FGBL SI 20250306 PS;SIMPLE_INSTRUMENT;EFS;EUR;132;133.43000000;207;EXCHANGE_LAST;;1;1;XEUR;11286679;688;
06.02.2025;16:04:06.893;FGBL SI 20250306 PS;SIMPLE_INSTRUMENT;EFP_FIN;EUR;133;133.46000000;635;EXCHANGE_LAST;;1;1;XEUR;11286679;688;
06.02.2025;16:04:48.615;FGBL SI 20250306 PS;SIMPLE_INSTRUMENT;EFS;EUR;134;133.43000000;207;EXCHANGE_LAST;;1;1;XEUR;11286679;688;
06.02.2025;16:04:53.620;FGBL SI 20250306 PS;SIMPLE_INSTRUMENT;EFS;EUR;135;133.43000000;414;EXCHANGE_LAST;;1;1;XEUR;11286679;688;
06.02.2025;16:04:56.824;FGBL SI 20250306 PS;SIMPLE_INSTRUMENT;EFS;EUR;136;133.42000000;414;EXCHANGE_LAST;;1;1;XEUR;11286679;688;
06.02.2025;16:05:13.642;FGBL SI 20250306 PS;SIMPLE_INSTRUMENT;EFS;EUR;137;133.43000000;207;EXCHANGE_LAST;;1;1;XEUR;11286679;688;
06.02.2025;16:07:28.069;FGBL SI 20250306 PS;SIMPLE_INSTRUMENT;EFP_FIN;EUR;138;133.47000000;557;EXCHANGE_LAST;;1;1;XEUR;11286679;688;
06.02.2025;16:12:22.444;FGBL SI 20250306 PS;SIMPLE_INSTRUMENT;EFS;EUR;139;133.45000000;207;EXCHANGE_LAST;;1;1;XEUR;11286679;688;
06.02.2025;16:12:43.217;FGBL SI 20250306 PS;SIMPLE_INSTRUMENT;EFS;EUR;140;133.44000000;414;EXCHANGE_LAST;;1;1;XEUR;11286679;688;
06.02.2025;16:12:52.609;FGBL SI 20250306 PS;SIMPLE_INSTRUMENT;EFS;EUR;141;133.44000000;414;EXCHANGE_LAST;;1;1;XEUR;11286679;688;
06.02.2025;16:13:14.862;FGBL SI 20250306 PS;SIMPLE_INSTRUMENT;EFS;EUR;142;133.44000000;207;EXCHANGE_LAST;;1;1;XEUR;11286679;688;
06.02.2025;16:15:07.116;FGBL SI 20250306 PS;SIMPLE_INSTRUMENT;EFP_FIN;EUR;143;133.45000000;397;EXCHANGE_LAST;;1;1;XEUR;11286679;688;
06.02.2025;16:16:30.649;FGBL SI 20250306 PS;SIMPLE_INSTRUMENT;EFS;EUR;144;133.41000000;467;EXCHANGE_LAST;;1;1;XEUR;11286679;688;
06.02.2025;16:18:09.322;FGBL SI 20250306 PS;SIMPLE_INSTRUMENT;EFS;EUR;145;133.46000000;207;EXCHANGE_LAST;;1;1;XEUR;11286679;688;
06.02.2025;16:20:55.756;FGBL SI 20250306 PS;SIMPLE_INSTRUMENT;EFS;EUR;146;133.40000000;414;EXCHANGE_LAST;;1;1;XEUR;11286679;688;
06.02.2025;16:22:03.135;FGBL SI 20250306 PS;SIMPLE_INSTRUMENT;EFS;EUR;147;133.41000000;414;EXCHANGE_LAST;;1;1;XEUR;11286679;688;
06.02.2025;16:23:38.142;FGBL SI 20250306 PS;SIMPLE_INSTRUMENT;EFS;EUR;148;133.41000000;234;EXCHANGE_LAST;;1;1;XEUR;11286679;688;
06.02.2025;16:29:50.812;FGBL SI 20250306 PS;SIMPLE_INSTRUMENT;EFS;EUR;149;133.38000000;248;EXCHANGE_LAST;;1;1;XEUR;11286679;688;
06.02.2025;16:30:15.889;FGBL SI 20250306 PS;SIMPLE_INSTRUMENT;EFP_FIN;EUR;150;133.46000000;222;EXCHANGE_LAST;;1;1;XEUR;11286679;688;
06.02.2025;16:32:22.087;FGBL SI 20250306 PS;SIMPLE_INSTRUMENT;EFP_FIN;EUR;151;133.40000000;105;EXCHANGE_LAST;;1;1;XEUR;11286679;688;
06.02.2025;16:34:35.554;FGBL SI 20250306 PS;SIMPLE_INSTRUMENT;EFS;EUR;152;133.37000000;2000;EXCHANGE_LAST;;1;1;XEUR;11286679;688;
06.02.2025;16:36:05.523;FGBL SI 20250306 PS;SIMPLE_INSTRUMENT;EFS;EUR;153;133.39000000;467;EXCHANGE_LAST;;1;1;XEUR;11286679;688;
06.02.2025;16:36:44.432;FGBL SI 20250306 PS;SIMPLE_INSTRUMENT;EFS;EUR;154;133.36000000;701;EXCHANGE_LAST;;1;1;XEUR;11286679;688;
06.02.2025;16:39:02.502;FGBL SI 20250306 PS;SIMPLE_INSTRUMENT;EFS;EUR;155;133.36000000;701;EXCHANGE_LAST;;1;1;XEUR;11286679;688;
06.02.2025;16:45:58.716;FGBL SI 20250306 PS;SIMPLE_INSTRUMENT;EFP_FIN;EUR;156;133.40000000;104;EXCHANGE_LAST;;1;1;XEUR;11286679;688;
06.02.2025;17:03:25.994;FGBL SI 20250306 PS;SIMPLE_INSTRUMENT;EFS;EUR;157;133.39000000;467;EXCHANGE_LAST;;1;1;XEUR;11286679;688;
06.02.2025;17:31:21.033;FGBL SI 20250306 PS;SIMPLE_INSTRUMENT;EFS;EUR;158;133.32000000;415;EXCHANGE_LAST;;1;1;XEUR;11286679;688;
06.02.2025;07:30:24.729;FGBL SI 20250306 PS;SIMPLE_INSTRUMENT;VOLA;EUR;268435459;133.38000000;29;EXCHANGE_LAST;;1;1;XEUR;11286679;688;
06.02.2025;08:22:34.515;FGBL SI 20250306 PS;SIMPLE_INSTRUMENT;VOLA;EUR;268435464;133.38000000;35;EXCHANGE_LAST;;1;1;XEUR;11286679;688;
06.02.2025;08:38:12.181;FGBL SI 20250306 PS;SIMPLE_INSTRUMENT;VOLA;EUR;268435469;133.26000000;125;EXCHANGE_LAST;;1;1;XEUR;11286679;688;
06.02.2025;09:26:57.252;FGBL SI 20250306 PS;SIMPLE_INSTRUMENT;VOLA;EUR;268435475;133.24000000;20;EXCHANGE_LAST;;1;1;XEUR;11286679;688;
06.02.2025;09:39:10.928;FGBL SI 20250306 PS;SIMPLE_INSTRUMENT;VOLA;EUR;268435477;133.19000000;54;EXCHANGE_LAST;;1;1;XEUR;11286679;688;
06.02.2025;10:02:37.542;FGBL SI 20250306 PS;SIMPLE_INSTRUMENT;VOLA;EUR;268435482;133.24000000;50;EXCHANGE_LAST;;1;1;XEUR;11286679;688;
06.02.2025;14:07:49.116;FGBL SI 20250306 PS;SIMPLE_INSTRUMENT;VOLA;EUR;268435506;133.31000000;19;EXCHANGE_LAST;;1;1;XEUR;11286679;688;
06.02.2025;14:08:07.852;FGBL SI 20250306 PS;SIMPLE_INSTRUMENT;VOLA;EUR;268435507;133.31000000;19;EXCHANGE_LAST;;1;1;XEUR;11286679;688;
06.02.2025;14:38:22.740;FGBL SI 20250306 PS;SIMPLE_INSTRUMENT;VOLA;EUR;268435513;133.38000000;12;EXCHANGE_LAST;;1;1;XEUR;11286679;688;
06.02.2025;08:29:57.073;FGBM SI 20250306 PS;SIMPLE_INSTRUMENT;EFS;EUR;1;117.73000000;457;EXCHANGE_LAST;;1;1;XEUR;11286680;689;
06.02.2025;08:37:25.753;FGBM SI 20250306 PS;SIMPLE_INSTRUMENT;EFS;EUR;2;117.70000000;914;EXCHANGE_LAST;;1;1;XEUR;11286680;689;
06.02.2025;08:38:31.829;FGBM SI 20250306 PS;SIMPLE_INSTRUMENT;EFS;EUR;3;117.71000000;914;EXCHANGE_LAST;;1;1;XEUR;11286680;689;
06.02.2025;08:40:24.743;FGBM SI 20250306 PS;SIMPLE_INSTRUMENT;EFS;EUR;4;117.70000000;1972;EXCHANGE_LAST;;1;1;XEUR;11286680;689;
06.02.2025;08:45:42.217;FGBM SI 20250306 PS;SIMPLE_INSTRUMENT;EFS;EUR;5;117.71000000;914;EXCHANGE_LAST;;1;1;XEUR;11286680;689;
06.02.2025;08:54:08.952;FGBM SI 20250306 PS;SIMPLE_INSTRUMENT;EFP_FIN;EUR;6;117.71000000;863;EXCHANGE_LAST;;1;1;XEUR;11286680;689;
06.02.2025;08:59:52.425;FGBM SI 20250306 PS;SIMPLE_INSTRUMENT;EFP_FIN;EUR;7;117.70000000;949;EXCHANGE_LAST;;1;1;XEUR;11286680;689;
06.02.2025;09:08:34.055;FGBM SI 20250306 PS;SIMPLE_INSTRUMENT;EFS;EUR;8;117.69000000;914;EXCHANGE_LAST;;1;1;XEUR;11286680;689;
06.02.2025;09:31:21.899;FGBM SI 20250306 PS;SIMPLE_INSTRUMENT;EFP_FIN;EUR;9;117.72000000;475;EXCHANGE_LAST;;1;1;XEUR;11286680;689;
06.02.2025;09:31:32.330;FGBM SI 20250306 PS;SIMPLE_INSTRUMENT;EFS;EUR;10;117.67000000;1910;EXCHANGE_LAST;;1;1;XEUR;11286680;689;
06.02.2025;09:38:32.878;FGBM SI 20250306 PS;SIMPLE_INSTRUMENT;EFP_FIN;EUR;11;117.75000000;475;EXCHANGE_LAST;;1;1;XEUR;11286680;689;
06.02.2025;09:43:21.560;FGBM SI 20250306 PS;SIMPLE_INSTRUMENT;EFP_FIN;EUR;12;117.67000000;431;EXCHANGE_LAST;;1;1;XEUR;11286680;689;
06.02.2025;09:45:21.545;FGBM SI 20250306 PS;SIMPLE_INSTRUMENT;EFP_FIN;EUR;13;117.66000000;77;EXCHANGE_LAST;;1;1;XEUR;11286680;689;
06.02.2025;09:51:27.028;FGBM SI 20250306 PS;SIMPLE_INSTRUMENT;EFS;EUR;14;117.69000000;865;EXCHANGE_LAST;;1;1;XEUR;11286680;689;
06.02.2025;09:53:00.972;FGBM SI 20250306 PS;SIMPLE_INSTRUMENT;EFS;EUR;15;117.69000000;960;EXCHANGE_LAST;;1;1;XEUR;11286680;689;
06.02.2025;10:04:12.419;FGBM SI 20250306 PS;SIMPLE_INSTRUMENT;EFP_FIN;EUR;16;117.66000000;261;EXCHANGE_LAST;;1;1;XEUR;11286680;689;
06.02.2025;10:34:57.730;FGBM SI 20250306 PS;SIMPLE_INSTRUMENT;EFS;EUR;17;117.77000000;914;EXCHANGE_LAST;;1;1;XEUR;11286680;689;
06.02.2025;10:38:08.580;FGBM SI 20250306 PS;SIMPLE_INSTRUMENT;EFP_FIN;EUR;18;117.78000000;309;EXCHANGE_LAST;;1;1;XEUR;11286680;689;
06.02.2025;10:58:09.647;FGBM SI 20250306 PS;SIMPLE_INSTRUMENT;EFS;EUR;19;117.75000000;914;EXCHANGE_LAST;;1;1;XEUR;11286680;689;
06.02.2025;11:20:40.635;FGBM SI 20250306 PS;SIMPLE_INSTRUMENT;EFS;EUR;20;117.75000000;457;EXCHANGE_LAST;;1;1;XEUR;11286680;689;
06.02.2025;11:22:59.768;FGBM SI 20250306 PS;SIMPLE_INSTRUMENT;EFP_FIN;EUR;21;117.77000000;532;EXCHANGE_LAST;;1;1;XEUR;11286680;689;
06.02.2025;11:22:48.906;FGBM SI 20250306 PS;SIMPLE_INSTRUMENT;EFP_FIN;EUR;22;117.76000000;1060;EXCHANGE_LAST;;1;1;XEUR;11286680;689;
06.02.2025;11:23:04.769;FGBM SI 20250306 PS;SIMPLE_INSTRUMENT;EFP_FIN;EUR;23;117.77000000;1064;EXCHANGE_LAST;;1;1;XEUR;11286680;689;
06.02.2025;11:29:13.133;FGBM SI 20250306 PS;SIMPLE_INSTRUMENT;EFP_FIN;EUR;24;117.72000000;475;EXCHANGE_LAST;;1;1;XEUR;11286680;689;
06.02.2025;12:24:31.228;FGBM SI 20250306 PS;SIMPLE_INSTRUMENT;EFP_FIN;EUR;25;117.80000000;491;EXCHANGE_LAST;;1;1;XEUR;11286680;689;
06.02.2025;12:31:39.196;FGBM SI 20250306 PS;SIMPLE_INSTRUMENT;BLOCK;EUR;26;117.79000000;10000;EXCHANGE_LAST;;1;1;XEUR;11286680;689;
06.02.2025;12:34:23.020;FGBM SI 20250306 PS;SIMPLE_INSTRUMENT;EFP_FIN;EUR;27;117.80000000;614;EXCHANGE_LAST;;1;1;XEUR;11286680;689;
06.02.2025;13:04:52.340;FGBM SI 20250306 PS;SIMPLE_INSTRUMENT;EFP_FIN;EUR;28;117.77000000;1294;EXCHANGE_LAST;;1;1;XEUR;11286680;689;
06.02.2025;13:08:09.801;FGBM SI 20250306 PS;SIMPLE_INSTRUMENT;EFP_FIN;EUR;29;117.78000000;154;EXCHANGE_LAST;;1;1;XEUR;11286680;689;
06.02.2025;14:11:52.207;FGBM SI 20250306 PS;SIMPLE_INSTRUMENT;EFS;EUR;30;117.81000000;913;EXCHANGE_LAST;;1;1;XEUR;11286680;689;
06.02.2025;14:14:12.563;FGBM SI 20250306 PS;SIMPLE_INSTRUMENT;EFS;EUR;31;117.80000000;457;EXCHANGE_LAST;;1;1;XEUR;11286680;689;
06.02.2025;14:15:12.647;FGBM SI 20250306 PS;SIMPLE_INSTRUMENT;EFS;EUR;32;117.80000000;913;EXCHANGE_LAST;;1;1;XEUR;11286680;689;
06.02.2025;14:16:02.994;FGBM SI 20250306 PS;SIMPLE_INSTRUMENT;EFS;EUR;33;117.76000000;914;EXCHANGE_LAST;;1;1;XEUR;11286680;689;
06.02.2025;14:20:15.214;FGBM SI 20250306 PS;SIMPLE_INSTRUMENT;EFP_FIN;EUR;34;117.80000000;270;EXCHANGE_LAST;;1;1;XEUR;11286680;689;
06.02.2025;14:20:46.089;FGBM SI 20250306 PS;SIMPLE_INSTRUMENT;EFS;EUR;35;117.76000000;913;EXCHANGE_LAST;;1;1;XEUR;11286680;689;
06.02.2025;14:24:16.194;FGBM SI 20250306 PS;SIMPLE_INSTRUMENT;EFS;EUR;36;117.80000000;1901;EXCHANGE_LAST;;1;1;XEUR;11286680;689;
06.02.2025;14:24:27.919;FGBM SI 20250306 PS;SIMPLE_INSTRUMENT;EFS;EUR;37;117.77000000;1826;EXCHANGE_LAST;;1;1;XEUR;11286680;689;
06.02.2025;14:27:53.713;FGBM SI 20250306 PS;SIMPLE_INSTRUMENT;EFP_FIN;EUR;38;117.73000000;172;EXCHANGE_LAST;;1;1;XEUR;11286680;689;
06.02.2025;14:30:43.386;FGBM SI 20250306 PS;SIMPLE_INSTRUMENT;EFS;EUR;39;117.74000000;457;EXCHANGE_LAST;;1;1;XEUR;11286680;689;
06.02.2025;14:32:36.165;FGBM SI 20250306 PS;SIMPLE_INSTRUMENT;EFP_FIN;EUR;40;117.81000000;172;EXCHANGE_LAST;;1;1;XEUR;11286680;689;
06.02.2025;14:32:54.660;FGBM SI 20250306 PS;SIMPLE_INSTRUMENT;EFP_FIN;EUR;41;117.77000000;97;EXCHANGE_LAST;;1;1;XEUR;11286680;689;
06.02.2025;14:34:03.122;FGBM SI 20250306 PS;SIMPLE_INSTRUMENT;EFP_FIN;EUR;42;117.77000000;908;EXCHANGE_LAST;;1;1;XEUR;11286680;689;
06.02.2025;14:36:36.735;FGBM SI 20250306 PS;SIMPLE_INSTRUMENT;EFS;EUR;43;117.76000000;1307;EXCHANGE_LAST;;1;1;XEUR;11286680;689;
06.02.2025;14:39:26.543;FGBM SI 20250306 PS;SIMPLE_INSTRUMENT;EFS;EUR;44;117.75000000;475;EXCHANGE_LAST;;1;1;XEUR;11286680;689;
06.02.2025;14:40:38.838;FGBM SI 20250306 PS;SIMPLE_INSTRUMENT;EFP_FIN;EUR;45;117.77000000;227;EXCHANGE_LAST;;1;1;XEUR;11286680;689;
06.02.2025;14:43:55.078;FGBM SI 20250306 PS;SIMPLE_INSTRUMENT;EFS;EUR;46;117.76000000;914;EXCHANGE_LAST;;1;1;XEUR;11286680;689;
06.02.2025;14:44:55.120;FGBM SI 20250306 PS;SIMPLE_INSTRUMENT;EFS;EUR;47;117.77000000;914;EXCHANGE_LAST;;1;1;XEUR;11286680;689;
06.02.2025;14:49:42.017;FGBM SI 20250306 PS;SIMPLE_INSTRUMENT;EFS;EUR;48;117.77000000;913;EXCHANGE_LAST;;1;1;XEUR;11286680;689;
06.02.2025;14:50:54.595;FGBM SI 20250306 PS;SIMPLE_INSTRUMENT;EFS;EUR;49;117.77000000;985;EXCHANGE_LAST;;1;1;XEUR;11286680;689;
06.02.2025;14:51:36.470;FGBM SI 20250306 PS;SIMPLE_INSTRUMENT;EFS;EUR;50;117.77000000;867;EXCHANGE_LAST;;1;1;XEUR;11286680;689;
06.02.2025;14:51:41.972;FGBM SI 20250306 PS;SIMPLE_INSTRUMENT;EFS;EUR;51;117.77000000;866;EXCHANGE_LAST;;1;1;XEUR;11286680;689;
06.02.2025;14:52:26.510;FGBM SI 20250306 PS;SIMPLE_INSTRUMENT;EFS;EUR;52;117.79000000;457;EXCHANGE_LAST;;1;1;XEUR;11286680;689;
06.02.2025;14:53:51.590;FGBM SI 20250306 PS;SIMPLE_INSTRUMENT;EFS;EUR;53;117.79000000;914;EXCHANGE_LAST;;1;1;XEUR;11286680;689;
06.02.2025;15:12:38.887;FGBM SI 20250306 PS;SIMPLE_INSTRUMENT;EFS;EUR;54;117.81000000;457;EXCHANGE_LAST;;1;1;XEUR;11286680;689;
06.02.2025;15:14:00.262;FGBM SI 20250306 PS;SIMPLE_INSTRUMENT;EFS;EUR;55;117.81000000;913;EXCHANGE_LAST;;1;1;XEUR;11286680;689;
06.02.2025;15:19:54.154;FGBM SI 20250306 PS;SIMPLE_INSTRUMENT;EFS;EUR;56;117.82000000;457;EXCHANGE_LAST;;1;1;XEUR;11286680;689;
06.02.2025;15:22:54.354;FGBM SI 20250306 PS;SIMPLE_INSTRUMENT;EFS;EUR;57;117.82000000;457;EXCHANGE_LAST;;1;1;XEUR;11286680;689;
06.02.2025;15:24:08.556;FGBM SI 20250306 PS;SIMPLE_INSTRUMENT;EFS;EUR;58;117.83000000;913;EXCHANGE_LAST;;1;1;XEUR;11286680;689;
06.02.2025;15:25:40.584;FGBM SI 20250306 PS;SIMPLE_INSTRUMENT;EFS;EUR;59;117.81000000;457;EXCHANGE_LAST;;1;1;XEUR;11286680;689;
06.02.2025;15:27:30.317;FGBM SI 20250306 PS;SIMPLE_INSTRUMENT;EFS;EUR;60;117.82000000;457;EXCHANGE_LAST;;1;1;XEUR;11286680;689;
06.02.2025;15:32:59.949;FGBM SI 20250306 PS;SIMPLE_INSTRUMENT;EFS;EUR;61;117.82000000;914;EXCHANGE_LAST;;1;1;XEUR;11286680;689;
06.02.2025;15:33:19.969;FGBM SI 20250306 PS;SIMPLE_INSTRUMENT;EFS;EUR;62;117.81000000;1829;EXCHANGE_LAST;;1;1;XEUR;11286680;689;
06.02.2025;15:33:28.311;FGBM SI 20250306 PS;SIMPLE_INSTRUMENT;EFP_FIN;EUR;63;117.77000000;431;EXCHANGE_LAST;;1;1;XEUR;11286680;689;
06.02.2025;15:33:39.988;FGBM SI 20250306 PS;SIMPLE_INSTRUMENT;EFS;EUR;64;117.81000000;914;EXCHANGE_LAST;;1;1;XEUR;11286680;689;
06.02.2025;15:35:35.591;FGBM SI 20250306 PS;SIMPLE_INSTRUMENT;EFP_FIN;EUR;65;117.81000000;384;EXCHANGE_LAST;;1;1;XEUR;11286680;689;
06.02.2025;15:36:34.265;FGBM SI 20250306 PS;SIMPLE_INSTRUMENT;EFP_FIN;EUR;66;117.81000000;225;EXCHANGE_LAST;;1;1;XEUR;11286680;689;
06.02.2025;15:37:36.201;FGBM SI 20250306 PS;SIMPLE_INSTRUMENT;EFS;EUR;67;117.80000000;457;EXCHANGE_LAST;;1;1;XEUR;11286680;689;
06.02.2025;15:53:18.082;FGBM SI 20250306 PS;SIMPLE_INSTRUMENT;EFP_FIN;EUR;68;117.81000000;210;EXCHANGE_LAST;;1;1;XEUR;11286680;689;
06.02.2025;15:50:26.484;FGBM SI 20250306 PS;SIMPLE_INSTRUMENT;EFP_FIN;EUR;69;117.81000000;304;EXCHANGE_LAST;;1;1;XEUR;11286680;689;
06.02.2025;15:55:28.957;FGBM SI 20250306 PS;SIMPLE_INSTRUMENT;EFP_FIN;EUR;70;117.81000000;90;EXCHANGE_LAST;;1;1;XEUR;11286680;689;
06.02.2025;15:53:43.392;FGBM SI 20250306 PS;SIMPLE_INSTRUMENT;EFP_FIN;EUR;71;117.81000000;1311;EXCHANGE_LAST;;1;1;XEUR;11286680;689;
06.02.2025;15:54:39.898;FGBM SI 20250306 PS;SIMPLE_INSTRUMENT;EFP_FIN;EUR;72;117.81000000;243;EXCHANGE_LAST;;1;1;XEUR;11286680;689;
06.02.2025;15:55:17.218;FGBM SI 20250306 PS;SIMPLE_INSTRUMENT;EFS;EUR;73;117.82000000;1828;EXCHANGE_LAST;;1;1;XEUR;11286680;689;
06.02.2025;15:55:35.956;FGBM SI 20250306 PS;SIMPLE_INSTRUMENT;EFS;EUR;74;117.80000000;914;EXCHANGE_LAST;;1;1;XEUR;11286680;689;
06.02.2025;16:06:34.417;FGBM SI 20250306 PS;SIMPLE_INSTRUMENT;EFP_FIN;EUR;76;117.81000000;262;EXCHANGE_LAST;;1;1;XEUR;11286680;689;
06.02.2025;16:08:28.056;FGBM SI 20250306 PS;SIMPLE_INSTRUMENT;EFP_FIN;EUR;77;117.82000000;323;EXCHANGE_LAST;;1;1;XEUR;11286680;689;
06.02.2025;16:14:05.718;FGBM SI 20250306 PS;SIMPLE_INSTRUMENT;EFP_FIN;EUR;78;117.83000000;250;EXCHANGE_LAST;;1;1;XEUR;11286680;689;
06.02.2025;16:14:45.022;FGBM SI 20250306 PS;SIMPLE_INSTRUMENT;EFS;EUR;79;117.83000000;913;EXCHANGE_LAST;;1;1;XEUR;11286680;689;
06.02.2025;16:15:11.696;FGBM SI 20250306 PS;SIMPLE_INSTRUMENT;EFS;EUR;80;117.83000000;685;EXCHANGE_LAST;;1;1;XEUR;11286680;689;
06.02.2025;16:15:17.308;FGBM SI 20250306 PS;SIMPLE_INSTRUMENT;EFP_FIN;EUR;81;117.81000000;401;EXCHANGE_LAST;;1;1;XEUR;11286680;689;
06.02.2025;16:17:49.027;FGBM SI 20250306 PS;SIMPLE_INSTRUMENT;EFS;EUR;82;117.84000000;456;EXCHANGE_LAST;;1;1;XEUR;11286680;689;
06.02.2025;16:29:02.057;FGBM SI 20250306 PS;SIMPLE_INSTRUMENT;EFS;EUR;83;117.79000000;913;EXCHANGE_LAST;;1;1;XEUR;11286680;689;
06.02.2025;16:30:31.240;FGBM SI 20250306 PS;SIMPLE_INSTRUMENT;EFS;EUR;84;117.79000000;457;EXCHANGE_LAST;;1;1;XEUR;11286680;689;
06.02.2025;16:34:30.666;FGBM SI 20250306 PS;SIMPLE_INSTRUMENT;EFS;EUR;85;117.79000000;2000;EXCHANGE_LAST;;1;1;XEUR;11286680;689;
06.02.2025;16:35:23.915;FGBM SI 20250306 PS;SIMPLE_INSTRUMENT;EFP_FIN;EUR;86;117.79000000;936;EXCHANGE_LAST;;1;1;XEUR;11286680;689;
06.02.2025;16:35:37.790;FGBM SI 20250306 PS;SIMPLE_INSTRUMENT;EFP_FIN;EUR;87;117.81000000;524;EXCHANGE_LAST;;1;1;XEUR;11286680;689;
06.02.2025;16:41:11.557;FGBM SI 20250306 PS;SIMPLE_INSTRUMENT;EFS;EUR;88;117.79000000;1180;EXCHANGE_LAST;;1;1;XEUR;11286680;689;
06.02.2025;16:49:49.878;FGBM SI 20250306 PS;SIMPLE_INSTRUMENT;EFS;EUR;89;117.79000000;1871;EXCHANGE_LAST;;1;1;XEUR;11286680;689;
06.02.2025;16:55:19.775;FGBM SI 20250306 PS;SIMPLE_INSTRUMENT;EFS;EUR;90;117.77000000;457;EXCHANGE_LAST;;1;1;XEUR;11286680;689;
06.02.2025;16:59:01.801;FGBM SI 20250306 PS;SIMPLE_INSTRUMENT;EFS;EUR;91;117.77000000;913;EXCHANGE_LAST;;1;1;XEUR;11286680;689;
06.02.2025;17:12:30.965;FGBM SI 20250306 PS;SIMPLE_INSTRUMENT;EFS;EUR;92;117.77000000;457;EXCHANGE_LAST;;1;1;XEUR;11286680;689;
06.02.2025;17:20:57.035;FGBM SI 20250306 PS;SIMPLE_INSTRUMENT;EFS;EUR;93;117.76000000;365;EXCHANGE_LAST;;1;1;XEUR;11286680;689;
06.02.2025;17:24:02.948;FGBM SI 20250306 PS;SIMPLE_INSTRUMENT;EFP_FIN;EUR;94;117.78000000;935;EXCHANGE_LAST;;1;1;XEUR;11286680;689;
06.02.2025;17:31:20.987;FGBM SI 20250306 PS;SIMPLE_INSTRUMENT;EFS;EUR;95;117.76000000;866;EXCHANGE_LAST;;1;1;XEUR;11286680;689;
06.02.2025;16:30:39.957;FGBM SI 20250306 PS;SIMPLE_INSTRUMENT;VOLA;EUR;268435532;117.80000000;500;EXCHANGE_LAST;;1;1;XEUR;11286680;689;
06.02.2025;08:12:03.246;FGBS SI 20250306 PS;SIMPLE_INSTRUMENT;EFS;EUR;1;106.90000000;2736;EXCHANGE_LAST;;1;1;XEUR;11286681;690;
06.02.2025;08:38:21.978;FGBS SI 20250306 PS;SIMPLE_INSTRUMENT;EFS;EUR;2;106.89000000;2733;EXCHANGE_LAST;;1;1;XEUR;11286681;690;
06.02.2025;08:41:21.643;FGBS SI 20250306 PS;SIMPLE_INSTRUMENT;EFS;EUR;3;106.89500000;2736;EXCHANGE_LAST;;1;1;XEUR;11286681;690;
06.02.2025;08:53:04.133;FGBS SI 20250306 PS;SIMPLE_INSTRUMENT;EFP_FIN;EUR;4;106.87000000;526;EXCHANGE_LAST;;1;1;XEUR;11286681;690;
06.02.2025;09:46:11.306;FGBS SI 20250306 PS;SIMPLE_INSTRUMENT;EFP_FIN;EUR;5;106.85000000;351;EXCHANGE_LAST;;1;1;XEUR;11286681;690;
06.02.2025;10:39:42.338;FGBS SI 20250306 PS;SIMPLE_INSTRUMENT;EFS;EUR;6;106.88000000;1743;EXCHANGE_LAST;;1;1;XEUR;11286681;690;
06.02.2025;10:42:03.207;FGBS SI 20250306 PS;SIMPLE_INSTRUMENT;EFP_FIN;EUR;7;106.88000000;321;EXCHANGE_LAST;;1;1;XEUR;11286681;690;
06.02.2025;11:01:08.148;FGBS SI 20250306 PS;SIMPLE_INSTRUMENT;EFS;EUR;8;106.88000000;2737;EXCHANGE_LAST;;1;1;XEUR;11286681;690;
06.02.2025;11:04:48.480;FGBS SI 20250306 PS;SIMPLE_INSTRUMENT;EFS;EUR;9;106.87500000;1002;EXCHANGE_LAST;;1;1;XEUR;11286681;690;
06.02.2025;11:18:55.755;FGBS SI 20250306 PS;SIMPLE_INSTRUMENT;EFP_FIN;EUR;10;106.87500000;1307;EXCHANGE_LAST;;1;1;XEUR;11286681;690;
06.02.2025;11:24:05.551;FGBS SI 20250306 PS;SIMPLE_INSTRUMENT;EFP_FIN;EUR;11;106.88000000;331;EXCHANGE_LAST;;1;1;XEUR;11286681;690;
06.02.2025;11:46:29.617;FGBS SI 20250306 PS;SIMPLE_INSTRUMENT;EFP_FIN;EUR;12;106.89000000;1200;EXCHANGE_LAST;;1;1;XEUR;11286681;690;
06.02.2025;11:49:02.207;FGBS SI 20250306 PS;SIMPLE_INSTRUMENT;EFS;EUR;13;106.90000000;8209;EXCHANGE_LAST;;1;1;XEUR;11286681;690;
06.02.2025;12:07:49.708;FGBS SI 20250306 PS;SIMPLE_INSTRUMENT;EFP_FIN;EUR;14;106.92000000;2483;EXCHANGE_LAST;;1;1;XEUR;11286681;690;
06.02.2025;12:08:17.734;FGBS SI 20250306 PS;SIMPLE_INSTRUMENT;EFP_FIN;EUR;15;106.92000000;807;EXCHANGE_LAST;;1;1;XEUR;11286681;690;
06.02.2025;12:09:18.118;FGBS SI 20250306 PS;SIMPLE_INSTRUMENT;EFS;EUR;16;106.90500000;1003;EXCHANGE_LAST;;1;1;XEUR;11286681;690;
06.02.2025;12:14:09.408;FGBS SI 20250306 PS;SIMPLE_INSTRUMENT;EFS;EUR;17;106.92500000;547;EXCHANGE_LAST;;1;1;XEUR;11286681;690;
06.02.2025;13:07:16.776;FGBS SI 20250306 PS;SIMPLE_INSTRUMENT;EFS;EUR;18;106.90000000;1325;EXCHANGE_LAST;;1;1;XEUR;11286681;690;
06.02.2025;13:23:22.125;FGBS SI 20250306 PS;SIMPLE_INSTRUMENT;EFP_FIN;EUR;19;106.90000000;1325;EXCHANGE_LAST;;1;1;XEUR;11286681;690;
06.02.2025;13:35:37.118;FGBS SI 20250306 PS;SIMPLE_INSTRUMENT;EFS;EUR;20;106.88500000;2007;EXCHANGE_LAST;;1;1;XEUR;11286681;690;
06.02.2025;15:42:38.051;FGBS SI 20250306 PS;SIMPLE_INSTRUMENT;EFS;EUR;22;106.91500000;5274;EXCHANGE_LAST;;1;1;XEUR;11286681;690;
06.02.2025;15:56:00.780;FGBS SI 20250306 PS;SIMPLE_INSTRUMENT;EFS;EUR;23;106.91000000;2735;EXCHANGE_LAST;;1;1;XEUR;11286681;690;
06.02.2025;16:11:47.231;FGBS SI 20250306 PS;SIMPLE_INSTRUMENT;EFP_FIN;EUR;24;106.91000000;566;EXCHANGE_LAST;;1;1;XEUR;11286681;690;
06.02.2025;16:28:09.402;FGBS SI 20250306 PS;SIMPLE_INSTRUMENT;EFP_FIN;EUR;25;106.91000000;531;EXCHANGE_LAST;;1;1;XEUR;11286681;690;
06.02.2025;16:32:03.905;FGBS SI 20250306 PS;SIMPLE_INSTRUMENT;EFS;EUR;26;106.92000000;1914;EXCHANGE_LAST;;1;1;XEUR;11286681;690;
06.02.2025;16:33:29.434;FGBS SI 20250306 PS;SIMPLE_INSTRUMENT;EFS;EUR;27;106.90500000;1900;EXCHANGE_LAST;;1;1;XEUR;11286681;690;
06.02.2025;16:34:10.386;FGBS SI 20250306 PS;SIMPLE_INSTRUMENT;EFS;EUR;28;106.90500000;4103;EXCHANGE_LAST;;1;1;XEUR;11286681;690;
06.02.2025;16:38:04.563;FGBS SI 20250306 PS;SIMPLE_INSTRUMENT;EFS;EUR;29;106.90500000;4104;EXCHANGE_LAST;;1;1;XEUR;11286681;690;
06.02.2025;16:48:30.717;FGBS SI 20250306 PS;SIMPLE_INSTRUMENT;EFS;EUR;30;106.90000000;2638;EXCHANGE_LAST;;1;1;XEUR;11286681;690;
06.02.2025;08:34:23.259;FGBX SI 20250306 PS;SIMPLE_INSTRUMENT;EFS;EUR;1;131.46000000;18;EXCHANGE_LAST;;1;1;XEUR;11286682;691;
06.02.2025;08:41:08.738;FGBX SI 20250306 PS;SIMPLE_INSTRUMENT;BLOCK;EUR;2;131.50000000;370;EXCHANGE_LAST;;1;1;XEUR;11286682;691;
06.02.2025;08:48:36.009;FGBX SI 20250306 PS;SIMPLE_INSTRUMENT;BLOCK;EUR;3;131.50000000;739;EXCHANGE_LAST;;1;1;XEUR;11286682;691;
06.02.2025;09:21:27.962;FGBX SI 20250306 PS;SIMPLE_INSTRUMENT;EFP_FIN;EUR;6;131.12000000;171;EXCHANGE_LAST;;1;1;XEUR;11286682;691;
06.02.2025;10:01:47.110;FGBX SI 20250306 PS;SIMPLE_INSTRUMENT;BLOCK;EUR;8;131.36000000;179;EXCHANGE_LAST;;1;1;XEUR;11286682;691;
06.02.2025;11:05:13.341;FGBX SI 20250306 PS;SIMPLE_INSTRUMENT;EFS;EUR;11;131.88000000;129;EXCHANGE_LAST;;1;1;XEUR;11286682;691;
06.02.2025;11:16:49.306;FGBX SI 20250306 PS;SIMPLE_INSTRUMENT;EFP_FIN;EUR;12;131.78000000;89;EXCHANGE_LAST;;1;1;XEUR;11286682;691;
06.02.2025;11:19:13.523;FGBX SI 20250306 PS;SIMPLE_INSTRUMENT;EFP_FIN;EUR;13;131.82000000;150;EXCHANGE_LAST;;1;1;XEUR;11286682;691;
06.02.2025;11:22:41.860;FGBX SI 20250306 PS;SIMPLE_INSTRUMENT;EFP_FIN;EUR;14;131.78000000;268;EXCHANGE_LAST;;1;1;XEUR;11286682;691;
06.02.2025;11:25:22.674;FGBX SI 20250306 PS;SIMPLE_INSTRUMENT;EFP_FIN;EUR;15;131.78000000;59;EXCHANGE_LAST;;1;1;XEUR;11286682;691;
06.02.2025;11:27:27.814;FGBX SI 20250306 PS;SIMPLE_INSTRUMENT;EFP_FIN;EUR;17;131.84000000;186;EXCHANGE_LAST;;1;1;XEUR;11286682;691;
06.02.2025;11:29:10.813;FGBX SI 20250306 PS;SIMPLE_INSTRUMENT;EFS;EUR;18;131.86000000;37;EXCHANGE_LAST;;1;1;XEUR;11286682;691;
06.02.2025;11:41:01.617;FGBX SI 20250306 PS;SIMPLE_INSTRUMENT;EFP_FIN;EUR;19;131.84000000;50;EXCHANGE_LAST;;1;1;XEUR;11286682;691;
06.02.2025;11:56:04.509;FGBX SI 20250306 PS;SIMPLE_INSTRUMENT;EFP_FIN;EUR;22;131.92000000;371;EXCHANGE_LAST;;1;1;XEUR;11286682;691;
06.02.2025;12:04:37.964;FGBX SI 20250306 PS;SIMPLE_INSTRUMENT;EFP_FIN;EUR;23;132.02000000;184;EXCHANGE_LAST;;1;1;XEUR;11286682;691;
06.02.2025;12:18:45.812;FGBX SI 20250306 PS;SIMPLE_INSTRUMENT;EFP_FIN;EUR;24;132.04000000;367;EXCHANGE_LAST;;1;1;XEUR;11286682;691;
06.02.2025;12:41:47.704;FGBX SI 20250306 PS;SIMPLE_INSTRUMENT;EFS;EUR;26;131.70000000;178;EXCHANGE_LAST;;1;1;XEUR;11286682;691;
06.02.2025;13:41:33.597;FGBX SI 20250306 PS;SIMPLE_INSTRUMENT;EFP_FIN;EUR;29;131.70000000;265;EXCHANGE_LAST;;1;1;XEUR;11286682;691;
06.02.2025;14:25:10.463;FGBX SI 20250306 PS;SIMPLE_INSTRUMENT;EFS;EUR;35;131.94000000;355;EXCHANGE_LAST;;1;1;XEUR;11286682;691;
06.02.2025;14:27:09.270;FGBX SI 20250306 PS;SIMPLE_INSTRUMENT;BLOCK;EUR;36;131.72000000;344;EXCHANGE_LAST;;1;1;XEUR;11286682;691;
06.02.2025;14:27:29.950;FGBX SI 20250306 PS;SIMPLE_INSTRUMENT;BLOCK;EUR;37;132.00000000;207;EXCHANGE_LAST;;1;1;XEUR;11286682;691;
06.02.2025;15:19:12.188;FGBX SI 20250306 PS;SIMPLE_INSTRUMENT;EFS;EUR;42;132.02000000;92;EXCHANGE_LAST;;1;1;XEUR;11286682;691;
06.02.2025;15:27:21.403;FGBX SI 20250306 PS;SIMPLE_INSTRUMENT;BLOCK;EUR;43;132.00000000;342;EXCHANGE_LAST;;1;1;XEUR;11286682;691;
06.02.2025;16:39:34.884;FGBX SI 20250306 PS;SIMPLE_INSTRUMENT;EFS;EUR;51;131.82000000;178;EXCHANGE_LAST;;1;1;XEUR;11286682;691;
06.02.2025;16:45:30.604;FGBX SI 20250606 PS;SIMPLE_INSTRUMENT;VOLA;EUR;268435534;131.60000000;70;EXCHANGE_LAST;;1;1;XEUR;11820392;691;
06.02.2025;15:09:42.883;FIA5.O.250206.STG.000004;STANDARD_OPTION_STRATEGY;BLOCK;EUR;16;1.34000000;250;EXCHANGE_LAST;;1;1;XEUR;72264727425720038;48227;
06.02.2025;15:09:42.883;FIA5 SI 20250918 PS AM P 11.00 0;SIMPLE_INSTRUMENT;BLOCK;EUR;16;0.70300000;250;PRC_DECOMP_EXCHANGE;;;;XEUR;11865836;48227;EXCHANGE
06.02.2025;15:09:42.883;FIA5 SI 20250918 PS AM C 14.00 0;SIMPLE_INSTRUMENT;BLOCK;EUR;16;0.63700000;250;PRC_DECOMP_EXCHANGE;;;;XEUR;11865799;48227;EXCHANGE
06.02.2025;11:17:43.524;FIN FI 20250305 CS EU C 75.3000 0;FLEXIBLE_INSTRUMENT;BLOCK;CHF;31;1.16000000;450;EXCHANGE_LAST;;1;1;XEUR;1152924386529906602;671;
06.02.2025;01:05:35.703;FMAU SI 20250321 CS;SIMPLE_INSTRUMENT;BLOCK;USD;2;5799.06700000;41;EXCHANGE_LAST;;1;1;XEUR;7590511;45287;
06.02.2025;01:50:53.640;FMCH SI 20250321 CS;SIMPLE_INSTRUMENT;BLOCK;USD;5;524.61200000;592;EXCHANGE_LAST;;1;1;XEUR;7592069;402909;
06.02.2025;03:12:34.030;FMCH SI 20250321 CS;SIMPLE_INSTRUMENT;BLOCK;USD;10;524.40300000;268;EXCHANGE_LAST;;1;1;XEUR;7592069;402909;
06.02.2025;08:17:04.647;FMCH SI 20250321 CS;SIMPLE_INSTRUMENT;BLOCK;USD;24;531.42300000;271;EXCHANGE_LAST;;1;1;XEUR;7592069;402909;
06.02.2025;08:05:25.559;FMCL SI 20250321 CS;SIMPLE_INSTRUMENT;EFP_IDX;USD;2;312.39000000;6;EXCHANGE_LAST;;1;1;XEUR;7589860;12398;
06.02.2025;10:29:49.636;FME SI 20251219 PS AM P 36.00 0;SIMPLE_INSTRUMENT;BLOCK;EUR;2;1.30000000;450;EXCHANGE_LAST;;1;1;XEUR;7890045;663;
06.02.2025;11:45:00.898;FME.O.250206.STG.000002;STANDARD_OPTION_STRATEGY;BLOCK;EUR;4;8.45000000;1500;EXCHANGE_LAST;;1;1;XEUR;72060441601260295;663;
06.02.2025;11:45:00.898;FME SI 20251219 PS AM P 44.00 0;SIMPLE_INSTRUMENT;BLOCK;EUR;4;3.65000000;1500;PRC_DECOMP_EXCHANGE;;;;XEUR;6080102;663;EXCHANGE
06.02.2025;11:45:00.898;FME SI 20251219 PS AM C 48.00 0;SIMPLE_INSTRUMENT;BLOCK;EUR;4;4.80000000;1500;PRC_DECOMP_EXCHANGE;;;;XEUR;5930250;663;EXCHANGE
06.02.2025;01:27:43.398;FMEA SI 20250321 CS;SIMPLE_INSTRUMENT;BLOCK;USD;3;693.34300000;1690;EXCHANGE_LAST;;1;1;XEUR;7589834;12395;
06.02.2025;01:57:08.846;FMEA SI 20250321 CS;SIMPLE_INSTRUMENT;BLOCK;USD;6;677.12500000;272;EXCHANGE_LAST;;1;1;XEUR;7589834;12395;
06.02.2025;03:12:46.655;FMEA SI 20250321 CS;SIMPLE_INSTRUMENT;BLOCK;USD;9;693.13600000;134;EXCHANGE_LAST;;1;1;XEUR;7589834;12395;
06.02.2025;10:42:36.608;FMEA SI 20250321 CS;SIMPLE_INSTRUMENT;BLOCK;USD;26;695.90000000;7186;EXCHANGE_LAST;;1;1;XEUR;7589834;12395;
06.02.2025;10:43:13.728;FMEA SI 20260320 CS;SIMPLE_INSTRUMENT;BLOCK;USD;27;728.25900000;6866;EXCHANGE_LAST;;1;1;XEUR;9209051;12395;
06.02.2025;11:00:37.608;FMEA SI 20250321 CS;SIMPLE_INSTRUMENT;BLOCK;USD;28;695.90000000;1437;EXCHANGE_LAST;;1;1;XEUR;7589834;12395;
06.02.2025;11:02:47.340;FMEA SI 20260320 CS;SIMPLE_INSTRUMENT;BLOCK;USD;29;728.25900000;1373;EXCHANGE_LAST;;1;1;XEUR;9209051;12395;
06.02.2025;07:48:56.594;FMEE SI 20250321 CS;SIMPLE_INSTRUMENT;BLOCK;USD;14;327.20100000;415;EXCHANGE_LAST;;2;1;XEUR;7589846;12396;
06.02.2025;17:25:42.684;FMEF SI 20250620 CS;SIMPLE_INSTRUMENT;BLOCK;USD;69;1104.00000000;128;EXCHANGE_LAST;;1;1;XEUR;7408968;30657;
06.02.2025;07:30:25.182;FMEM SI 20250321 CS;SIMPLE_INSTRUMENT;EFP_IDX;USD;13;588.40000000;283;EXCHANGE_LAST;;1;1;XEUR;7589821;12394;
06.02.2025;08:16:46.033;FMEM SI 20250321 CS;SIMPLE_INSTRUMENT;EFP_IDX;USD;23;588.32900000;47;EXCHANGE_LAST;;1;1;XEUR;7589821;12394;
06.02.2025;07:54:05.243;FMEN SI 20250321 CS;SIMPLE_INSTRUMENT;EFP_IDX;EUR;16;528.79500000;119;EXCHANGE_LAST;;1;1;XEUR;7590212;30652;
06.02.2025;07:56:07.113;FMEU SI 20250321 CS;SIMPLE_INSTRUMENT;EFP_IDX;EUR;17;358.86000000;245;EXCHANGE_LAST;;1;1;XEUR;7589708;7058;
06.02.2025;07:55:56.210;FMEU SI 20250321 CS;SIMPLE_INSTRUMENT;BLOCK;EUR;18;358.86000000;3937;EXCHANGE_LAST;;2;1;XEUR;7589708;7058;
06.02.2025;08:45:27.118;FMEU SI 20250321 CS;SIMPLE_INSTRUMENT;BLOCK;EUR;25;358.86000000;700;EXCHANGE_LAST;;1;1;XEUR;7589708;7058;
06.02.2025;11:31:25.564;FMFP SI 20250321 CS;SIMPLE_INSTRUMENT;BLOCK;USD;32;2395.00000000;210;EXCHANGE_LAST;;1;1;XEUR;7411195;51999;
06.02.2025;18:47:30.241;FMFP SI 20250321 CS;SIMPLE_INSTRUMENT;BLOCK;USD;70;2403.80000000;210;EXCHANGE_LAST;;1;1;XEUR;7411195;51999;
06.02.2025;18:47:56.952;FMFP SI 20261218 CS;SIMPLE_INSTRUMENT;BLOCK;USD;71;2483.12500000;210;EXCHANGE_LAST;;1;1;XEUR;7411188;51999;
06.02.2025;11:12:00.884;FMGC SI 20250321 CS;SIMPLE_INSTRUMENT;BLOCK;USD;31;13156.63000000;52;EXCHANGE_LAST;;1;1;XEUR;7590767;48916;
06.02.2025;14:44:39.383;FMGO SI 20250321 CS;SIMPLE_INSTRUMENT;BLOCK;USD;39;5375.00000000;55;EXCHANGE_LAST;;1;1;XEUR;8609359;583623;
06.02.2025;01:29:28.143;FMHK SI 20250321 CS;SIMPLE_INSTRUMENT;BLOCK;USD;4;54713.99200000;79;EXCHANGE_LAST;;1;1;XEUR;7590500;45282;
06.02.2025;07:30:26.426;FMID SI 20250321 CS;SIMPLE_INSTRUMENT;BLOCK;USD;1;1538.37000000;67;EXCHANGE_LAST;;1;1;XEUR;7590528;45289;
06.02.2025;02:26:59.806;FMIN SI 20250321 CS;SIMPLE_INSTRUMENT;BLOCK;USD;8;1212.11200000;132;EXCHANGE_LAST;;1;1;XEUR;7589865;12404;
06.02.2025;03:13:53.469;FMIN SI 20250321 CS;SIMPLE_INSTRUMENT;BLOCK;USD;11;1212.11200000;30;EXCHANGE_LAST;;1;1;XEUR;7589865;12404;
06.02.2025;12:03:29.016;FMIN SI 20250321 CS;SIMPLE_INSTRUMENT;BLOCK;USD;34;1209.71000000;832;EXCHANGE_LAST;;1;1;XEUR;7589865;12404;
06.02.2025;12:04:19.458;FMIN SI 20260320 CS;SIMPLE_INSTRUMENT;BLOCK;USD;35;1275.03400000;790;EXCHANGE_LAST;;1;1;XEUR;9209064;12404;
06.02.2025;06:30:35.918;FMJP SI 20250321 CS;SIMPLE_INSTRUMENT;BLOCK;USD;12;8829.16000000;84;EXCHANGE_LAST;;1;1;XEUR;7588794;661;
06.02.2025;07:59:52.470;FMJP SI 20250321 CS;SIMPLE_INSTRUMENT;BLOCK;USD;21;8827.52000000;581;EXCHANGE_LAST;;1;1;XEUR;7588794;661;
06.02.2025;01:03:05.479;FMPX SI 20250321 CS;SIMPLE_INSTRUMENT;BLOCK;USD;1;8190.61700000;6;EXCHANGE_LAST;;1;1;XEUR;7590531;45291;
06.02.2025;12:18:09.758;FMSA SI 20250321 CS;SIMPLE_INSTRUMENT;BLOCK;USD;36;1837.78400000;108;EXCHANGE_LAST;;1;1;XEUR;7591259;134861;
06.02.2025;08:07:00.480;FMSM SI 20250321 CS;SIMPLE_INSTRUMENT;EFP_IDX;USD;22;1682.66000000;93;EXCHANGE_LAST;;1;1;XEUR;7591442;208342;
06.02.2025;02:18:53.466;FMTH SI 20250321 CS;SIMPLE_INSTRUMENT;BLOCK;USD;7;1111.22800000;1158;EXCHANGE_LAST;;1;1;XEUR;7589913;12681;
06.02.2025;12:02:31.990;FMUA SI 20250321 CS;SIMPLE_INSTRUMENT;BLOCK;USD;3;913.72600000;81;EXCHANGE_LAST;;1;1;XEUR;7590507;45284;
06.02.2025;07:56:37.723;FMWN SI 20250321 CS;SIMPLE_INSTRUMENT;EFP_IDX;EUR;19;600.77000000;75;EXCHANGE_LAST;;1;1;XEUR;7590222;30654;
06.02.2025;07:49:16.873;FMWO SI 20250321 CS;SIMPLE_INSTRUMENT;EFP_IDX;USD;15;12254.24000000;555;EXCHANGE_LAST;;1;1;XEUR;7589707;7059;
06.02.2025;07:59:14.697;FMWO SI 20250321 CS;SIMPLE_INSTRUMENT;EFP_IDX;USD;20;12253.09000000;12;EXCHANGE_LAST;;1;1;XEUR;7589707;7059;
06.02.2025;13:14:19.801;FMWO SI 20250321 CS;SIMPLE_INSTRUMENT;BLOCK;USD;38;12274.00000000;100;EXCHANGE_LAST;;1;1;XEUR;7589707;7059;
06.02.2025;08:19:08.589;FOAT SI 20250306 PS;SIMPLE_INSTRUMENT;BLOCK;EUR;1;124.32000000;535;EXCHANGE_LAST;;1;1;XEUR;11286683;749;
06.02.2025;08:42:04.912;FOAT SI 20250306 PS;SIMPLE_INSTRUMENT;EFP_FIN;EUR;2;124.30000000;930;EXCHANGE_LAST;;1;1;XEUR;11286683;749;
06.02.2025;08:43:37.386;FOAT SI 20250306 PS;SIMPLE_INSTRUMENT;EFP_FIN;EUR;3;124.30000000;233;EXCHANGE_LAST;;1;1;XEUR;11286683;749;
06.02.2025;08:46:03.056;FOAT SI 20250306 PS;SIMPLE_INSTRUMENT;EFP_FIN;EUR;4;124.18000000;343;EXCHANGE_LAST;;1;1;XEUR;11286683;749;
06.02.2025;08:48:01.006;FOAT SI 20250306 PS;SIMPLE_INSTRUMENT;BLOCK;EUR;5;124.18000000;2143;EXCHANGE_LAST;;1;1;XEUR;11286683;749;
06.02.2025;08:59:50.723;FOAT SI 20250306 PS;SIMPLE_INSTRUMENT;EFP_FIN;EUR;6;124.20000000;931;EXCHANGE_LAST;;1;1;XEUR;11286683;749;
06.02.2025;09:07:39.608;FOAT SI 20250306 PS;SIMPLE_INSTRUMENT;EFP_FIN;EUR;7;124.21000000;930;EXCHANGE_LAST;;1;1;XEUR;11286683;749;
06.02.2025;09:08:57.729;FOAT SI 20250306 PS;SIMPLE_INSTRUMENT;EFP_FIN;EUR;8;124.19000000;887;EXCHANGE_LAST;;1;1;XEUR;11286683;749;
06.02.2025;09:25:34.015;FOAT SI 20250306 PS;SIMPLE_INSTRUMENT;EFP_FIN;EUR;9;124.30000000;1398;EXCHANGE_LAST;;1;1;XEUR;11286683;749;
06.02.2025;09:18:08.064;FOAT SI 20250306 PS;SIMPLE_INSTRUMENT;EFP_FIN;EUR;10;124.20000000;931;EXCHANGE_LAST;;1;1;XEUR;11286683;749;
06.02.2025;09:18:26.212;FOAT SI 20250306 PS;SIMPLE_INSTRUMENT;EFP_FIN;EUR;11;124.30000000;3728;EXCHANGE_LAST;;1;1;XEUR;11286683;749;
06.02.2025;09:20:51.874;FOAT SI 20250306 PS;SIMPLE_INSTRUMENT;EFP_FIN;EUR;12;124.15000000;1050;EXCHANGE_LAST;;1;1;XEUR;11286683;749;
06.02.2025;09:19:52.081;FOAT SI 20250306 PS;SIMPLE_INSTRUMENT;EFP_FIN;EUR;13;124.19000000;1668;EXCHANGE_LAST;;1;1;XEUR;11286683;749;
06.02.2025;09:25:21.240;FOAT SI 20250306 PS;SIMPLE_INSTRUMENT;EFP_FIN;EUR;14;124.15000000;1903;EXCHANGE_LAST;;1;1;XEUR;11286683;749;
06.02.2025;09:24:40.012;FOAT SI 20250306 PS;SIMPLE_INSTRUMENT;EFP_FIN;EUR;15;124.13000000;1466;EXCHANGE_LAST;;1;1;XEUR;11286683;749;
06.02.2025;09:26:59.302;FOAT SI 20250306 PS;SIMPLE_INSTRUMENT;EFP_FIN;EUR;16;124.15000000;262;EXCHANGE_LAST;;1;1;XEUR;11286683;749;
06.02.2025;09:33:01.518;FOAT SI 20250306 PS;SIMPLE_INSTRUMENT;EFP_FIN;EUR;17;124.30000000;3466;EXCHANGE_LAST;;1;1;XEUR;11286683;749;
06.02.2025;09:28:38.877;FOAT SI 20250306 PS;SIMPLE_INSTRUMENT;EFP_FIN;EUR;18;124.30000000;704;EXCHANGE_LAST;;1;1;XEUR;11286683;749;
06.02.2025;09:31:59.388;FOAT SI 20250306 PS;SIMPLE_INSTRUMENT;EFP_FIN;EUR;19;124.09000000;1126;EXCHANGE_LAST;;1;1;XEUR;11286683;749;
06.02.2025;09:35:07.114;FOAT SI 20250306 PS;SIMPLE_INSTRUMENT;EFP_FIN;EUR;20;124.11000000;1251;EXCHANGE_LAST;;1;1;XEUR;11286683;749;
06.02.2025;09:35:11.934;FOAT SI 20250306 PS;SIMPLE_INSTRUMENT;EFP_FIN;EUR;21;124.20000000;1399;EXCHANGE_LAST;;1;1;XEUR;11286683;749;
06.02.2025;09:35:34.138;FOAT SI 20250306 PS;SIMPLE_INSTRUMENT;EFP_FIN;EUR;22;124.14000000;417;EXCHANGE_LAST;;1;1;XEUR;11286683;749;
06.02.2025;09:35:35.229;FOAT SI 20250306 PS;SIMPLE_INSTRUMENT;EFP_FIN;EUR;23;124.19000000;1251;EXCHANGE_LAST;;1;1;XEUR;11286683;749;
06.02.2025;09:41:05.466;FOAT SI 20250306 PS;SIMPLE_INSTRUMENT;EFP_FIN;EUR;24;124.11000000;495;EXCHANGE_LAST;;1;1;XEUR;11286683;749;
06.02.2025;09:45:52.546;FOAT SI 20250306 PS;SIMPLE_INSTRUMENT;EFP_FIN;EUR;25;124.11000000;245;EXCHANGE_LAST;;1;1;XEUR;11286683;749;
06.02.2025;09:46:38.494;FOAT SI 20250306 PS;SIMPLE_INSTRUMENT;EFS;EUR;26;124.13000000;261;EXCHANGE_LAST;;1;1;XEUR;11286683;749;
06.02.2025;09:48:04.562;FOAT SI 20250306 PS;SIMPLE_INSTRUMENT;EFP_FIN;EUR;27;124.14000000;834;EXCHANGE_LAST;;1;1;XEUR;11286683;749;
06.02.2025;09:49:30.868;FOAT SI 20250306 PS;SIMPLE_INSTRUMENT;EFP_FIN;EUR;28;124.08000000;706;EXCHANGE_LAST;;1;1;XEUR;11286683;749;
06.02.2025;09:52:25.324;FOAT SI 20250306 PS;SIMPLE_INSTRUMENT;EFP_FIN;EUR;29;124.10000000;756;EXCHANGE_LAST;;1;1;XEUR;11286683;749;
06.02.2025;09:53:47.135;FOAT SI 20250306 PS;SIMPLE_INSTRUMENT;EFP_FIN;EUR;30;124.08000000;834;EXCHANGE_LAST;;1;1;XEUR;11286683;749;
06.02.2025;09:55:58.458;FOAT SI 20250306 PS;SIMPLE_INSTRUMENT;EFP_FIN;EUR;31;124.14000000;490;EXCHANGE_LAST;;1;1;XEUR;11286683;749;
06.02.2025;09:58:11.097;FOAT SI 20250306 PS;SIMPLE_INSTRUMENT;BLOCK;EUR;32;124.23000000;1079;EXCHANGE_LAST;;1;1;XEUR;11286683;749;
06.02.2025;10:06:27.188;FOAT SI 20250306 PS;SIMPLE_INSTRUMENT;EFP_FIN;EUR;33;124.09000000;134;EXCHANGE_LAST;;1;1;XEUR;11286683;749;
06.02.2025;10:06:51.812;FOAT SI 20250306 PS;SIMPLE_INSTRUMENT;EFP_FIN;EUR;34;124.16000000;1399;EXCHANGE_LAST;;1;1;XEUR;11286683;749;
06.02.2025;10:07:44.796;FOAT SI 20250306 PS;SIMPLE_INSTRUMENT;EFP_FIN;EUR;35;124.14000000;223;EXCHANGE_LAST;;1;1;XEUR;11286683;749;
06.02.2025;10:15:30.936;FOAT SI 20250306 PS;SIMPLE_INSTRUMENT;EFP_FIN;EUR;36;124.16000000;222;EXCHANGE_LAST;;1;1;XEUR;11286683;749;
06.02.2025;10:24:33.579;FOAT SI 20250306 PS;SIMPLE_INSTRUMENT;EFP_FIN;EUR;37;124.24000000;178;EXCHANGE_LAST;;1;1;XEUR;11286683;749;
06.02.2025;10:32:17.945;FOAT SI 20250306 PS;SIMPLE_INSTRUMENT;EFP_FIN;EUR;38;124.46000000;295;EXCHANGE_LAST;;1;1;XEUR;11286683;749;
06.02.2025;10:46:58.237;FOAT SI 20250306 PS;SIMPLE_INSTRUMENT;EFP_FIN;EUR;39;124.47000000;466;EXCHANGE_LAST;;1;1;XEUR;11286683;749;
06.02.2025;11:03:15.657;FOAT SI 20250306 PS;SIMPLE_INSTRUMENT;BLOCK;EUR;40;124.44000000;972;EXCHANGE_LAST;;1;1;XEUR;11286683;749;
06.02.2025;11:05:26.641;FOAT SI 20250306 PS;SIMPLE_INSTRUMENT;BLOCK;EUR;41;124.44000000;1862;EXCHANGE_LAST;;1;1;XEUR;11286683;749;
06.02.2025;11:16:26.112;FOAT SI 20250306 PS;SIMPLE_INSTRUMENT;EFP_FIN;EUR;42;124.43000000;834;EXCHANGE_LAST;;1;1;XEUR;11286683;749;
06.02.2025;11:17:27.749;FOAT SI 20250306 PS;SIMPLE_INSTRUMENT;EFP_FIN;EUR;43;124.42000000;931;EXCHANGE_LAST;;1;1;XEUR;11286683;749;
06.02.2025;11:42:49.894;FOAT SI 20250306 PS;SIMPLE_INSTRUMENT;EFP_FIN;EUR;44;124.40000000;515;EXCHANGE_LAST;;1;1;XEUR;11286683;749;
06.02.2025;11:53:08.062;FOAT SI 20250306 PS;SIMPLE_INSTRUMENT;EFP_FIN;EUR;45;124.43000000;209;EXCHANGE_LAST;;1;1;XEUR;11286683;749;
06.02.2025;11:51:44.795;FOAT SI 20250306 PS;SIMPLE_INSTRUMENT;EFP_FIN;EUR;46;124.45000000;1251;EXCHANGE_LAST;;1;1;XEUR;11286683;749;
06.02.2025;11:51:52.989;FOAT SI 20250306 PS;SIMPLE_INSTRUMENT;EFS;EUR;47;124.42000000;235;EXCHANGE_LAST;;1;1;XEUR;11286683;749;
06.02.2025;12:07:46.623;FOAT SI 20250306 PS;SIMPLE_INSTRUMENT;EFP_FIN;EUR;48;124.52000000;1668;EXCHANGE_LAST;;1;1;XEUR;11286683;749;
06.02.2025;12:15:59.354;FOAT SI 20250306 PS;SIMPLE_INSTRUMENT;EFP_FIN;EUR;49;124.47000000;835;EXCHANGE_LAST;;1;1;XEUR;11286683;749;
06.02.2025;12:16:56.702;FOAT SI 20250306 PS;SIMPLE_INSTRUMENT;EFP_FIN;EUR;50;124.44000000;3752;EXCHANGE_LAST;;1;1;XEUR;11286683;749;
06.02.2025;12:27:32.298;FOAT SI 20250306 PS;SIMPLE_INSTRUMENT;EFP_FIN;EUR;51;124.43000000;2220;EXCHANGE_LAST;;1;1;XEUR;11286683;749;
06.02.2025;12:30:13.437;FOAT SI 20250306 PS;SIMPLE_INSTRUMENT;EFP_FIN;EUR;52;124.42000000;2143;EXCHANGE_LAST;;1;1;XEUR;11286683;749;
06.02.2025;12:32:42.940;FOAT SI 20250306 PS;SIMPLE_INSTRUMENT;EFP_FIN;EUR;53;124.44000000;514;EXCHANGE_LAST;;1;1;XEUR;11286683;749;
06.02.2025;13:07:05.733;FOAT SI 20250306 PS;SIMPLE_INSTRUMENT;EFP_FIN;EUR;54;124.42000000;824;EXCHANGE_LAST;;1;1;XEUR;11286683;749;
06.02.2025;13:09:35.735;FOAT SI 20250306 PS;SIMPLE_INSTRUMENT;EFP_FIN;EUR;55;124.43000000;2220;EXCHANGE_LAST;;1;1;XEUR;11286683;749;
06.02.2025;13:20:33.337;FOAT SI 20250306 PS;SIMPLE_INSTRUMENT;BLOCK;EUR;56;124.37000000;888;EXCHANGE_LAST;;1;1;XEUR;11286683;749;
06.02.2025;13:32:55.844;FOAT SI 20250306 PS;SIMPLE_INSTRUMENT;EFP_FIN;EUR;57;124.37000000;1397;EXCHANGE_LAST;;1;1;XEUR;11286683;749;
06.02.2025;13:38:22.431;FOAT SI 20250306 PS;SIMPLE_INSTRUMENT;EFP_FIN;EUR;58;124.34000000;968;EXCHANGE_LAST;;1;1;XEUR;11286683;749;
06.02.2025;14:17:37.982;FOAT SI 20250306 PS;SIMPLE_INSTRUMENT;EFP_FIN;EUR;59;124.52000000;708;EXCHANGE_LAST;;1;1;XEUR;11286683;749;
06.02.2025;14:17:40.972;FOAT SI 20250306 PS;SIMPLE_INSTRUMENT;EFP_FIN;EUR;60;124.37000000;266;EXCHANGE_LAST;;1;1;XEUR;11286683;749;
06.02.2025;14:19:23.267;FOAT SI 20250306 PS;SIMPLE_INSTRUMENT;EFP_FIN;EUR;61;124.47000000;4319;EXCHANGE_LAST;;1;1;XEUR;11286683;749;
06.02.2025;14:28:11.499;FOAT SI 20250306 PS;SIMPLE_INSTRUMENT;EFP_FIN;EUR;62;124.43000000;500;EXCHANGE_LAST;;1;1;XEUR;11286683;749;
06.02.2025;14:29:30.111;FOAT SI 20250306 PS;SIMPLE_INSTRUMENT;EFP_FIN;EUR;63;124.42000000;465;EXCHANGE_LAST;;1;1;XEUR;11286683;749;
06.02.2025;14:32:01.534;FOAT SI 20250306 PS;SIMPLE_INSTRUMENT;EFP_FIN;EUR;65;124.52000000;2751;EXCHANGE_LAST;;1;1;XEUR;11286683;749;
06.02.2025;14:32:37.319;FOAT SI 20250306 PS;SIMPLE_INSTRUMENT;EFP_FIN;EUR;66;124.45000000;177;EXCHANGE_LAST;;1;1;XEUR;11286683;749;
06.02.2025;14:36:11.115;FOAT SI 20250306 PS;SIMPLE_INSTRUMENT;EFP_FIN;EUR;67;124.50000000;834;EXCHANGE_LAST;;1;1;XEUR;11286683;749;
06.02.2025;14:53:20.375;FOAT SI 20250306 PS;SIMPLE_INSTRUMENT;EFP_FIN;EUR;68;124.45000000;240;EXCHANGE_LAST;;1;1;XEUR;11286683;749;
06.02.2025;14:51:36.209;FOAT SI 20250306 PS;SIMPLE_INSTRUMENT;EFP_FIN;EUR;69;124.39000000;625;EXCHANGE_LAST;;1;1;XEUR;11286683;749;
06.02.2025;14:52:38.022;FOAT SI 20250306 PS;SIMPLE_INSTRUMENT;EFP_FIN;EUR;70;124.42000000;2938;EXCHANGE_LAST;;1;1;XEUR;11286683;749;
06.02.2025;15:21:32.637;FOAT SI 20250306 PS;SIMPLE_INSTRUMENT;EFP_FIN;EUR;71;124.42000000;465;EXCHANGE_LAST;;1;1;XEUR;11286683;749;
06.02.2025;15:12:23.299;FOAT SI 20250306 PS;SIMPLE_INSTRUMENT;EFP_FIN;EUR;72;124.52000000;2502;EXCHANGE_LAST;;1;1;XEUR;11286683;749;
06.02.2025;15:19:20.193;FOAT SI 20250306 PS;SIMPLE_INSTRUMENT;EFS;EUR;73;124.52000000;269;EXCHANGE_LAST;;1;1;XEUR;11286683;749;
06.02.2025;15:25:46.949;FOAT SI 20250306 PS;SIMPLE_INSTRUMENT;EFP_FIN;EUR;74;124.53000000;466;EXCHANGE_LAST;;1;1;XEUR;11286683;749;
06.02.2025;15:37:35.360;FOAT SI 20250306 PS;SIMPLE_INSTRUMENT;EFP_FIN;EUR;75;124.55000000;3335;EXCHANGE_LAST;;1;1;XEUR;11286683;749;
06.02.2025;15:38:33.666;FOAT SI 20250306 PS;SIMPLE_INSTRUMENT;EFP_FIN;EUR;76;124.46000000;2502;EXCHANGE_LAST;;1;1;XEUR;11286683;749;
06.02.2025;15:38:54.506;FOAT SI 20250306 PS;SIMPLE_INSTRUMENT;EFP_FIN;EUR;77;124.56000000;834;EXCHANGE_LAST;;1;1;XEUR;11286683;749;
