#Date;TrdTime;Contract;ContractType;TrdTyp;Currency;TesId;Prc;Qty;TrdInd;Aggressor;Buy;Sell;Exch;InstrumentId;RelatedProdId;PrcDecomp
06.11.2024;13:40:24.174;A2XA SI 20251219 CS;SIMPLE_INSTRUMENT;BLOCK;EUR;43;2.09000000;2070;EXCHANGE_LAST;;2;1;XEUR;3681055;17;
06.11.2024;13:40:27.831;A2XA SI 20261218 CS;SIMPLE_INSTRUMENT;BLOCK;EUR;44;2.08000000;2070;EXCHANGE_LAST;;2;1;XEUR;4632093;17;
06.11.2024;13:51:04.975;ABBG SI 20241220 CS;SIMPLE_INSTRUMENT;BLOCK;CHF;46;50.92100000;2500;EXCHANGE_LAST;;1;1;XEUR;8508601;574520;
06.11.2024;11:49:13.755;ABBN SI 20241115 PS AM P 51.50 0;SIMPLE_INSTRUMENT;BLOCK;CHF;25;0.80000000;4000;EXCHANGE_LAST;;1;1;XEUR;11740464;574517;
06.11.2024;15:27:01.590;ABBN SI 20241115 PS AM C 52.00 0;SIMPLE_INSTRUMENT;BLOCK;CHF;60;0.14000000;1700;EXCHANGE_LAST;;1;1;XEUR;11740465;574517;
06.11.2024;10:41:14.765;ADEN SI 20250620 PS AM P 22.00 0;SIMPLE_INSTRUMENT;BLOCK;CHF;12;0.95000000;2500;EXCHANGE_LAST;;1;1;XEUR;11347907;44;
06.11.2024;16:02:21.168;ADS SI 20241220 PS AM P 205.00 0;SIMPLE_INSTRUMENT;BLOCK;EUR;24;3.88000000;750;EXCHANGE_LAST;;1;1;XEUR;11870424;50;
06.11.2024;16:06:50.666;ADS SI 20241220 PS AM C 220.00 0;SIMPLE_INSTRUMENT;BLOCK;EUR;26;5.25000000;400;EXCHANGE_LAST;;1;1;XEUR;10394188;50;
06.11.2024;11:03:04.137;ADSP FI 20250107 PS;FLEXIBLE_INSTRUMENT;BLOCK;EUR;21;218.00420000;2533;EXCHANGE_LAST;;1;1;XEUR;1153455381926641679;124303;
06.11.2024;13:20:49.043;AKE SI 20241220 PS AM C 90.00 0;SIMPLE_INSTRUMENT;BLOCK;EUR;32;0.91000000;1000;EXCHANGE_LAST;;1;1;XEUR;11871189;77;
06.11.2024;13:27:15.674;ALC SI 20241220 PS AM C 76.00 0;SIMPLE_INSTRUMENT;BLOCK;CHF;37;6.31000000;1250;EXCHANGE_LAST;;1;1;XEUR;4637897;130134;
06.11.2024;10:54:04.081;ALVP FI 20241202 PS;FLEXIBLE_INSTRUMENT;BLOCK;EUR;20;296.83690000;1050;EXCHANGE_LAST;;1;1;XEUR;1153455369041739802;124300;
06.11.2024;16:10:05.831;ARG SI 20251219 PS AM C 720.00 0;SIMPLE_INSTRUMENT;BLOCK;EUR;14;36.00000000;100;EXCHANGE_LAST;;1;1;XEUR;8169450;355435;
06.11.2024;14:29:04.222;ASM SI 20261218 PS AM P 480.00 0;SIMPLE_INSTRUMENT;BLOCK;EUR;9;49.50000000;100;EXCHANGE_LAST;;1;1;XEUR;7152924;107;
06.11.2024;14:35:31.191;ASM SI 20250321 PS AM P 600.00 0;SIMPLE_INSTRUMENT;BLOCK;EUR;10;40.35000000;150;EXCHANGE_LAST;;1;1;XEUR;10830140;107;
06.11.2024;13:30:41.482;AXA FI 20261218 PS EU P 34.0000 0;FLEXIBLE_INSTRUMENT;BLOCK;EUR;34;4.29000000;10000;EXCHANGE_LAST;;1;1;XEUR;1152922050067702723;127;
06.11.2024;13:31:50.535;AXA FI 20261218 PS EU P 34.0000 0;FLEXIBLE_INSTRUMENT;BLOCK;EUR;35;4.29000000;13000;EXCHANGE_LAST;;1;1;XEUR;1152922050067702723;127;
06.11.2024;13:34:20.346;AXA FI 20261218 PS EU C 34.0000 0;FLEXIBLE_INSTRUMENT;BLOCK;EUR;36;3.13000000;13000;EXCHANGE_LAST;;1;1;XEUR;1152922050067702724;127;
06.11.2024;13:35:15.030;AXA FI 20261218 PS EU C 34.0000 0;FLEXIBLE_INSTRUMENT;BLOCK;EUR;37;3.13000000;10000;EXCHANGE_LAST;;1;1;XEUR;1152922050067702724;127;
06.11.2024;16:09:50.755;AXA SI 20250919 PS AM P 30.00 0;SIMPLE_INSTRUMENT;BLOCK;EUR;50;1.28000000;1500;EXCHANGE_LAST;;1;1;XEUR;11872456;127;
06.11.2024;09:44:00.745;B2MW SI 20251219 CS;SIMPLE_INSTRUMENT;BLOCK;EUR;4;3.91000000;100;EXCHANGE_LAST;;1;2;XEUR;3681121;128;
06.11.2024;10:22:40.486;B2MW SI 20251219 CS;SIMPLE_INSTRUMENT;BLOCK;EUR;16;3.91000000;100;EXCHANGE_LAST;;1;2;XEUR;3681121;128;
06.11.2024;14:51:38.886;B2MW SI 20251219 CS;SIMPLE_INSTRUMENT;BLOCK;EUR;66;3.80000000;200;EXCHANGE_LAST;;1;1;XEUR;3681121;128;
06.11.2024;15:03:01.038;B2MW SI 20251219 CS;SIMPLE_INSTRUMENT;BLOCK;EUR;69;3.80000000;250;EXCHANGE_LAST;;1;1;XEUR;3681121;128;
06.11.2024;11:51:38.371;B2NP SI 20251219 CS;SIMPLE_INSTRUMENT;BLOCK;EUR;28;4.80000000;100;EXCHANGE_LAST;;1;1;XEUR;5914355;131;
06.11.2024;14:25:42.643;B2NP SI 20261218 CS;SIMPLE_INSTRUMENT;BLOCK;EUR;57;4.38000000;500;EXCHANGE_LAST;;1;1;XEUR;6798320;131;
06.11.2024;14:31:21.766;B2NP SI 20251219 CS;SIMPLE_INSTRUMENT;BLOCK;EUR;59;4.79000000;100;EXCHANGE_LAST;;1;1;XEUR;5914355;131;
06.11.2024;14:59:37.521;B2NP SI 20271217 CS;SIMPLE_INSTRUMENT;BLOCK;EUR;67;3.99000000;75;EXCHANGE_LAST;;1;1;XEUR;7086925;131;
06.11.2024;16:46:14.367;B2YG SI 20251219 CS;SIMPLE_INSTRUMENT;BLOCK;EUR;89;1.84000000;400;EXCHANGE_LAST;;2;3;XEUR;5914365;45713;
06.11.2024;10:49:43.977;B3BV SI 20251219 CS;SIMPLE_INSTRUMENT;BLOCK;EUR;19;0.73000000;500;EXCHANGE_LAST;;1;1;XEUR;5914370;135;
06.11.2024;16:30:21.313;B3BV SI 20261218 CS;SIMPLE_INSTRUMENT;BLOCK;EUR;85;0.68000000;500;EXCHANGE_LAST;;1;1;XEUR;6798345;135;
06.11.2024;10:33:14.477;BARN.O.241106.BLT.000002;STANDARD_OPTION_STRATEGY;BLOCK;CHF;10;70.40000000;500;EXCHANGE_LAST;;1;1;XEUR;72058233988060102;149;
06.11.2024;10:33:14.477;BARN SI 20241220 PS AM C 1600.00 0;SIMPLE_INSTRUMENT;BLOCK;CHF;10;47.81000000;500;PRC_DECOMP_EXCHANGE;;;;XEUR;8774121;149;EXCHANGE
06.11.2024;10:33:14.477;BARN SI 20250919 PS AM C 1600.00 0;SIMPLE_INSTRUMENT;BLOCK;CHF;10;118.21000000;500;PRC_DECOMP_EXCHANGE;;;;XEUR;11872463;149;EXCHANGE
06.11.2024;08:57:18.542;BAS SI 20241220 PS AM C 50.00 0;SIMPLE_INSTRUMENT;BLOCK;EUR;1;0.33000000;1948;EXCHANGE_LAST;;1;1;XEUR;7509957;150;
06.11.2024;09:10:36.448;BAS.O.241106.PDIA.000002;STANDARD_OPTION_STRATEGY;BLOCK;EUR;3;-0.14000000;1000;EXCHANGE_LAST;;1;1;XEUR;72058238283088474;150;
06.11.2024;09:10:36.448;BAS SI 20241220 PS AM P 44.50 0;SIMPLE_INSTRUMENT;BLOCK;EUR;3;0.99000000;1000;PRC_DECOMP_EXCHANGE;;;;XEUR;11872990;150;EXCHANGE
06.11.2024;09:10:36.448;BAS SI 20241115 PS AM P 46.00 0;SIMPLE_INSTRUMENT;BLOCK;EUR;3;1.13000000;1000;PRC_DECOMP_EXCHANGE;;;;XEUR;11699752;150;EXCHANGE
06.11.2024;09:46:42.085;BAS SI 20241115 PS AM C 47.00 0;SIMPLE_INSTRUMENT;BLOCK;EUR;4;0.33000000;831;EXCHANGE_LAST;;1;1;XEUR;11699761;150;
06.11.2024;12:06:33.028;BAS SI 20250117 PS AM C 47.00 0;SIMPLE_INSTRUMENT;BLOCK;EUR;13;1.18000000;4480;EXCHANGE_LAST;;1;1;XEUR;12068843;150;
06.11.2024;12:06:33.029;BAS SI 20250117 PS AM C 47.00 0;SIMPLE_INSTRUMENT;BLOCK;EUR;14;1.19000000;3520;EXCHANGE_LAST;;1;1;XEUR;12068843;150;
06.11.2024;12:43:42.699;BAS.O.241106.BRT.000005;STANDARD_OPTION_STRATEGY;BLOCK;EUR;15;0.40000000;500;EXCHANGE_LAST;;1;1;XEUR;72058238283088477;150;
06.11.2024;12:43:42.699;BAS SI 20241220 PS AM P 47.00 0;SIMPLE_INSTRUMENT;BLOCK;EUR;15;2.70000000;500;PRC_DECOMP_EXCHANGE;;;;XEUR;7509956;150;EXCHANGE
06.11.2024;12:43:42.699;BAS SI 20241115 PS AM P 47.00 0;SIMPLE_INSTRUMENT;BLOCK;EUR;15;2.30000000;500;PRC_DECOMP_EXCHANGE;;;;XEUR;11699763;150;EXCHANGE
06.11.2024;10:53:32.869;BAY SI 20241220 PS AM P 48.00 0;SIMPLE_INSTRUMENT;BLOCK;EUR;9;23.00000000;2500;EXCHANGE_LAST;;1;1;XEUR;4639304;168;
06.11.2024;12:46:29.860;BAY SI 20241220 PS AM C 28.00 0;SIMPLE_INSTRUMENT;BLOCK;EUR;16;0.27000000;1800;EXCHANGE_LAST;;1;1;XEUR;5746481;168;
06.11.2024;15:54:34.040;BAY SI 20241220 PS AM P 28.00 0;SIMPLE_INSTRUMENT;BLOCK;EUR;18;4.31000000;6400;EXCHANGE_LAST;;1;1;XEUR;5746482;168;
06.11.2024;15:59:03.619;BAY SI 20241220 PS AM P 32.00 0;SIMPLE_INSTRUMENT;BLOCK;EUR;19;8.23000000;4600;EXCHANGE_LAST;;1;1;XEUR;5671981;168;
06.11.2024;10:20:16.663;BMW SI 20241220 PS AM P 95.00 0;SIMPLE_INSTRUMENT;BLOCK;EUR;9;25.70000000;1742;EXCHANGE_LAST;;1;1;XEUR;9393924;210;
06.11.2024;12:08:10.008;BMW SI 20250321 PS AM C 72.00 0;SIMPLE_INSTRUMENT;BLOCK;EUR;22;2.70000000;730;EXCHANGE_LAST;;1;1;XEUR;10832603;210;
06.11.2024;12:08:14.730;BMW SI 20250321 PS AM P 68.00 0;SIMPLE_INSTRUMENT;BLOCK;EUR;23;4.14000000;730;EXCHANGE_LAST;;1;1;XEUR;10832601;210;
06.11.2024;13:28:44.417;BMW SI 20250919 PS AM P 56.00 0;SIMPLE_INSTRUMENT;BLOCK;EUR;29;2.33000000;1000;EXCHANGE_LAST;;1;1;XEUR;11874319;210;
06.11.2024;15:36:23.268;BMW.O.241106.COMBO.000022;STANDARD_OPTION_STRATEGY;BLOCK;EUR;35;0.61000000;1300;EXCHANGE_LAST;;1;1;XEUR;72058495981106319;210;
06.11.2024;15:36:23.268;BMW SI 20250321 PS AM C 80.00 0;SIMPLE_INSTRUMENT;BLOCK;EUR;35;0.91000000;1300;PRC_DECOMP_EXCHANGE;;;;XEUR;10832595;210;EXCHANGE
06.11.2024;15:36:23.268;BMW SI 20250321 PS AM P 60.00 0;SIMPLE_INSTRUMENT;BLOCK;EUR;35;1.52000000;1300;PRC_DECOMP_EXCHANGE;;;;XEUR;10832573;210;EXCHANGE
06.11.2024;16:01:37.222;BMW SI 20251219 PS AM P 68.00 0;SIMPLE_INSTRUMENT;BLOCK;EUR;37;8.25000000;1500;EXCHANGE_LAST;;2;1;XEUR;5923230;210;
06.11.2024;10:08:14.410;BNP SI 20250321 PS AM P 52.00 0;SIMPLE_INSTRUMENT;BLOCK;EUR;6;0.60000000;2000;EXCHANGE_LAST;;1;1;XEUR;10833042;237;
06.11.2024;10:08:18.411;BNP SI 20250321 PS AM P 56.00 0;SIMPLE_INSTRUMENT;BLOCK;EUR;7;0.93000000;1000;EXCHANGE_LAST;;1;1;XEUR;10832950;237;
06.11.2024;10:08:24.412;BNP SI 20250321 PS AM P 56.00 0;SIMPLE_INSTRUMENT;BLOCK;EUR;9;0.94000000;1000;EXCHANGE_LAST;;1;1;XEUR;10832950;237;
06.11.2024;10:33:41.171;BNP SI 20241220 PS AM P 60.00 0;SIMPLE_INSTRUMENT;BLOCK;EUR;16;0.70000000;1500;EXCHANGE_LAST;;1;1;XEUR;4640396;237;
06.11.2024;11:05:48.230;BNP SI 20241220 PS AM P 60.00 0;SIMPLE_INSTRUMENT;BLOCK;EUR;23;0.97000000;3000;EXCHANGE_LAST;;1;1;XEUR;4640396;237;
06.11.2024;11:08:30.838;BNP SI 20241220 PS AM P 60.00 0;SIMPLE_INSTRUMENT;BLOCK;EUR;24;0.97000000;1500;EXCHANGE_LAST;;1;1;XEUR;4640396;237;
06.11.2024;12:11:30.227;BNP SI 20241220 PS AM P 64.00 0;SIMPLE_INSTRUMENT;BLOCK;EUR;28;2.53000000;1500;EXCHANGE_LAST;;1;1;XEUR;4640398;237;
06.11.2024;12:33:49.964;BNP SI 20241220 PS AM P 64.00 0;SIMPLE_INSTRUMENT;BLOCK;EUR;30;2.53000000;1000;EXCHANGE_LAST;;1;1;XEUR;4640398;237;
06.11.2024;13:55:03.882;BNP.O.241106.STG.000002;STANDARD_OPTION_STRATEGY;BLOCK;EUR;39;3.58000000;1200;EXCHANGE_LAST;;1;1;XEUR;72058611945197462;237;
06.11.2024;13:55:03.882;BNP SI 20250321 PS AM P 60.00 0;SIMPLE_INSTRUMENT;BLOCK;EUR;39;2.35000000;1200;PRC_DECOMP_EXCHANGE;;;;XEUR;10832956;237;EXCHANGE
06.11.2024;13:55:03.882;BNP SI 20250321 PS AM C 68.00 0;SIMPLE_INSTRUMENT;BLOCK;EUR;39;1.23000000;1200;PRC_DECOMP_EXCHANGE;;;;XEUR;10832940;237;EXCHANGE
06.11.2024;14:02:23.343;BNP SI 20250321 PS AM C 64.00 0;SIMPLE_INSTRUMENT;BLOCK;EUR;40;2.91000000;500;EXCHANGE_LAST;;1;1;XEUR;10832961;237;
06.11.2024;14:34:55.171;BNP SI 20250321 PS AM C 64.00 0;SIMPLE_INSTRUMENT;BLOCK;EUR;42;2.91000000;2000;EXCHANGE_LAST;;1;1;XEUR;10832961;237;
06.11.2024;15:38:54.568;BNP SI 20250919 PS AM P 56.00 0;SIMPLE_INSTRUMENT;BLOCK;EUR;45;4.08000000;2000;EXCHANGE_LAST;;1;1;XEUR;11875183;237;
06.11.2024;15:50:46.537;BNP SI 20250919 PS AM P 56.00 0;SIMPLE_INSTRUMENT;BLOCK;EUR;48;4.08000000;1000;EXCHANGE_LAST;;1;1;XEUR;11875183;237;
06.11.2024;16:04:08.170;BOSF SI 20241220 CS;SIMPLE_INSTRUMENT;BLOCK;EUR;78;41.00000000;3000;EXCHANGE_LAST;;1;1;XEUR;7032516;231;
06.11.2024;15:33:30.827;BPT SI 20241115 PS AM C 390 0;SIMPLE_INSTRUMENT;BLOCK;GBX;11;2.75000000;518;EXCHANGE_LAST;;1;1;XEUR;11701550;250;
06.11.2024;15:33:46.325;BPT SI 20241115 PS AM C 390 0;SIMPLE_INSTRUMENT;BLOCK;GBX;12;3.00000000;2074;EXCHANGE_LAST;;1;1;XEUR;11701550;250;
06.11.2024;09:16:55.002;BSD2 SI 20241220 PS AM C 4.00 0;SIMPLE_INSTRUMENT;BLOCK;EUR;1;0.56000000;4000;EXCHANGE_LAST;;1;1;XEUR;4640643;245;
06.11.2024;12:13:25.589;BSN.O.241106.STD.000003;STANDARD_OPTION_STRATEGY;BLOCK;EUR;29;9.45000000;750;EXCHANGE_LAST;;1;1;XEUR;72058629125061105;241;
06.11.2024;12:13:25.589;BSN SI 20251219 PS AM P 64.00 0;SIMPLE_INSTRUMENT;BLOCK;EUR;29;3.45000000;750;PRC_DECOMP_MEMBER;;;;XEUR;5923924;241;MEMBER
06.11.2024;12:13:25.589;BSN SI 20251219 PS AM C 64.00 0;SIMPLE_INSTRUMENT;BLOCK;EUR;29;6.00000000;750;PRC_DECOMP_MEMBER;;;;XEUR;5923923;241;MEMBER
06.11.2024;10:10:22.148;C4RI SI 20251219 CS;SIMPLE_INSTRUMENT;BLOCK;EUR;13;2.81000000;300;EXCHANGE_LAST;;1;1;XEUR;5914459;50862;
06.11.2024;11:35:00.458;C4RI.S.DEC25.DEC27.SPD;FUTURES_SPREAD;BLOCK;EUR;26;-0.10000000;400;EXCHANGE_LAST;;1;1;XEUR;72276044664537116;50862;
06.11.2024;11:35:00.458;C4RI SI 20271217 CS;SIMPLE_INSTRUMENT;BLOCK;EUR;26;2.91000000;400;PRC_DECOMP_MEMBER;;;;XEUR;8408414;50862;MEMBER
06.11.2024;11:35:00.458;C4RI SI 20251219 CS;SIMPLE_INSTRUMENT;BLOCK;EUR;26;2.81000000;400;PRC_DECOMP_MEMBER;;;;XEUR;5914459;50862;MEMBER
06.11.2024;12:43:08.186;C4RI SI 20271217 CS;SIMPLE_INSTRUMENT;BLOCK;EUR;30;2.83000000;400;EXCHANGE_LAST;;1;1;XEUR;8408414;50862;
06.11.2024;14:01:22.895;C4RI SI 20261218 CS;SIMPLE_INSTRUMENT;BLOCK;EUR;48;2.86000000;450;EXCHANGE_LAST;;1;1;XEUR;6821680;50862;
06.11.2024;14:01:49.136;C4RI SI 20251219 CS;SIMPLE_INSTRUMENT;BLOCK;EUR;49;2.79000000;300;EXCHANGE_LAST;;2;1;XEUR;5914459;50862;
06.11.2024;15:06:52.730;C4RI.S.DEC25.DEC26.SPD;FUTURES_SPREAD;BLOCK;EUR;70;-0.06000000;250;EXCHANGE_LAST;;1;1;XEUR;72276044664537117;50862;
06.11.2024;15:06:52.730;C4RI SI 20261218 CS;SIMPLE_INSTRUMENT;BLOCK;EUR;70;2.85000000;250;PRC_DECOMP_MEMBER;;;;XEUR;6821680;50862;MEMBER
06.11.2024;15:06:52.730;C4RI SI 20251219 CS;SIMPLE_INSTRUMENT;BLOCK;EUR;70;2.79000000;250;PRC_DECOMP_MEMBER;;;;XEUR;5914459;50862;MEMBER
06.11.2024;13:30:12.664;CAR SI 20250919 PS AM P 13.00 0;SIMPLE_INSTRUMENT;BLOCK;EUR;33;0.60000000;1000;EXCHANGE_LAST;;1;1;XEUR;11875779;265;
06.11.2024;08:38:50.919;CBK SI 20241115 PS AM C 17.00 0;SIMPLE_INSTRUMENT;BLOCK;EUR;1;0.06000000;2000;EXCHANGE_LAST;;1;1;XEUR;11838767;268;
06.11.2024;10:41:55.377;CBK.O.241106.STG.000003;STANDARD_OPTION_STRATEGY;BLOCK;EUR;4;2.03000000;3000;EXCHANGE_LAST;;1;1;XEUR;72058745089200580;268;
06.11.2024;10:41:55.377;CBK SI 20250620 PS AM C 17.00 0;SIMPLE_INSTRUMENT;BLOCK;EUR;4;1.25000000;3000;PRC_DECOMP_MEMBER;;;;XEUR;11353960;268;MEMBER
06.11.2024;10:41:55.377;CBK SI 20250620 PS AM P 14.00 0;SIMPLE_INSTRUMENT;BLOCK;EUR;4;0.78000000;3000;PRC_DECOMP_MEMBER;;;;XEUR;7900454;268;MEMBER
06.11.2024;14:43:20.789;CBK SI 20241220 PS AM P 15.80 0;SIMPLE_INSTRUMENT;BLOCK;EUR;20;0.59000000;1250;EXCHANGE_LAST;;1;1;XEUR;11621473;268;
06.11.2024;10:53:50.760;CFR.O.241106.STD.000009;STANDARD_OPTION_STRATEGY;BLOCK;CHF;14;13.98000000;500;EXCHANGE_LAST;;1;1;XEUR;72058938362724853;313;
06.11.2024;10:53:50.760;CFR SI 20241220 PS AM P 120.00 0;SIMPLE_INSTRUMENT;BLOCK;CHF;14;3.03000000;500;PRC_DECOMP_EXCHANGE;;;;XEUR;9996582;313;EXCHANGE
06.11.2024;10:53:50.760;CFR SI 20241220 PS AM C 120.00 0;SIMPLE_INSTRUMENT;BLOCK;CHF;14;10.95000000;500;PRC_DECOMP_EXCHANGE;;;;XEUR;9996580;313;EXCHANGE
06.11.2024;11:18:23.856;CFR SI 20250321 PS AM P 110.00 0;SIMPLE_INSTRUMENT;BLOCK;CHF;21;2.72000000;500;EXCHANGE_LAST;;1;1;XEUR;10834880;313;
06.11.2024;09:51:25.339;CLX SI 20241220 PS AM P 31.00 0;SIMPLE_INSTRUMENT;BLOCK;EUR;2;0.53000000;150;EXCHANGE_LAST;;1;1;XEUR;10459063;626615;
06.11.2024;09:51:07.338;CLX SI 20241220 PS AM P 31.00 0;SIMPLE_INSTRUMENT;BLOCK;EUR;3;0.56000000;350;EXCHANGE_LAST;;1;1;XEUR;10459063;626615;
06.11.2024;13:21:05.963;CRI5.O.241106.STG.000001;STANDARD_OPTION_STRATEGY;BLOCK;EUR;7;6.84000000;2500;EXCHANGE_LAST;;2;2;XEUR;72058968427473576;320;
06.11.2024;13:21:05.963;CRI5 SI 20250918 PS AM C 44.00 0;SIMPLE_INSTRUMENT;BLOCK;EUR;7;3.11200000;2500;PRC_DECOMP_EXCHANGE;;;;XEUR;11863167;320;EXCHANGE
06.11.2024;13:21:05.963;CRI5 SI 20250918 PS AM P 40.00 0;SIMPLE_INSTRUMENT;BLOCK;EUR;7;3.72800000;2500;PRC_DECOMP_EXCHANGE;;;;XEUR;11863128;320;EXCHANGE
06.11.2024;13:19:22.380;D2PW SI 20261218 CS;SIMPLE_INSTRUMENT;BLOCK;EUR;39;1.69000000;300;EXCHANGE_LAST;;2;2;XEUR;4632317;9702;
06.11.2024;15:55:26.070;D2PW SI 20261218 CS;SIMPLE_INSTRUMENT;BLOCK;EUR;77;1.68000000;300;EXCHANGE_LAST;;1;2;XEUR;4632317;9702;
06.11.2024;12:44:12.083;D3AI SI 20251219 CS;SIMPLE_INSTRUMENT;BLOCK;EUR;29;3.84500000;350;EXCHANGE_LAST;;2;2;XEUR;7144062;443197;
06.11.2024;13:01:01.067;D3AI SI 20251219 CS;SIMPLE_INSTRUMENT;BLOCK;EUR;38;3.82000000;100;EXCHANGE_LAST;;1;1;XEUR;7144062;443197;
06.11.2024;14:06:52.923;D3AI SI 20261218 CS;SIMPLE_INSTRUMENT;BLOCK;EUR;51;2.97000000;120;EXCHANGE_LAST;;1;1;XEUR;7144051;443197;
06.11.2024;14:12:55.115;D3AI SI 20271217 CS;SIMPLE_INSTRUMENT;BLOCK;EUR;53;2.65000000;120;EXCHANGE_LAST;;1;1;XEUR;7144067;443197;
06.11.2024;14:16:10.197;D3AI SI 20251219 CS;SIMPLE_INSTRUMENT;BLOCK;EUR;55;3.82000000;60;EXCHANGE_LAST;;1;1;XEUR;7144062;443197;
06.11.2024;14:16:47.102;D3AI SI 20281215 CS;SIMPLE_INSTRUMENT;BLOCK;EUR;56;2.22000000;100;EXCHANGE_LAST;;1;1;XEUR;7144065;443197;
06.11.2024;14:33:57.804;D3AI SI 20251219 CS;SIMPLE_INSTRUMENT;BLOCK;EUR;61;3.82000000;50;EXCHANGE_LAST;;1;1;XEUR;7144062;443197;
06.11.2024;15:37:51.201;D3AI SI 20261218 CS;SIMPLE_INSTRUMENT;BLOCK;EUR;73;2.86000000;100;EXCHANGE_LAST;;1;1;XEUR;7144051;443197;
06.11.2024;16:37:32.295;D3AI SI 20251219 CS;SIMPLE_INSTRUMENT;BLOCK;EUR;86;3.80000000;100;EXCHANGE_LAST;;1;1;XEUR;7144062;443197;
06.11.2024;09:10:57.843;DAI SI 20241220 PS AM P 54.00 0;SIMPLE_INSTRUMENT;BLOCK;EUR;4;1.48000000;750;EXCHANGE_LAST;;1;1;XEUR;7349878;443196;
06.11.2024;09:14:52.817;DAI SI 20241220 PS AM P 55.00 0;SIMPLE_INSTRUMENT;BLOCK;EUR;5;1.91000000;3000;EXCHANGE_LAST;;1;1;XEUR;11925519;443196;
06.11.2024;10:26:24.136;DAI.O.241106.STG.000016;STANDARD_OPTION_STRATEGY;BLOCK;EUR;10;5.07000000;900;EXCHANGE_LAST;;1;1;XEUR;73961106363660595;443196;
06.11.2024;10:26:24.136;DAI SI 20250620 PS AM P 52.00 0;SIMPLE_INSTRUMENT;BLOCK;EUR;10;4.05000000;900;PRC_DECOMP_EXCHANGE;;;;XEUR;7934288;443196;EXCHANGE
06.11.2024;10:26:24.136;DAI SI 20250620 PS AM C 62.00 0;SIMPLE_INSTRUMENT;BLOCK;EUR;10;1.02000000;900;PRC_DECOMP_EXCHANGE;;;;XEUR;11848644;443196;EXCHANGE
06.11.2024;10:38:47.163;DAI.O.241106.BER.000017;STANDARD_OPTION_STRATEGY;BLOCK;EUR;12;6.00000000;2000;EXCHANGE_LAST;;1;1;XEUR;73961106363660596;443196;
06.11.2024;10:38:47.163;DAI SI 20241220 PS AM P 76.00 0;SIMPLE_INSTRUMENT;BLOCK;EUR;12;22.40000000;2000;PRC_DECOMP_EXCHANGE;;;;XEUR;7144575;443196;EXCHANGE
06.11.2024;10:38:47.163;DAI SI 20241220 PS AM P 70.00 0;SIMPLE_INSTRUMENT;BLOCK;EUR;12;16.40000000;2000;PRC_DECOMP_EXCHANGE;;;;XEUR;7423847;443196;EXCHANGE
06.11.2024;11:01:27.785;DAI SI 20241220 PS AM P 68.00 0;SIMPLE_INSTRUMENT;BLOCK;EUR;13;14.22000000;1294;EXCHANGE_LAST;;1;1;XEUR;7144562;443196;
06.11.2024;11:14:58.194;DAI SI 20250321 PS AM P 56.00 0;SIMPLE_INSTRUMENT;BLOCK;EUR;16;4.28000000;2000;EXCHANGE_LAST;;1;1;XEUR;10884518;443196;
06.11.2024;11:39:26.183;DAI SI 20241220 PS AM C 54.00 0;SIMPLE_INSTRUMENT;BLOCK;EUR;17;1.36000000;3000;EXCHANGE_LAST;;1;1;XEUR;7349880;443196;
06.11.2024;11:51:50.255;DAI SI 20241220 PS AM P 55.00 0;SIMPLE_INSTRUMENT;BLOCK;EUR;19;2.60000000;4000;EXCHANGE_LAST;;2;1;XEUR;11925519;443196;
06.11.2024;12:12:48.728;DAI SI 20250321 PS AM P 52.00 0;SIMPLE_INSTRUMENT;BLOCK;EUR;24;2.78000000;1320;EXCHANGE_LAST;;1;1;XEUR;10884530;443196;
06.11.2024;12:12:49.333;DAI SI 20250321 PS AM C 56.00 0;SIMPLE_INSTRUMENT;BLOCK;EUR;25;1.90000000;1320;EXCHANGE_LAST;;1;1;XEUR;10884531;443196;
06.11.2024;12:38:29.938;DAI.O.241106.STD.000026;STANDARD_OPTION_STRATEGY;BLOCK;EUR;26;3.80000000;2500;EXCHANGE_LAST;;3;2;XEUR;73961106363660605;443196;
06.11.2024;12:38:29.938;DAI SI 20241220 PS AM C 52.00 0;SIMPLE_INSTRUMENT;BLOCK;EUR;26;2.38000000;2500;PRC_DECOMP_EXCHANGE;;;;XEUR;7144854;443196;EXCHANGE
06.11.2024;12:38:29.938;DAI SI 20241220 PS AM P 52.00 0;SIMPLE_INSTRUMENT;BLOCK;EUR;26;1.42000000;2500;PRC_DECOMP_EXCHANGE;;;;XEUR;7144860;443196;EXCHANGE
06.11.2024;16:13:40.500;DAI SI 20281215 PS AM P 40.00 0;SIMPLE_INSTRUMENT;BLOCK;EUR;41;5.72000000;750;EXCHANGE_LAST;;1;1;XEUR;10455510;443196;
06.11.2024;16:27:09.114;DAI.O.241106.BUL.000044;STANDARD_OPTION_STRATEGY;BLOCK;EUR;48;0.69000000;1250;EXCHANGE_LAST;;1;1;XEUR;73961106363660623;443196;
06.11.2024;16:27:09.114;DAI SI 20241220 PS AM C 55.00 0;SIMPLE_INSTRUMENT;BLOCK;EUR;48;0.87000000;1250;PRC_DECOMP_EXCHANGE;;;;XEUR;11925520;443196;EXCHANGE
06.11.2024;16:27:09.114;DAI SI 20241220 PS AM C 59.00 0;SIMPLE_INSTRUMENT;BLOCK;EUR;48;0.18000000;1250;PRC_DECOMP_EXCHANGE;;;;XEUR;11925532;443196;EXCHANGE
06.11.2024;13:00:34.383;DB1 SI 20251219 PS AM P 200.00 0;SIMPLE_INSTRUMENT;BLOCK;EUR;13;9.50000000;250;EXCHANGE_LAST;;1;1;XEUR;5925940;361;
06.11.2024;15:04:40.233;DBK SI 20250321 PS AM C 16.40 0;SIMPLE_INSTRUMENT;BLOCK;EUR;23;1.14000000;4000;EXCHANGE_LAST;;1;1;XEUR;11136610;362;
06.11.2024;09:29:13.655;DHE.O.241106.CDIA.000001;STANDARD_OPTION_STRATEGY;BLOCK;EUR;4;-0.87000000;730;EXCHANGE_LAST;;1;1;XEUR;72302986994398046;57135;
06.11.2024;09:29:13.655;DHE SI 20250117 PS AM C 33.00 0;SIMPLE_INSTRUMENT;BLOCK;EUR;4;8.05000000;730;PRC_DECOMP_EXCHANGE;;;;XEUR;12096322;57135;EXCHANGE
06.11.2024;09:29:13.655;DHE SI 20241115 PS AM C 31.00 0;SIMPLE_INSTRUMENT;BLOCK;EUR;4;8.92000000;730;PRC_DECOMP_EXCHANGE;;;;XEUR;11765982;57135;EXCHANGE
06.11.2024;11:55:55.666;DPW.O.241106.COMBO.000025;STANDARD_OPTION_STRATEGY;BLOCK;EUR;7;0.50000000;1000;EXCHANGE_LAST;;1;2;XEUR;72059505298412823;445;
06.11.2024;11:55:55.666;DPW SI 20250919 PS AM C 40.00 0;SIMPLE_INSTRUMENT;BLOCK;EUR;7;0.77000000;1000;PRC_DECOMP_EXCHANGE;;;;XEUR;11878793;445;EXCHANGE
06.11.2024;11:55:55.666;DPW SI 20250919 PS AM P 30.00 0;SIMPLE_INSTRUMENT;BLOCK;EUR;7;1.27000000;1000;PRC_DECOMP_EXCHANGE;;;;XEUR;11878853;445;EXCHANGE
06.11.2024;12:25:54.424;DPW.O.241106.STG.000028;STANDARD_OPTION_STRATEGY;BLOCK;EUR;10;2.86000000;1700;EXCHANGE_LAST;;1;1;XEUR;72059505298412826;445;
06.11.2024;12:25:54.424;DPW SI 20250321 PS AM P 34.00 0;SIMPLE_INSTRUMENT;BLOCK;EUR;10;1.50000000;1700;PRC_DECOMP_MEMBER;;;;XEUR;10836847;445;MEMBER
06.11.2024;12:25:54.424;DPW SI 20250321 PS AM C 36.00 0;SIMPLE_INSTRUMENT;BLOCK;EUR;10;1.36000000;1700;PRC_DECOMP_MEMBER;;;;XEUR;10836841;445;MEMBER
06.11.2024;14:00:20.689;DPW SI 20241220 PS AM P 42.00 0;SIMPLE_INSTRUMENT;BLOCK;EUR;14;7.41000000;677;EXCHANGE_LAST;;1;1;XEUR;10403028;445;
06.11.2024;13:20:04.837;E2NL SI 20261218 CS;SIMPLE_INSTRUMENT;BLOCK;EUR;41;0.45000000;500;EXCHANGE_LAST;;1;1;XEUR;4632356;471;
06.11.2024;13:56:01.674;E2NL SI 20261218 CS;SIMPLE_INSTRUMENT;BLOCK;EUR;47;0.45000000;500;EXCHANGE_LAST;;1;1;XEUR;4632356;471;
06.11.2024;16:22:33.365;EAD SI 20241115 PS AM C 145.00 0;SIMPLE_INSTRUMENT;BLOCK;EUR;51;1.34000000;733;EXCHANGE_LAST;;1;1;XEUR;11705016;465;
06.11.2024;14:38:35.677;EBS SI 20250321 PS AM P 28.00 0;SIMPLE_INSTRUMENT;BLOCK;EUR;7;0.03000000;170;EXCHANGE_LAST;;1;1;XEUR;10837234;456;
06.11.2024;14:38:45.662;EBS SI 20250321 PS AM P 28.00 0;SIMPLE_INSTRUMENT;BLOCK;EUR;8;0.02000000;8330;EXCHANGE_LAST;;1;1;XEUR;10837234;456;
06.11.2024;14:39:18.596;EBS SI 20251219 PS AM P 36.00 0;SIMPLE_INSTRUMENT;BLOCK;EUR;9;0.76000000;8200;EXCHANGE_LAST;;1;1;XEUR;10403341;456;
06.11.2024;14:39:07.986;EBS SI 20250620 PS AM P 32.00 0;SIMPLE_INSTRUMENT;BLOCK;EUR;10;0.24000000;1500;EXCHANGE_LAST;;1;1;XEUR;9546123;456;
06.11.2024;09:50:14.732;ENR SI 20241115 PS AM C 40.00 0;SIMPLE_INSTRUMENT;BLOCK;EUR;5;1.96000000;240;EXCHANGE_LAST;;1;1;XEUR;11866499;298530;
06.11.2024;09:50:32.503;ENR SI 20241115 PS AM C 38.00 0;SIMPLE_INSTRUMENT;BLOCK;EUR;6;3.10000000;200;EXCHANGE_LAST;;1;1;XEUR;11859556;298530;
06.11.2024;16:48:00.115;ENR SI 20241220 PS AM C 38.00 0;SIMPLE_INSTRUMENT;BLOCK;EUR;19;3.10000000;3566;EXCHANGE_LAST;;1;1;XEUR;11142551;298530;
06.11.2024;16:48:02.742;ENR SI 20241220 PS AM C 38.00 0;SIMPLE_INSTRUMENT;BLOCK;EUR;20;3.11000000;240;EXCHANGE_LAST;;1;1;XEUR;11142551;298530;
06.11.2024;10:58:59.964;EVK SI 20250321 PS AM C 19.00 0;SIMPLE_INSTRUMENT;BLOCK;EUR;10;1.18000000;3000;EXCHANGE_LAST;;2;1;XEUR;10862573;10806;
06.11.2024;11:52:31.696;EVK SI 20241220 PS AM C 21.00 0;SIMPLE_INSTRUMENT;BLOCK;EUR;11;0.11000000;1650;EXCHANGE_LAST;;1;1;XEUR;11425372;10806;
06.11.2024;11:52:38.384;EVK SI 20241220 PS AM C 21.00 0;SIMPLE_INSTRUMENT;BLOCK;EUR;12;0.12000000;1650;EXCHANGE_LAST;;1;1;XEUR;11425372;10806;
06.11.2024;09:58:36.460;F3IA SI 20251219 CS;SIMPLE_INSTRUMENT;BLOCK;EUR;9;0.44000000;800;EXCHANGE_LAST;;2;1;XEUR;6633988;390387;
06.11.2024;10:14:23.757;F3IA SI 20251219 CS;SIMPLE_INSTRUMENT;BLOCK;EUR;14;0.44000000;200;EXCHANGE_LAST;;1;1;XEUR;6633988;390387;
06.11.2024;16:11:29.541;F3IA SI 20261218 CS;SIMPLE_INSTRUMENT;BLOCK;EUR;84;0.47000000;500;EXCHANGE_LAST;;1;1;XEUR;6830373;390387;
06.11.2024;08:28:25.123;FBTP SI 20241206 PS;SIMPLE_INSTRUMENT;BLOCK;EUR;1;119.66000000;3750;EXCHANGE_LAST;;1;1;XEUR;10804520;636;
06.11.2024;09:05:53.649;FBTP SI 20241206 PS;SIMPLE_INSTRUMENT;BLOCK;EUR;2;119.74000000;2284;EXCHANGE_LAST;;1;1;XEUR;10804520;636;
06.11.2024;10:11:22.841;FBTP SI 20241206 PS;SIMPLE_INSTRUMENT;EFP_FIN;EUR;3;119.65000000;168;EXCHANGE_LAST;;1;1;XEUR;10804520;636;
06.11.2024;10:33:52.013;FBTP SI 20241206 PS;SIMPLE_INSTRUMENT;EFP_FIN;EUR;4;119.65000000;122;EXCHANGE_LAST;;1;1;XEUR;10804520;636;
06.11.2024;10:51:29.041;FBTP SI 20241206 PS;SIMPLE_INSTRUMENT;EFP_FIN;EUR;5;119.60000000;135;EXCHANGE_LAST;;1;1;XEUR;10804520;636;
06.11.2024;10:55:30.674;FBTP SI 20241206 PS;SIMPLE_INSTRUMENT;EFP_FIN;EUR;6;119.67000000;171;EXCHANGE_LAST;;1;1;XEUR;10804520;636;
06.11.2024;10:59:05.397;FBTP SI 20241206 PS;SIMPLE_INSTRUMENT;EFP_FIN;EUR;7;119.72000000;94;EXCHANGE_LAST;;1;1;XEUR;10804520;636;
06.11.2024;11:14:49.710;FBTP SI 20241206 PS;SIMPLE_INSTRUMENT;EFP_FIN;EUR;8;119.60000000;639;EXCHANGE_LAST;;1;1;XEUR;10804520;636;
06.11.2024;11:55:51.005;FBTP SI 20241206 PS;SIMPLE_INSTRUMENT;EFP_FIN;EUR;9;119.35000000;1116;EXCHANGE_LAST;;1;1;XEUR;10804520;636;
06.11.2024;12:14:15.840;FBTP SI 20241206 PS;SIMPLE_INSTRUMENT;EFP_FIN;EUR;10;119.82000000;168;EXCHANGE_LAST;;1;1;XEUR;10804520;636;
06.11.2024;12:15:47.364;FBTP SI 20241206 PS;SIMPLE_INSTRUMENT;EFP_FIN;EUR;11;119.30000000;115;EXCHANGE_LAST;;1;1;XEUR;10804520;636;
06.11.2024;12:17:45.712;FBTP SI 20241206 PS;SIMPLE_INSTRUMENT;EFP_FIN;EUR;12;119.28000000;230;EXCHANGE_LAST;;1;1;XEUR;10804520;636;
06.11.2024;12:43:33.387;FBTP SI 20241206 PS;SIMPLE_INSTRUMENT;EFP_FIN;EUR;13;119.00000000;86;EXCHANGE_LAST;;1;1;XEUR;10804520;636;
06.11.2024;12:44:58.527;FBTP SI 20241206 PS;SIMPLE_INSTRUMENT;EFP_FIN;EUR;14;119.00000000;91;EXCHANGE_LAST;;1;1;XEUR;10804520;636;
06.11.2024;12:47:15.935;FBTP SI 20241206 PS;SIMPLE_INSTRUMENT;BLOCK;EUR;15;119.03000000;1100;EXCHANGE_LAST;;1;1;XEUR;10804520;636;
06.11.2024;13:04:55.592;FBTP SI 20241206 PS;SIMPLE_INSTRUMENT;EFP_FIN;EUR;16;119.12000000;338;EXCHANGE_LAST;;1;1;XEUR;10804520;636;
06.11.2024;13:05:36.451;FBTP SI 20241206 PS;SIMPLE_INSTRUMENT;EFP_FIN;EUR;17;119.16000000;286;EXCHANGE_LAST;;1;1;XEUR;10804520;636;
06.11.2024;13:05:45.976;FBTP SI 20241206 PS;SIMPLE_INSTRUMENT;EFP_FIN;EUR;18;119.12000000;205;EXCHANGE_LAST;;1;1;XEUR;10804520;636;
06.11.2024;13:10:20.578;FBTP SI 20241206 PS;SIMPLE_INSTRUMENT;EFP_FIN;EUR;19;119.13000000;221;EXCHANGE_LAST;;1;1;XEUR;10804520;636;
06.11.2024;13:14:14.388;FBTP SI 20241206 PS;SIMPLE_INSTRUMENT;EFP_FIN;EUR;20;119.13000000;130;EXCHANGE_LAST;;1;1;XEUR;10804520;636;
06.11.2024;13:57:53.042;FBTP SI 20241206 PS;SIMPLE_INSTRUMENT;EFP_FIN;EUR;21;119.25000000;447;EXCHANGE_LAST;;1;1;XEUR;10804520;636;
06.11.2024;14:03:11.164;FBTP SI 20241206 PS;SIMPLE_INSTRUMENT;EFP_FIN;EUR;22;119.14000000;473;EXCHANGE_LAST;;1;1;XEUR;10804520;636;
06.11.2024;14:16:38.822;FBTP SI 20241206 PS;SIMPLE_INSTRUMENT;EFP_FIN;EUR;23;118.90000000;316;EXCHANGE_LAST;;1;1;XEUR;10804520;636;
06.11.2024;14:25:30.217;FBTP SI 20241206 PS;SIMPLE_INSTRUMENT;EFP_FIN;EUR;24;118.98000000;850;EXCHANGE_LAST;;1;1;XEUR;10804520;636;
06.11.2024;14:38:11.099;FBTP SI 20241206 PS;SIMPLE_INSTRUMENT;EFP_FIN;EUR;25;118.87000000;100;EXCHANGE_LAST;;1;1;XEUR;10804520;636;
06.11.2024;14:51:39.724;FBTP SI 20241206 PS;SIMPLE_INSTRUMENT;EFP_FIN;EUR;26;118.93000000;2125;EXCHANGE_LAST;;1;1;XEUR;10804520;636;
06.11.2024;14:56:56.543;FBTP SI 20241206 PS;SIMPLE_INSTRUMENT;EFP_FIN;EUR;27;118.85000000;67;EXCHANGE_LAST;;1;1;XEUR;10804520;636;
06.11.2024;14:58:42.628;FBTP SI 20241206 PS;SIMPLE_INSTRUMENT;EFP_FIN;EUR;28;118.94000000;456;EXCHANGE_LAST;;1;1;XEUR;10804520;636;
06.11.2024;15:08:22.602;FBTP SI 20241206 PS;SIMPLE_INSTRUMENT;EFP_FIN;EUR;29;118.80000000;350;EXCHANGE_LAST;;1;1;XEUR;10804520;636;
06.11.2024;15:16:34.010;FBTP SI 20241206 PS;SIMPLE_INSTRUMENT;EFP_FIN;EUR;30;118.80000000;277;EXCHANGE_LAST;;1;1;XEUR;10804520;636;
06.11.2024;15:17:57.015;FBTP SI 20241206 PS;SIMPLE_INSTRUMENT;EFP_FIN;EUR;31;118.80000000;90;EXCHANGE_LAST;;1;1;XEUR;10804520;636;
06.11.2024;15:29:35.812;FBTP SI 20241206 PS;SIMPLE_INSTRUMENT;EFP_FIN;EUR;32;118.78000000;162;EXCHANGE_LAST;;1;1;XEUR;10804520;636;
06.11.2024;15:35:26.423;FBTP SI 20241206 PS;SIMPLE_INSTRUMENT;EFP_FIN;EUR;33;118.75000000;243;EXCHANGE_LAST;;1;1;XEUR;10804520;636;
06.11.2024;15:52:41.916;FBTP SI 20241206 PS;SIMPLE_INSTRUMENT;EFP_FIN;EUR;34;118.88000000;393;EXCHANGE_LAST;;1;1;XEUR;10804520;636;
06.11.2024;15:56:19.383;FBTP SI 20241206 PS;SIMPLE_INSTRUMENT;EFP_FIN;EUR;35;118.89000000;403;EXCHANGE_LAST;;1;1;XEUR;10804520;636;
06.11.2024;15:58:06.521;FBTP SI 20241206 PS;SIMPLE_INSTRUMENT;EFP_FIN;EUR;36;118.94000000;316;EXCHANGE_LAST;;1;1;XEUR;10804520;636;
06.11.2024;16:24:58.998;FBTP SI 20241206 PS;SIMPLE_INSTRUMENT;EFP_FIN;EUR;37;118.99000000;676;EXCHANGE_LAST;;1;1;XEUR;10804520;636;
06.11.2024;16:30:02.332;FBTP SI 20241206 PS;SIMPLE_INSTRUMENT;BLOCK;EUR;38;118.95000000;974;EXCHANGE_LAST;;1;1;XEUR;10804520;636;
06.11.2024;16:34:44.875;FBTP SI 20241206 PS;SIMPLE_INSTRUMENT;EFP_FIN;EUR;39;118.94000000;57;EXCHANGE_LAST;;1;1;XEUR;10804520;636;
06.11.2024;16:35:22.489;FBTP SI 20241206 PS;SIMPLE_INSTRUMENT;EFP_FIN;EUR;40;119.00000000;316;EXCHANGE_LAST;;1;1;XEUR;10804520;636;
06.11.2024;16:39:20.598;FBTP SI 20241206 PS;SIMPLE_INSTRUMENT;EFP_FIN;EUR;42;119.03000000;76;EXCHANGE_LAST;;1;1;XEUR;10804520;636;
06.11.2024;16:47:23.190;FBTP SI 20241206 PS;SIMPLE_INSTRUMENT;EFP_FIN;EUR;43;118.84000000;140;EXCHANGE_LAST;;1;1;XEUR;10804520;636;
06.11.2024;16:48:32.443;FBTP SI 20241206 PS;SIMPLE_INSTRUMENT;EFP_FIN;EUR;44;118.94000000;179;EXCHANGE_LAST;;1;1;XEUR;10804520;636;
06.11.2024;17:55:50.516;FBTP SI 20241206 PS;SIMPLE_INSTRUMENT;BLOCK;EUR;45;118.97000000;1023;EXCHANGE_LAST;;1;1;XEUR;10804520;636;
06.11.2024;14:56:25.982;FBTP SI 20241206 PS;SIMPLE_INSTRUMENT;VOLA;EUR;268435540;118.75000000;16;EXCHANGE_LAST;;1;1;XEUR;10804520;636;
06.11.2024;09:59:14.451;FBTS SI 20241206 PS;SIMPLE_INSTRUMENT;EFP_FIN;EUR;9;107.04000000;524;EXCHANGE_LAST;;1;1;XEUR;10804522;639;
06.11.2024;10:56:10.887;FBTS SI 20241206 PS;SIMPLE_INSTRUMENT;EFP_FIN;EUR;13;107.06000000;651;EXCHANGE_LAST;;1;1;XEUR;10804522;639;
06.11.2024;11:26:32.760;FBTS SI 20241206 PS;SIMPLE_INSTRUMENT;EFP_FIN;EUR;15;107.12000000;475;EXCHANGE_LAST;;1;1;XEUR;10804522;639;
06.11.2024;11:38:59.969;FBTS SI 20241206 PS;SIMPLE_INSTRUMENT;EFP_FIN;EUR;16;107.13000000;1114;EXCHANGE_LAST;;1;1;XEUR;10804522;639;
06.11.2024;11:41:49.430;FBTS SI 20241206 PS;SIMPLE_INSTRUMENT;EFP_FIN;EUR;17;107.12000000;1114;EXCHANGE_LAST;;1;1;XEUR;10804522;639;
06.11.2024;15:24:23.450;FBTS SI 20241206 PS;SIMPLE_INSTRUMENT;EFP_FIN;EUR;32;106.90000000;282;EXCHANGE_LAST;;1;1;XEUR;10804522;639;
06.11.2024;16:37:32.438;FBTS SI 20241206 PS;SIMPLE_INSTRUMENT;EFP_FIN;EUR;34;107.04000000;1880;EXCHANGE_LAST;;1;1;XEUR;10804522;639;
06.11.2024;12:09:24.522;FCEU SI 20241216 PS;SIMPLE_INSTRUMENT;BLOCK;USD;2;1.07200000;890;EXCHANGE_LAST;;1;1;XEUR;7140363;369376;
06.11.2024;11:16:50.396;FCMU SI 20241216 CS;SIMPLE_INSTRUMENT;BLOCK;USD;1;0.04825000;100;EXCHANGE_LAST;;1;1;XEUR;10921066;570874;
06.11.2024;14:57:07.562;FCMU SI 20241216 CS;SIMPLE_INSTRUMENT;BLOCK;USD;3;0.04829000;70;EXCHANGE_LAST;;1;1;XEUR;10921066;570874;
06.11.2024;16:23:17.649;FCMU SI 20241216 CS;SIMPLE_INSTRUMENT;BLOCK;USD;4;0.04896000;70;EXCHANGE_LAST;;1;1;XEUR;10921066;570874;
06.11.2024;10:19:11.764;FD3D SI 20251219 CS;SIMPLE_INSTRUMENT;BLOCK;EUR;29;108.70000000;609;EXCHANGE_LAST;;1;1;XEUR;5914068;588;
06.11.2024;15:26:22.810;FDAX SI 20241220 CS;SIMPLE_INSTRUMENT;BLOCK;EUR;2;19130.00000000;250;EXCHANGE_LAST;;1;1;XEUR;7296065;589;
06.11.2024;16:12:59.441;FDAX SI 20241220 CS;SIMPLE_INSTRUMENT;BLOCK;EUR;3;19126.00000000;408;EXCHANGE_LAST;;1;1;XEUR;7296065;589;
06.11.2024;16:17:38.713;FDAX SI 20241220 CS;SIMPLE_INSTRUMENT;VOLA;EUR;671088659;19100.00000000;29;EXCHANGE_LAST;;1;1;XEUR;7296065;589;
06.11.2024;16:28:51.613;FDAX SI 20241220 CS;SIMPLE_INSTRUMENT;VOLA;EUR;671088663;19137.00000000;26;EXCHANGE_LAST;;1;1;XEUR;7296065;589;
06.11.2024;12:23:51.676;FEBD SI 20261218 CS;SIMPLE_INSTRUMENT;BLOCK;EUR;50;9.51000000;500;EXCHANGE_LAST;;1;1;XEUR;7158212;597;
06.11.2024;12:23:43.676;FEBD SI 20261218 CS;SIMPLE_INSTRUMENT;BLOCK;EUR;51;9.52000000;500;EXCHANGE_LAST;;1;1;XEUR;7158212;597;
06.11.2024;14:59:08.495;FEBD SI 20261218 CS;SIMPLE_INSTRUMENT;BLOCK;EUR;70;9.46000000;200;EXCHANGE_LAST;;1;1;XEUR;7158212;597;
06.11.2024;15:31:09.193;FEBD SI 20251219 CS;SIMPLE_INSTRUMENT;BLOCK;EUR;74;10.03000000;250;EXCHANGE_LAST;;1;1;XEUR;5914075;597;
06.11.2024;15:52:30.805;FEBD SI 20251219 CS;SIMPLE_INSTRUMENT;BLOCK;EUR;79;10.05000000;500;EXCHANGE_LAST;;1;1;XEUR;5914075;597;
06.11.2024;16:13:32.366;FEBD SI 20251219 CS;SIMPLE_INSTRUMENT;BLOCK;EUR;81;10.05000000;500;EXCHANGE_LAST;;1;1;XEUR;5914075;597;
06.11.2024;08:27:44.715;FECX SI 20241220 CS;SIMPLE_INSTRUMENT;BLOCK;EUR;2;164.69000000;215;EXCHANGE_LAST;;1;1;XEUR;10920731;410158;
06.11.2024;09:00:47.659;FECX SI 20241220 CS;SIMPLE_INSTRUMENT;BLOCK;EUR;3;164.66000000;695;EXCHANGE_LAST;;1;1;XEUR;10920731;410158;
06.11.2024;09:01:43.158;FECX SI 20241220 CS;SIMPLE_INSTRUMENT;BLOCK;EUR;4;164.70000000;1045;EXCHANGE_LAST;;1;1;XEUR;10920731;410158;
06.11.2024;09:21:22.899;FECX SI 20241220 CS;SIMPLE_INSTRUMENT;BLOCK;EUR;12;164.65000000;62;EXCHANGE_LAST;;1;1;XEUR;10920731;410158;
06.11.2024;12:17:22.910;FECX SI 20241220 CS;SIMPLE_INSTRUMENT;BLOCK;EUR;47;164.37000000;200;EXCHANGE_LAST;;1;1;XEUR;10920731;410158;
06.11.2024;15:35:35.698;FEDV SI 20241220 CS;SIMPLE_INSTRUMENT;BLOCK;EUR;76;1630.00000000;150;EXCHANGE_LAST;;1;1;XEUR;10838883;596;
06.11.2024;10:07:11.749;FEHY SI 20241220 CS;SIMPLE_INSTRUMENT;BLOCK;EUR;24;292.10000000;501;EXCHANGE_LAST;;1;1;XEUR;10921067;574047;
06.11.2024;16:13:46.809;FES1 SI 20241220 PS;SIMPLE_INSTRUMENT;BLOCK;EUR;82;12.10000000;400;EXCHANGE_LAST;;1;1;XEUR;10869579;58959;
06.11.2024;14:37:35.102;FESB SI 20241220 CS;SIMPLE_INSTRUMENT;BLOCK;EUR;54;145.50000000;15000;EXCHANGE_LAST;;1;1;XEUR;10838895;605;
06.11.2024;15:45:35.840;FESB SI 20241220 CS;SIMPLE_INSTRUMENT;BLOCK;EUR;57;144.15000000;2220;EXCHANGE_LAST;;1;1;XEUR;10838895;605;
06.11.2024;15:04:24.906;FESB SI 20241220 CS;SIMPLE_INSTRUMENT;VOLA;EUR;603979821;145.40000000;300;EXCHANGE_LAST;;1;1;XEUR;10838895;605;
06.11.2024;16:23:09.685;FESB SI 20241220 CS;SIMPLE_INSTRUMENT;VOLA;EUR;603979839;144.15000000;1400;EXCHANGE_LAST;;1;1;XEUR;10838895;605;
06.11.2024;16:34:51.795;FESB SI 20241220 CS;SIMPLE_INSTRUMENT;VOLA;EUR;603979840;145.40000000;300;EXCHANGE_LAST;;1;1;XEUR;10838895;605;
06.11.2024;16:43:13.023;FESL SI 20241220 CS;SIMPLE_INSTRUMENT;EFP_IDX;EUR;9;148.10000000;172;EXCHANGE_LAST;;1;1;XEUR;10839396;680;
06.11.2024;16:43:40.308;FESL SI 20241220 CS;SIMPLE_INSTRUMENT;EFP_IDX;EUR;11;148.20000000;1551;EXCHANGE_LAST;;1;1;XEUR;10839396;680;
06.11.2024;10:13:45.757;FESU SI 20241220 CS;SIMPLE_INSTRUMENT;VOLA;EUR;603979796;393.60000000;26;EXCHANGE_LAST;;1;1;XEUR;10839076;673;
06.11.2024;09:22:35.926;FESX SI 20241220 CS;SIMPLE_INSTRUMENT;EFP_IDX;EUR;1;4957.00000000;1000;EXCHANGE_LAST;;1;1;XEUR;7793479;675;
06.11.2024;11:02:52.029;FESX SI 20241220 CS;SIMPLE_INSTRUMENT;EFP_IDX;EUR;2;4922.00000000;1900;EXCHANGE_LAST;;1;1;XEUR;7793479;675;
06.11.2024;12:14:36.670;FESX SI 20241220 CS;SIMPLE_INSTRUMENT;BLOCK;EUR;3;4887.00000000;2500;EXCHANGE_LAST;;1;1;XEUR;7793479;675;
06.11.2024;13:15:15.531;FESX SI 20241220 CS;SIMPLE_INSTRUMENT;BLOCK;EUR;4;4905.00000000;2755;EXCHANGE_LAST;;1;1;XEUR;7793479;675;
06.11.2024;15:02:22.684;FESX SI 20241220 CS;SIMPLE_INSTRUMENT;BLOCK;EUR;5;4821.00000000;3476;EXCHANGE_LAST;;1;1;XEUR;7793479;675;
06.11.2024;15:18:03.393;FESX SI 20241220 CS;SIMPLE_INSTRUMENT;BLOCK;EUR;6;4850.00000000;2860;EXCHANGE_LAST;;1;1;XEUR;7793479;675;
06.11.2024;15:43:34.773;FESX SI 20241220 CS;SIMPLE_INSTRUMENT;BLOCK;EUR;7;4827.00000000;2660;EXCHANGE_LAST;;1;1;XEUR;7793479;675;
06.11.2024;16:02:08.639;FESX SI 20241220 CS;SIMPLE_INSTRUMENT;BLOCK;EUR;8;4808.00000000;3000;EXCHANGE_LAST;;1;1;XEUR;7793479;675;
06.11.2024;16:17:45.447;FESX SI 20241220 CS;SIMPLE_INSTRUMENT;EFP_IDX;EUR;9;4805.00000000;1500;EXCHANGE_LAST;;1;1;XEUR;7793479;675;
06.11.2024;16:16:11.953;FESX SI 20241220 CS;SIMPLE_INSTRUMENT;EFP_IDX;EUR;10;4805.00000000;1500;EXCHANGE_LAST;;1;1;XEUR;7793479;675;
06.11.2024;16:42:50.374;FESX SI 20241220 CS;SIMPLE_INSTRUMENT;EFP_IDX;EUR;11;4813.00000000;99;EXCHANGE_LAST;;1;1;XEUR;7793479;675;
06.11.2024;16:43:15.767;FESX SI 20241220 CS;SIMPLE_INSTRUMENT;EFP_IDX;EUR;12;4814.00000000;1;EXCHANGE_LAST;;1;1;XEUR;7793479;675;
06.11.2024;16:45:52.149;FESX SI 20241220 CS;SIMPLE_INSTRUMENT;EFP_IDX;EUR;13;4812.00000000;245;EXCHANGE_LAST;;1;1;XEUR;7793479;675;
06.11.2024;16:45:38.313;FESX SI 20241220 CS;SIMPLE_INSTRUMENT;EFP_IDX;EUR;14;4813.00000000;755;EXCHANGE_LAST;;1;1;XEUR;7793479;675;
06.11.2024;16:54:20.144;FESX SI 20241220 CS;SIMPLE_INSTRUMENT;EFP_IDX;EUR;15;4812.00000000;60;EXCHANGE_LAST;;1;1;XEUR;7793479;675;
06.11.2024;16:54:04.143;FESX SI 20241220 CS;SIMPLE_INSTRUMENT;EFP_IDX;EUR;16;4813.00000000;440;EXCHANGE_LAST;;1;1;XEUR;7793479;675;
06.11.2024;16:51:11.573;FESX SI 20241220 CS;SIMPLE_INSTRUMENT;EFP_IDX;EUR;17;4813.00000000;49;EXCHANGE_LAST;;1;1;XEUR;7793479;675;
06.11.2024;16:51:19.977;FESX SI 20241220 CS;SIMPLE_INSTRUMENT;EFP_IDX;EUR;18;4813.00000000;806;EXCHANGE_LAST;;1;1;XEUR;7793479;675;
06.11.2024;16:51:37.058;FESX SI 20241220 CS;SIMPLE_INSTRUMENT;EFP_IDX;EUR;19;4814.00000000;494;EXCHANGE_LAST;;1;1;XEUR;7793479;675;
06.11.2024;16:51:41.870;FESX SI 20241220 CS;SIMPLE_INSTRUMENT;EFP_IDX;EUR;20;4814.00000000;151;EXCHANGE_LAST;;1;1;XEUR;7793479;675;
06.11.2024;17:04:02.798;FESX SI 20241220 CS;SIMPLE_INSTRUMENT;BLOCK;EUR;21;4805.00000000;2000;EXCHANGE_LAST;;1;1;XEUR;7793479;675;
06.11.2024;17:02:58.774;FESX SI 20241220 CS;SIMPLE_INSTRUMENT;EFP_IDX;EUR;22;4810.00000000;1500;EXCHANGE_LAST;;1;1;XEUR;7793479;675;
06.11.2024;17:04:21.991;FESX SI 20241220 CS;SIMPLE_INSTRUMENT;BLOCK;EUR;23;4813.00000000;2500;EXCHANGE_LAST;;1;1;XEUR;7793479;675;
06.11.2024;08:55:01.633;FESX SI 20241220 CS;SIMPLE_INSTRUMENT;VOLA;EUR;637534224;4955.00000000;750;EXCHANGE_LAST;;1;1;XEUR;7793479;675;
06.11.2024;09:14:33.828;FESX SI 20241220 CS;SIMPLE_INSTRUMENT;VOLA;EUR;637534228;4960.00000000;700;EXCHANGE_LAST;;1;1;XEUR;7793479;675;
06.11.2024;09:26:35.326;FESX SI 20241220 CS;SIMPLE_INSTRUMENT;VOLA;EUR;637534240;4955.00000000;740;EXCHANGE_LAST;;1;1;XEUR;7793479;675;
06.11.2024;09:53:52.959;FESX SI 20241220 CS;SIMPLE_INSTRUMENT;VOLA;EUR;637534259;4931.00000000;46;EXCHANGE_LAST;;1;1;XEUR;7793479;675;
06.11.2024;10:00:23.354;FESX SI 20241220 CS;SIMPLE_INSTRUMENT;VOLA;EUR;637534266;4918.00000000;1148;EXCHANGE_LAST;;1;1;XEUR;7793479;675;
06.11.2024;10:00:15.639;FESX SI 20241220 CS;SIMPLE_INSTRUMENT;VOLA;EUR;637534267;4918.00000000;387;EXCHANGE_LAST;;1;1;XEUR;7793479;675;
06.11.2024;10:10:23.922;FESX SI 20241220 CS;SIMPLE_INSTRUMENT;VOLA;EUR;637534280;4930.00000000;530;EXCHANGE_LAST;;1;1;XEUR;7793479;675;
06.11.2024;10:21:03.184;FESX SI 20241220 CS;SIMPLE_INSTRUMENT;VOLA;EUR;637534281;4910.00000000;75;EXCHANGE_LAST;;1;1;XEUR;7793479;675;
06.11.2024;11:09:14.962;FESX SI 20241220 CS;SIMPLE_INSTRUMENT;VOLA;EUR;637534300;4917.00000000;69;EXCHANGE_LAST;;1;1;XEUR;7793479;675;
06.11.2024;12:42:59.056;FESX SI 20241220 CS;SIMPLE_INSTRUMENT;VOLA;EUR;637534351;4890.00000000;1110;EXCHANGE_LAST;;1;1;XEUR;7793479;675;
06.11.2024;13:00:28.866;FESX SI 20241220 CS;SIMPLE_INSTRUMENT;VOLA;EUR;637534366;4890.00000000;1620;EXCHANGE_LAST;;1;1;XEUR;7793479;675;
06.11.2024;13:08:06.845;FESX SI 20241220 CS;SIMPLE_INSTRUMENT;VOLA;EUR;637534372;4907.00000000;120;EXCHANGE_LAST;;1;1;XEUR;7793479;675;
06.11.2024;14:06:43.645;FESX SI 20241220 CS;SIMPLE_INSTRUMENT;VOLA;EUR;637534392;4863.00000000;1121;EXCHANGE_LAST;;1;1;XEUR;7793479;675;
06.11.2024;14:34:35.729;FESX SI 20241220 CS;SIMPLE_INSTRUMENT;VOLA;EUR;637534400;4848.00000000;75;EXCHANGE_LAST;;1;1;XEUR;7793479;675;
06.11.2024;15:05:01.126;FESX SI 20241220 CS;SIMPLE_INSTRUMENT;VOLA;EUR;637534414;4822.00000000;316;EXCHANGE_LAST;;1;1;XEUR;7793479;675;
06.11.2024;15:12:43.172;FESX SI 20241220 CS;SIMPLE_INSTRUMENT;VOLA;EUR;637534425;4820.00000000;510;EXCHANGE_LAST;;1;1;XEUR;7793479;675;
06.11.2024;15:16:32.487;FESX SI 20241220 CS;SIMPLE_INSTRUMENT;VOLA;EUR;637534428;4812.00000000;378;EXCHANGE_LAST;;1;1;XEUR;7793479;675;
06.11.2024;15:18:55.577;FESX SI 20241220 CS;SIMPLE_INSTRUMENT;VOLA;EUR;637534432;4810.00000000;480;EXCHANGE_LAST;;1;1;XEUR;7793479;675;
06.11.2024;15:30:23.738;FESX SI 20241220 CS;SIMPLE_INSTRUMENT;VOLA;EUR;637534437;4940.00000000;360;EXCHANGE_LAST;;1;1;XEUR;7793479;675;
06.11.2024;15:31:24.410;FESX SI 20241220 CS;SIMPLE_INSTRUMENT;VOLA;EUR;637534438;4813.00000000;235;EXCHANGE_LAST;;1;1;XEUR;7793479;675;
06.11.2024;15:50:49.391;FESX SI 20241220 CS;SIMPLE_INSTRUMENT;VOLA;EUR;637534452;4826.00000000;512;EXCHANGE_LAST;;1;1;XEUR;7793479;675;
06.11.2024;16:11:40.936;FESX SI 20241220 CS;SIMPLE_INSTRUMENT;VOLA;EUR;637534463;4810.00000000;630;EXCHANGE_LAST;;1;1;XEUR;7793479;675;
06.11.2024;16:12:12.314;FESX SI 20241220 CS;SIMPLE_INSTRUMENT;VOLA;EUR;637534464;4810.00000000;245;EXCHANGE_LAST;;1;1;XEUR;7793479;675;
06.11.2024;16:41:39.762;FESX SI 20241220 CS;SIMPLE_INSTRUMENT;VOLA;EUR;637534484;4810.00000000;1155;EXCHANGE_LAST;;1;1;XEUR;7793479;675;
06.11.2024;09:14:45.518;FEXD SI 20271217 CS;SIMPLE_INSTRUMENT;BLOCK;EUR;10;149.70000000;342;EXCHANGE_LAST;;1;1;XEUR;2848338;693;
06.11.2024;09:52:07.199;FEXD SI 20271217 CS;SIMPLE_INSTRUMENT;BLOCK;EUR;17;149.40000000;106;EXCHANGE_LAST;;1;1;XEUR;2848338;693;
06.11.2024;09:52:01.498;FEXD SI 20271217 CS;SIMPLE_INSTRUMENT;BLOCK;EUR;18;149.50000000;107;EXCHANGE_LAST;;1;1;XEUR;2848338;693;
06.11.2024;11:40:43.580;FEXD SI 20271217 CS;SIMPLE_INSTRUMENT;BLOCK;EUR;41;148.70000000;250;EXCHANGE_LAST;;1;1;XEUR;2848338;693;
06.11.2024;11:40:43.762;FEXD SI 20271217 CS;SIMPLE_INSTRUMENT;BLOCK;EUR;42;148.80000000;250;EXCHANGE_LAST;;1;1;XEUR;2848338;693;
06.11.2024;12:19:26.054;FEXD.S.DEC25.DEC26.SPD;FUTURES_SPREAD;BLOCK;EUR;49;4.20000000;250;EXCHANGE_LAST;;1;1;XEUR;72060570450264144;693;
06.11.2024;12:19:26.054;FEXD SI 20261218 CS;SIMPLE_INSTRUMENT;BLOCK;EUR;49;154.30000000;250;PRC_DECOMP_MEMBER;;;;XEUR;2163053;693;MEMBER
06.11.2024;12:19:26.054;FEXD SI 20251219 CS;SIMPLE_INSTRUMENT;BLOCK;EUR;49;158.50000000;250;PRC_DECOMP_MEMBER;;;;XEUR;1548120;693;MEMBER
06.11.2024;12:23:24.164;FEXD SI 20261218 CS;SIMPLE_INSTRUMENT;BLOCK;EUR;52;154.30000000;175;EXCHANGE_LAST;;1;1;XEUR;2163053;693;
06.11.2024;12:45:29.068;FEXD.S.DEC25.DEC26.SPD;FUTURES_SPREAD;BLOCK;EUR;55;4.20000000;250;EXCHANGE_LAST;;1;1;XEUR;72060570450264144;693;
06.11.2024;12:45:29.068;FEXD SI 20261218 CS;SIMPLE_INSTRUMENT;BLOCK;EUR;55;154.50000000;250;PRC_DECOMP_MEMBER;;;;XEUR;2163053;693;MEMBER
06.11.2024;12:45:29.068;FEXD SI 20251219 CS;SIMPLE_INSTRUMENT;BLOCK;EUR;55;158.70000000;250;PRC_DECOMP_MEMBER;;;;XEUR;1548120;693;MEMBER
06.11.2024;13:41:12.909;FEXD.S.DEC27.DEC28.SPD;FUTURES_SPREAD;BLOCK;EUR;60;5.00000000;2000;EXCHANGE_LAST;;1;1;XEUR;72060570450264162;693;
06.11.2024;13:41:12.909;FEXD SI 20281215 CS;SIMPLE_INSTRUMENT;BLOCK;EUR;60;143.40000000;2000;PRC_DECOMP_EXCHANGE;;;;XEUR;3680985;693;EXCHANGE
06.11.2024;13:41:12.909;FEXD SI 20271217 CS;SIMPLE_INSTRUMENT;BLOCK;EUR;60;148.40000000;2000;PRC_DECOMP_EXCHANGE;;;;XEUR;2848338;693;EXCHANGE
06.11.2024;14:08:32.394;FEXD SI 20271217 CS;SIMPLE_INSTRUMENT;BLOCK;EUR;65;148.30000000;250;EXCHANGE_LAST;;1;1;XEUR;2848338;693;
06.11.2024;14:34:16.423;FEXD.S.DEC27.DEC28.SPD;FUTURES_SPREAD;BLOCK;EUR;66;5.00000000;1000;EXCHANGE_LAST;;1;1;XEUR;72060570450264162;693;
06.11.2024;14:34:16.423;FEXD SI 20281215 CS;SIMPLE_INSTRUMENT;BLOCK;EUR;66;142.80000000;1000;PRC_DECOMP_MEMBER;;;;XEUR;3680985;693;MEMBER
06.11.2024;14:34:16.423;FEXD SI 20271217 CS;SIMPLE_INSTRUMENT;BLOCK;EUR;66;147.80000000;1000;PRC_DECOMP_MEMBER;;;;XEUR;2848338;693;MEMBER
06.11.2024;16:21:49.275;FEXD SI 20251219 CS;SIMPLE_INSTRUMENT;BLOCK;EUR;85;158.30000000;350;EXCHANGE_LAST;;1;1;XEUR;1548120;693;
06.11.2024;16:30:20.403;FEXD SI 20251219 CS;SIMPLE_INSTRUMENT;BLOCK;EUR;86;158.20000000;250;EXCHANGE_LAST;;1;1;XEUR;1548120;693;
06.11.2024;16:40:52.538;FEXD SI 20271217 CS;SIMPLE_INSTRUMENT;BLOCK;EUR;87;146.50000000;150;EXCHANGE_LAST;;1;1;XEUR;2848338;693;
06.11.2024;16:51:15.519;FEXD SI 20271217 CS;SIMPLE_INSTRUMENT;BLOCK;EUR;98;146.70000000;250;EXCHANGE_LAST;;1;1;XEUR;2848338;693;
06.11.2024;16:51:24.693;FEXD SI 20251219 CS;SIMPLE_INSTRUMENT;BLOCK;EUR;99;158.40000000;250;EXCHANGE_LAST;;1;1;XEUR;1548120;693;
06.11.2024;16:18:53.112;FFOX SI 20241220 CS;SIMPLE_INSTRUMENT;BLOCK;EUR;8;4475.00000000;200;EXCHANGE_LAST;;1;1;XEUR;10839549;695;
06.11.2024;07:06:12.989;FGBL SI 20241206 PS;SIMPLE_INSTRUMENT;EFS;EUR;1;131.53000000;433;EXCHANGE_LAST;;1;1;XEUR;10804524;688;
06.11.2024;07:06:21.995;FGBL SI 20241206 PS;SIMPLE_INSTRUMENT;EFS;EUR;2;131.53000000;216;EXCHANGE_LAST;;1;1;XEUR;10804524;688;
06.11.2024;07:06:42.012;FGBL SI 20241206 PS;SIMPLE_INSTRUMENT;EFS;EUR;3;131.53000000;433;EXCHANGE_LAST;;1;1;XEUR;10804524;688;
06.11.2024;07:06:52.024;FGBL SI 20241206 PS;SIMPLE_INSTRUMENT;EFS;EUR;4;131.53000000;433;EXCHANGE_LAST;;1;1;XEUR;10804524;688;
06.11.2024;07:07:52.073;FGBL SI 20241206 PS;SIMPLE_INSTRUMENT;EFS;EUR;5;131.53000000;216;EXCHANGE_LAST;;1;1;XEUR;10804524;688;
06.11.2024;07:10:04.611;FGBL SI 20241206 PS;SIMPLE_INSTRUMENT;EFS;EUR;6;131.60000000;460;EXCHANGE_LAST;;1;1;XEUR;10804524;688;
06.11.2024;07:14:05.306;FGBL SI 20241206 PS;SIMPLE_INSTRUMENT;EFS;EUR;7;131.48000000;1364;EXCHANGE_LAST;;1;1;XEUR;10804524;688;
06.11.2024;07:16:07.085;FGBL SI 20241206 PS;SIMPLE_INSTRUMENT;EFS;EUR;8;131.36000000;493;EXCHANGE_LAST;;1;1;XEUR;10804524;688;
06.11.2024;07:29:06.481;FGBL SI 20241206 PS;SIMPLE_INSTRUMENT;EFS;EUR;9;131.50000000;197;EXCHANGE_LAST;;1;1;XEUR;10804524;688;
06.11.2024;07:30:18.955;FGBL SI 20241206 PS;SIMPLE_INSTRUMENT;EFS;EUR;10;131.77000000;432;EXCHANGE_LAST;;1;1;XEUR;10804524;688;
06.11.2024;07:33:26.030;FGBL SI 20241206 PS;SIMPLE_INSTRUMENT;EFS;EUR;11;131.80000000;492;EXCHANGE_LAST;;1;1;XEUR;10804524;688;
06.11.2024;07:39:56.347;FGBL SI 20241206 PS;SIMPLE_INSTRUMENT;EFS;EUR;12;131.94000000;432;EXCHANGE_LAST;;1;1;XEUR;10804524;688;
06.11.2024;07:40:44.894;FGBL SI 20241206 PS;SIMPLE_INSTRUMENT;EFS;EUR;13;131.50000000;500;EXCHANGE_LAST;;1;1;XEUR;10804524;688;
06.11.2024;07:45:44.812;FGBL SI 20241206 PS;SIMPLE_INSTRUMENT;EFS;EUR;14;131.96000000;285;EXCHANGE_LAST;;1;1;XEUR;10804524;688;
06.11.2024;07:46:42.980;FGBL SI 20241206 PS;SIMPLE_INSTRUMENT;EFS;EUR;15;131.94000000;147;EXCHANGE_LAST;;1;1;XEUR;10804524;688;
06.11.2024;07:47:53.404;FGBL SI 20241206 PS;SIMPLE_INSTRUMENT;EFS;EUR;16;131.94000000;491;EXCHANGE_LAST;;1;1;XEUR;10804524;688;
06.11.2024;07:48:32.144;FGBL SI 20241206 PS;SIMPLE_INSTRUMENT;EFS;EUR;17;131.62000000;394;EXCHANGE_LAST;;1;1;XEUR;10804524;688;
06.11.2024;07:49:44.617;FGBL SI 20241206 PS;SIMPLE_INSTRUMENT;EFS;EUR;18;131.93000000;491;EXCHANGE_LAST;;1;1;XEUR;10804524;688;
06.11.2024;07:49:31.716;FGBL SI 20241206 PS;SIMPLE_INSTRUMENT;EFS;EUR;19;132.16000000;432;EXCHANGE_LAST;;1;1;XEUR;10804524;688;
06.11.2024;07:50:36.764;FGBL SI 20241206 PS;SIMPLE_INSTRUMENT;EFS;EUR;20;132.16000000;216;EXCHANGE_LAST;;1;1;XEUR;10804524;688;
06.11.2024;07:57:29.555;FGBL SI 20241206 PS;SIMPLE_INSTRUMENT;EFS;EUR;21;131.43000000;197;EXCHANGE_LAST;;1;1;XEUR;10804524;688;
06.11.2024;08:01:32.433;FGBL SI 20241206 PS;SIMPLE_INSTRUMENT;EFP_FIN;EUR;22;131.61000000;1954;EXCHANGE_LAST;;1;1;XEUR;10804524;688;
06.11.2024;08:14:11.817;FGBL SI 20241206 PS;SIMPLE_INSTRUMENT;EFP_FIN;EUR;23;132.05000000;110;EXCHANGE_LAST;;1;1;XEUR;10804524;688;
06.11.2024;08:14:38.452;FGBL SI 20241206 PS;SIMPLE_INSTRUMENT;EFS;EUR;24;131.97000000;457;EXCHANGE_LAST;;1;1;XEUR;10804524;688;
06.11.2024;08:18:15.821;FGBL SI 20241206 PS;SIMPLE_INSTRUMENT;EFS;EUR;25;131.79000000;295;EXCHANGE_LAST;;1;1;XEUR;10804524;688;
06.11.2024;08:33:42.068;FGBL SI 20241206 PS;SIMPLE_INSTRUMENT;EFS;EUR;26;131.76000000;245;EXCHANGE_LAST;;1;1;XEUR;10804524;688;
06.11.2024;08:33:02.005;FGBL SI 20241206 PS;SIMPLE_INSTRUMENT;EFS;EUR;28;131.83000000;245;EXCHANGE_LAST;;1;1;XEUR;10804524;688;
06.11.2024;08:29:54.144;FGBL SI 20241206 PS;SIMPLE_INSTRUMENT;EFS;EUR;29;131.84000000;581;EXCHANGE_LAST;;1;1;XEUR;10804524;688;
06.11.2024;08:31:15.671;FGBL SI 20241206 PS;SIMPLE_INSTRUMENT;EFS;EUR;31;131.66000000;433;EXCHANGE_LAST;;1;1;XEUR;10804524;688;
06.11.2024;08:32:33.453;FGBL SI 20241206 PS;SIMPLE_INSTRUMENT;EFS;EUR;32;131.84000000;983;EXCHANGE_LAST;;1;1;XEUR;10804524;688;
06.11.2024;08:37:07.050;FGBL SI 20241206 PS;SIMPLE_INSTRUMENT;EFS;EUR;33;131.65000000;147;EXCHANGE_LAST;;1;1;XEUR;10804524;688;
06.11.2024;08:43:26.774;FGBL SI 20241206 PS;SIMPLE_INSTRUMENT;EFS;EUR;34;131.63000000;200;EXCHANGE_LAST;;1;1;XEUR;10804524;688;
06.11.2024;08:48:06.668;FGBL SI 20241206 PS;SIMPLE_INSTRUMENT;EFS;EUR;35;131.82000000;433;EXCHANGE_LAST;;1;1;XEUR;10804524;688;
06.11.2024;08:49:36.768;FGBL SI 20241206 PS;SIMPLE_INSTRUMENT;EFS;EUR;36;131.83000000;433;EXCHANGE_LAST;;1;1;XEUR;10804524;688;
06.11.2024;08:51:04.177;FGBL SI 20241206 PS;SIMPLE_INSTRUMENT;EFS;EUR;37;131.74000000;492;EXCHANGE_LAST;;1;1;XEUR;10804524;688;
06.11.2024;08:53:58.613;FGBL SI 20241206 PS;SIMPLE_INSTRUMENT;EFS;EUR;38;131.83000000;175;EXCHANGE_LAST;;1;1;XEUR;10804524;688;
06.11.2024;08:55:21.162;FGBL SI 20241206 PS;SIMPLE_INSTRUMENT;EFS;EUR;39;131.85000000;99;EXCHANGE_LAST;;1;1;XEUR;10804524;688;
06.11.2024;08:59:18.367;FGBL SI 20241206 PS;SIMPLE_INSTRUMENT;EFS;EUR;40;131.94000000;216;EXCHANGE_LAST;;1;1;XEUR;10804524;688;
06.11.2024;09:01:17.179;FGBL SI 20241206 PS;SIMPLE_INSTRUMENT;EFP_FIN;EUR;41;131.94000000;481;EXCHANGE_LAST;;1;1;XEUR;10804524;688;
06.11.2024;09:05:00.824;FGBL SI 20241206 PS;SIMPLE_INSTRUMENT;EFP_FIN;EUR;42;131.90000000;240;EXCHANGE_LAST;;1;1;XEUR;10804524;688;
06.11.2024;09:05:51.340;FGBL SI 20241206 PS;SIMPLE_INSTRUMENT;EFS;EUR;43;131.85000000;983;EXCHANGE_LAST;;1;1;XEUR;10804524;688;
06.11.2024;09:05:57.650;FGBL SI 20241206 PS;SIMPLE_INSTRUMENT;EFP_FIN;EUR;44;131.92000000;1954;EXCHANGE_LAST;;1;1;XEUR;10804524;688;
06.11.2024;09:15:30.353;FGBL SI 20241206 PS;SIMPLE_INSTRUMENT;EFS;EUR;45;131.83000000;433;EXCHANGE_LAST;;1;1;XEUR;10804524;688;
06.11.2024;09:15:45.366;FGBL SI 20241206 PS;SIMPLE_INSTRUMENT;EFS;EUR;46;131.83000000;216;EXCHANGE_LAST;;1;1;XEUR;10804524;688;
06.11.2024;09:16:26.506;FGBL SI 20241206 PS;SIMPLE_INSTRUMENT;EFS;EUR;47;131.94000000;491;EXCHANGE_LAST;;1;1;XEUR;10804524;688;
06.11.2024;09:16:39.085;FGBL SI 20241206 PS;SIMPLE_INSTRUMENT;EFS;EUR;48;131.89000000;491;EXCHANGE_LAST;;1;1;XEUR;10804524;688;
06.11.2024;09:16:56.314;FGBL SI 20241206 PS;SIMPLE_INSTRUMENT;EFP_FIN;EUR;49;131.90000000;359;EXCHANGE_LAST;;1;1;XEUR;10804524;688;
06.11.2024;09:17:00.411;FGBL SI 20241206 PS;SIMPLE_INSTRUMENT;EFS;EUR;50;131.85000000;433;EXCHANGE_LAST;;1;1;XEUR;10804524;688;
06.11.2024;09:17:02.195;FGBL SI 20241206 PS;SIMPLE_INSTRUMENT;EFS;EUR;51;131.83000000;432;EXCHANGE_LAST;;1;1;XEUR;10804524;688;
06.11.2024;09:17:10.285;FGBL SI 20241206 PS;SIMPLE_INSTRUMENT;EFS;EUR;52;131.95000000;229;EXCHANGE_LAST;;1;1;XEUR;10804524;688;
06.11.2024;09:17:29.727;FGBL SI 20241206 PS;SIMPLE_INSTRUMENT;EFS;EUR;53;131.81000000;433;EXCHANGE_LAST;;1;1;XEUR;10804524;688;
06.11.2024;09:28:33.081;FGBL SI 20241206 PS;SIMPLE_INSTRUMENT;EFS;EUR;54;131.85000000;150;EXCHANGE_LAST;;1;1;XEUR;10804524;688;
06.11.2024;09:29:59.720;FGBL SI 20241206 PS;SIMPLE_INSTRUMENT;EFP_FIN;EUR;55;131.83000000;337;EXCHANGE_LAST;;1;1;XEUR;10804524;688;
06.11.2024;09:41:04.739;FGBL SI 20241206 PS;SIMPLE_INSTRUMENT;EFP_FIN;EUR;56;131.80000000;310;EXCHANGE_LAST;;1;1;XEUR;10804524;688;
06.11.2024;09:42:27.193;FGBL SI 20241206 PS;SIMPLE_INSTRUMENT;EFP_FIN;EUR;57;131.80000000;77;EXCHANGE_LAST;;1;1;XEUR;10804524;688;
06.11.2024;09:46:38.463;FGBL SI 20241206 PS;SIMPLE_INSTRUMENT;EFS;EUR;58;131.83000000;492;EXCHANGE_LAST;;1;1;XEUR;10804524;688;
06.11.2024;09:47:27.847;FGBL SI 20241206 PS;SIMPLE_INSTRUMENT;EFS;EUR;59;131.85000000;523;EXCHANGE_LAST;;1;1;XEUR;10804524;688;
06.11.2024;09:47:40.284;FGBL SI 20241206 PS;SIMPLE_INSTRUMENT;EFS;EUR;60;131.84000000;130;EXCHANGE_LAST;;1;1;XEUR;10804524;688;
06.11.2024;09:51:28.945;FGBL SI 20241206 PS;SIMPLE_INSTRUMENT;EFS;EUR;61;131.87000000;147;EXCHANGE_LAST;;1;1;XEUR;10804524;688;
06.11.2024;09:57:18.098;FGBL SI 20241206 PS;SIMPLE_INSTRUMENT;EFP_FIN;EUR;62;131.84000000;50;EXCHANGE_LAST;;1;1;XEUR;10804524;688;
06.11.2024;10:04:41.264;FGBL SI 20241206 PS;SIMPLE_INSTRUMENT;EFS;EUR;63;131.95000000;216;EXCHANGE_LAST;;1;1;XEUR;10804524;688;
06.11.2024;10:07:34.814;FGBL SI 20241206 PS;SIMPLE_INSTRUMENT;EFS;EUR;64;131.85000000;173;EXCHANGE_LAST;;1;1;XEUR;10804524;688;
06.11.2024;10:14:51.435;FGBL SI 20241206 PS;SIMPLE_INSTRUMENT;EFS;EUR;65;131.86000000;229;EXCHANGE_LAST;;1;1;XEUR;10804524;688;
06.11.2024;10:15:13.956;FGBL SI 20241206 PS;SIMPLE_INSTRUMENT;EFP_FIN;EUR;66;131.78000000;775;EXCHANGE_LAST;;1;1;XEUR;10804524;688;
06.11.2024;10:21:34.336;FGBL SI 20241206 PS;SIMPLE_INSTRUMENT;EFS;EUR;67;131.85000000;98;EXCHANGE_LAST;;1;1;XEUR;10804524;688;
06.11.2024;10:25:00.599;FGBL SI 20241206 PS;SIMPLE_INSTRUMENT;EFS;EUR;68;131.85000000;245;EXCHANGE_LAST;;1;1;XEUR;10804524;688;
06.11.2024;10:33:40.462;FGBL SI 20241206 PS;SIMPLE_INSTRUMENT;EFS;EUR;69;131.75000000;432;EXCHANGE_LAST;;1;1;XEUR;10804524;688;
06.11.2024;10:33:29.957;FGBL SI 20241206 PS;SIMPLE_INSTRUMENT;EFS;EUR;70;131.75000000;432;EXCHANGE_LAST;;1;1;XEUR;10804524;688;
06.11.2024;10:34:39.172;FGBL SI 20241206 PS;SIMPLE_INSTRUMENT;EFS;EUR;71;131.89000000;432;EXCHANGE_LAST;;1;1;XEUR;10804524;688;
06.11.2024;10:36:26.993;FGBL SI 20241206 PS;SIMPLE_INSTRUMENT;EFS;EUR;72;131.89000000;216;EXCHANGE_LAST;;1;1;XEUR;10804524;688;
06.11.2024;10:37:02.570;FGBL SI 20241206 PS;SIMPLE_INSTRUMENT;EFS;EUR;73;131.88000000;216;EXCHANGE_LAST;;1;1;XEUR;10804524;688;
06.11.2024;10:37:50.837;FGBL SI 20241206 PS;SIMPLE_INSTRUMENT;EFS;EUR;74;131.85000000;246;EXCHANGE_LAST;;1;1;XEUR;10804524;688;
06.11.2024;10:44:22.318;FGBL SI 20241206 PS;SIMPLE_INSTRUMENT;EFS;EUR;75;131.77000000;433;EXCHANGE_LAST;;1;1;XEUR;10804524;688;
06.11.2024;10:49:10.389;FGBL SI 20241206 PS;SIMPLE_INSTRUMENT;EFS;EUR;76;131.82000000;147;EXCHANGE_LAST;;1;1;XEUR;10804524;688;
06.11.2024;10:51:49.034;FGBL SI 20241206 PS;SIMPLE_INSTRUMENT;EFS;EUR;77;131.83000000;732;EXCHANGE_LAST;;1;1;XEUR;10804524;688;
06.11.2024;10:52:58.641;FGBL SI 20241206 PS;SIMPLE_INSTRUMENT;EFS;EUR;78;131.82000000;216;EXCHANGE_LAST;;1;1;XEUR;10804524;688;
06.11.2024;10:54:08.695;FGBL SI 20241206 PS;SIMPLE_INSTRUMENT;EFS;EUR;79;131.82000000;217;EXCHANGE_LAST;;1;1;XEUR;10804524;688;
06.11.2024;11:03:38.026;FGBL SI 20241206 PS;SIMPLE_INSTRUMENT;EFP_FIN;EUR;80;131.82000000;277;EXCHANGE_LAST;;1;1;XEUR;10804524;688;
06.11.2024;11:13:01.026;FGBL SI 20241206 PS;SIMPLE_INSTRUMENT;EFS;EUR;81;131.97000000;295;EXCHANGE_LAST;;1;1;XEUR;10804524;688;
06.11.2024;11:14:18.207;FGBL SI 20241206 PS;SIMPLE_INSTRUMENT;EFS;EUR;82;132.04000000;457;EXCHANGE_LAST;;1;1;XEUR;10804524;688;
06.11.2024;11:14:56.826;FGBL SI 20241206 PS;SIMPLE_INSTRUMENT;EFS;EUR;83;132.04000000;432;EXCHANGE_LAST;;1;1;XEUR;10804524;688;
06.11.2024;11:14:57.973;FGBL SI 20241206 PS;SIMPLE_INSTRUMENT;EFP_FIN;EUR;84;131.93000000;355;EXCHANGE_LAST;;1;1;XEUR;10804524;688;
06.11.2024;11:22:56.701;FGBL SI 20241206 PS;SIMPLE_INSTRUMENT;EFP_FIN;EUR;85;132.03000000;336;EXCHANGE_LAST;;1;1;XEUR;10804524;688;
06.11.2024;11:23:40.166;FGBL SI 20241206 PS;SIMPLE_INSTRUMENT;EFS;EUR;86;132.06000000;457;EXCHANGE_LAST;;1;1;XEUR;10804524;688;
06.11.2024;11:25:35.126;FGBL SI 20241206 PS;SIMPLE_INSTRUMENT;EFS;EUR;87;131.90000000;216;EXCHANGE_LAST;;1;1;XEUR;10804524;688;
06.11.2024;11:30:37.150;FGBL SI 20241206 PS;SIMPLE_INSTRUMENT;EFS;EUR;88;131.89000000;432;EXCHANGE_LAST;;1;1;XEUR;10804524;688;
06.11.2024;11:29:32.762;FGBL SI 20241206 PS;SIMPLE_INSTRUMENT;EFS;EUR;89;131.90000000;100;EXCHANGE_LAST;;1;1;XEUR;10804524;688;
06.11.2024;11:30:21.351;FGBL SI 20241206 PS;SIMPLE_INSTRUMENT;EFP_FIN;EUR;90;131.83000000;1937;EXCHANGE_LAST;;1;1;XEUR;10804524;688;
06.11.2024;11:35:08.102;FGBL SI 20241206 PS;SIMPLE_INSTRUMENT;EFS;EUR;91;131.89000000;432;EXCHANGE_LAST;;1;1;XEUR;10804524;688;
06.11.2024;11:35:18.177;FGBL SI 20241206 PS;SIMPLE_INSTRUMENT;EFS;EUR;92;131.84000000;231;EXCHANGE_LAST;;1;1;XEUR;10804524;688;
06.11.2024;11:36:44.650;FGBL SI 20241206 PS;SIMPLE_INSTRUMENT;EFS;EUR;93;131.75000000;100;EXCHANGE_LAST;;1;1;XEUR;10804524;688;
06.11.2024;11:38:07.870;FGBL SI 20241206 PS;SIMPLE_INSTRUMENT;EFS;EUR;94;131.71000000;413;EXCHANGE_LAST;;1;1;XEUR;10804524;688;
06.11.2024;11:39:12.946;FGBL SI 20241206 PS;SIMPLE_INSTRUMENT;EFS;EUR;95;131.76000000;433;EXCHANGE_LAST;;1;1;XEUR;10804524;688;
06.11.2024;11:46:25.763;FGBL SI 20241206 PS;SIMPLE_INSTRUMENT;EFS;EUR;96;131.75000000;246;EXCHANGE_LAST;;1;1;XEUR;10804524;688;
06.11.2024;11:47:33.885;FGBL SI 20241206 PS;SIMPLE_INSTRUMENT;EFS;EUR;97;131.61000000;434;EXCHANGE_LAST;;1;1;XEUR;10804524;688;
06.11.2024;11:56:35.914;FGBL SI 20241206 PS;SIMPLE_INSTRUMENT;EFS;EUR;98;131.89000000;549;EXCHANGE_LAST;;1;1;XEUR;10804524;688;
06.11.2024;11:58:25.736;FGBL SI 20241206 PS;SIMPLE_INSTRUMENT;EFP_FIN;EUR;99;132.04000000;197;EXCHANGE_LAST;;1;1;XEUR;10804524;688;
06.11.2024;11:58:41.286;FGBL SI 20241206 PS;SIMPLE_INSTRUMENT;EFP_FIN;EUR;100;132.04000000;189;EXCHANGE_LAST;;1;1;XEUR;10804524;688;
06.11.2024;12:05:11.762;FGBL SI 20241206 PS;SIMPLE_INSTRUMENT;EFS;EUR;101;131.80000000;250;EXCHANGE_LAST;;1;1;XEUR;10804524;688;
06.11.2024;12:08:27.337;FGBL SI 20241206 PS;SIMPLE_INSTRUMENT;EFP_FIN;EUR;102;131.70000000;213;EXCHANGE_LAST;;1;1;XEUR;10804524;688;
06.11.2024;12:08:50.539;FGBL SI 20241206 PS;SIMPLE_INSTRUMENT;EFS;EUR;103;131.58000000;98;EXCHANGE_LAST;;1;1;XEUR;10804524;688;
06.11.2024;12:09:55.576;FGBL SI 20241206 PS;SIMPLE_INSTRUMENT;EFS;EUR;104;131.63000000;551;EXCHANGE_LAST;;1;1;XEUR;10804524;688;
06.11.2024;12:15:58.482;FGBL SI 20241206 PS;SIMPLE_INSTRUMENT;EFS;EUR;105;131.64000000;98;EXCHANGE_LAST;;1;1;XEUR;10804524;688;
06.11.2024;12:18:05.004;FGBL SI 20241206 PS;SIMPLE_INSTRUMENT;EFS;EUR;106;131.56000000;150;EXCHANGE_LAST;;1;1;XEUR;10804524;688;
06.11.2024;12:19:37.298;FGBL SI 20241206 PS;SIMPLE_INSTRUMENT;EFS;EUR;107;131.61000000;523;EXCHANGE_LAST;;1;1;XEUR;10804524;688;
06.11.2024;12:20:40.323;FGBL SI 20241206 PS;SIMPLE_INSTRUMENT;EFS;EUR;108;131.69000000;100;EXCHANGE_LAST;;1;1;XEUR;10804524;688;
06.11.2024;12:21:45.750;FGBL SI 20241206 PS;SIMPLE_INSTRUMENT;EFS;EUR;109;131.65000000;433;EXCHANGE_LAST;;1;1;XEUR;10804524;688;
06.11.2024;12:22:17.177;FGBL SI 20241206 PS;SIMPLE_INSTRUMENT;EFS;EUR;110;131.65000000;433;EXCHANGE_LAST;;1;1;XEUR;10804524;688;
06.11.2024;12:23:40.355;FGBL SI 20241206 PS;SIMPLE_INSTRUMENT;EFS;EUR;111;131.62000000;217;EXCHANGE_LAST;;1;1;XEUR;10804524;688;
06.11.2024;12:24:41.545;FGBL SI 20241206 PS;SIMPLE_INSTRUMENT;EFS;EUR;112;131.48000000;1301;EXCHANGE_LAST;;1;1;XEUR;10804524;688;
06.11.2024;12:29:48.861;FGBL SI 20241206 PS;SIMPLE_INSTRUMENT;EFS;EUR;113;131.43000000;434;EXCHANGE_LAST;;1;1;XEUR;10804524;688;
06.11.2024;12:30:02.874;FGBL SI 20241206 PS;SIMPLE_INSTRUMENT;EFS;EUR;114;131.43000000;217;EXCHANGE_LAST;;1;1;XEUR;10804524;688;
06.11.2024;12:33:38.078;FGBL SI 20241206 PS;SIMPLE_INSTRUMENT;EFS;EUR;115;131.45000000;434;EXCHANGE_LAST;;1;1;XEUR;10804524;688;
06.11.2024;12:34:08.112;FGBL SI 20241206 PS;SIMPLE_INSTRUMENT;EFS;EUR;116;131.45000000;217;EXCHANGE_LAST;;1;1;XEUR;10804524;688;
06.11.2024;12:34:13.118;FGBL SI 20241206 PS;SIMPLE_INSTRUMENT;EFS;EUR;117;131.43000000;217;EXCHANGE_LAST;;1;1;XEUR;10804524;688;
06.11.2024;12:34:42.218;FGBL SI 20241206 PS;SIMPLE_INSTRUMENT;EFP_FIN;EUR;118;131.45000000;160;EXCHANGE_LAST;;1;1;XEUR;10804524;688;
06.11.2024;12:34:35.259;FGBL SI 20241206 PS;SIMPLE_INSTRUMENT;EFP_FIN;EUR;119;131.45000000;161;EXCHANGE_LAST;;1;1;XEUR;10804524;688;
06.11.2024;12:36:06.296;FGBL SI 20241206 PS;SIMPLE_INSTRUMENT;EFP_FIN;EUR;120;131.50000000;678;EXCHANGE_LAST;;1;1;XEUR;10804524;688;
06.11.2024;12:36:10.290;FGBL SI 20241206 PS;SIMPLE_INSTRUMENT;EFS;EUR;121;131.42000000;217;EXCHANGE_LAST;;1;1;XEUR;10804524;688;
06.11.2024;12:38:44.927;FGBL SI 20241206 PS;SIMPLE_INSTRUMENT;EFS;EUR;122;131.59000000;138;EXCHANGE_LAST;;1;1;XEUR;10804524;688;
06.11.2024;12:40:43.505;FGBL SI 20241206 PS;SIMPLE_INSTRUMENT;EFS;EUR;123;131.62000000;433;EXCHANGE_LAST;;1;1;XEUR;10804524;688;
06.11.2024;12:41:08.333;FGBL SI 20241206 PS;SIMPLE_INSTRUMENT;EFS;EUR;124;131.40000000;494;EXCHANGE_LAST;;1;1;XEUR;10804524;688;
06.11.2024;12:41:59.383;FGBL SI 20241206 PS;SIMPLE_INSTRUMENT;EFP_FIN;EUR;125;131.45000000;241;EXCHANGE_LAST;;1;1;XEUR;10804524;688;
06.11.2024;12:47:09.593;FGBL SI 20241206 PS;SIMPLE_INSTRUMENT;EFP_FIN;EUR;126;131.55000000;938;EXCHANGE_LAST;;1;1;XEUR;10804524;688;
06.11.2024;12:47:22.408;FGBL SI 20241206 PS;SIMPLE_INSTRUMENT;EFS;EUR;127;131.44000000;380;EXCHANGE_LAST;;1;1;XEUR;10804524;688;
06.11.2024;12:50:54.049;FGBL SI 20241206 PS;SIMPLE_INSTRUMENT;EFS;EUR;128;131.57000000;229;EXCHANGE_LAST;;1;1;XEUR;10804524;688;
06.11.2024;12:52:24.226;FGBL SI 20241206 PS;SIMPLE_INSTRUMENT;EFS;EUR;129;131.54000000;217;EXCHANGE_LAST;;1;1;XEUR;10804524;688;
06.11.2024;12:52:28.498;FGBL SI 20241206 PS;SIMPLE_INSTRUMENT;EFS;EUR;130;131.54000000;217;EXCHANGE_LAST;;1;1;XEUR;10804524;688;
06.11.2024;12:53:58.578;FGBL SI 20241206 PS;SIMPLE_INSTRUMENT;EFS;EUR;131;131.66000000;217;EXCHANGE_LAST;;1;1;XEUR;10804524;688;
06.11.2024;12:57:20.684;FGBL SI 20241206 PS;SIMPLE_INSTRUMENT;EFP_FIN;EUR;132;131.50000000;252;EXCHANGE_LAST;;1;1;XEUR;10804524;688;
06.11.2024;12:57:47.057;FGBL SI 20241206 PS;SIMPLE_INSTRUMENT;EFS;EUR;133;131.57000000;461;EXCHANGE_LAST;;1;1;XEUR;10804524;688;
06.11.2024;12:58:00.187;FGBL SI 20241206 PS;SIMPLE_INSTRUMENT;EFS;EUR;134;131.60000000;500;EXCHANGE_LAST;;1;1;XEUR;10804524;688;
06.11.2024;12:59:08.021;FGBL SI 20241206 PS;SIMPLE_INSTRUMENT;EFP_FIN;EUR;135;131.50000000;210;EXCHANGE_LAST;;1;1;XEUR;10804524;688;
06.11.2024;13:01:27.494;FGBL SI 20241206 PS;SIMPLE_INSTRUMENT;EFS;EUR;136;131.58000000;739;EXCHANGE_LAST;;1;1;XEUR;10804524;688;
06.11.2024;13:04:18.147;FGBL SI 20241206 PS;SIMPLE_INSTRUMENT;EFS;EUR;137;131.52000000;303;EXCHANGE_LAST;;1;1;XEUR;10804524;688;
06.11.2024;13:07:30.256;FGBL SI 20241206 PS;SIMPLE_INSTRUMENT;EFS;EUR;138;131.50000000;130;EXCHANGE_LAST;;1;1;XEUR;10804524;688;
06.11.2024;13:08:37.048;FGBL SI 20241206 PS;SIMPLE_INSTRUMENT;EFS;EUR;139;131.54000000;217;EXCHANGE_LAST;;1;1;XEUR;10804524;688;
06.11.2024;13:12:53.451;FGBL SI 20241206 PS;SIMPLE_INSTRUMENT;EFS;EUR;140;131.53000000;345;EXCHANGE_LAST;;1;1;XEUR;10804524;688;
06.11.2024;13:21:03.400;FGBL SI 20241206 PS;SIMPLE_INSTRUMENT;EFS;EUR;141;131.54000000;150;EXCHANGE_LAST;;1;1;XEUR;10804524;688;
06.11.2024;13:21:21.684;FGBL SI 20241206 PS;SIMPLE_INSTRUMENT;EFS;EUR;142;131.58000000;493;EXCHANGE_LAST;;1;1;XEUR;10804524;688;
06.11.2024;13:22:05.129;FGBL SI 20241206 PS;SIMPLE_INSTRUMENT;EFS;EUR;143;131.69000000;459;EXCHANGE_LAST;;1;1;XEUR;10804524;688;
06.11.2024;13:29:03.521;FGBL SI 20241206 PS;SIMPLE_INSTRUMENT;BLOCK;EUR;144;131.51000000;2352;EXCHANGE_LAST;;1;1;XEUR;10804524;688;
06.11.2024;13:32:30.482;FGBL SI 20241206 PS;SIMPLE_INSTRUMENT;EFS;EUR;145;131.56000000;224;EXCHANGE_LAST;;1;1;XEUR;10804524;688;
06.11.2024;13:37:27.893;FGBL SI 20241206 PS;SIMPLE_INSTRUMENT;EFS;EUR;146;131.66000000;78;EXCHANGE_LAST;;1;1;XEUR;10804524;688;
06.11.2024;13:41:35.044;FGBL SI 20241206 PS;SIMPLE_INSTRUMENT;EFS;EUR;147;131.69000000;899;EXCHANGE_LAST;;1;1;XEUR;10804524;688;
06.11.2024;13:51:17.999;FGBL SI 20241206 PS;SIMPLE_INSTRUMENT;EFP_FIN;EUR;148;131.66000000;420;EXCHANGE_LAST;;1;1;XEUR;10804524;688;
06.11.2024;13:51:35.811;FGBL SI 20241206 PS;SIMPLE_INSTRUMENT;EFS;EUR;149;131.63000000;108;EXCHANGE_LAST;;1;1;XEUR;10804524;688;
06.11.2024;13:52:35.861;FGBL SI 20241206 PS;SIMPLE_INSTRUMENT;EFS;EUR;150;131.63000000;108;EXCHANGE_LAST;;1;1;XEUR;10804524;688;
06.11.2024;13:57:22.380;FGBL SI 20241206 PS;SIMPLE_INSTRUMENT;EFP_FIN;EUR;151;131.67000000;82;EXCHANGE_LAST;;1;1;XEUR;10804524;688;
06.11.2024;14:01:36.637;FGBL SI 20241206 PS;SIMPLE_INSTRUMENT;EFS;EUR;152;131.72000000;679;EXCHANGE_LAST;;1;1;XEUR;10804524;688;
06.11.2024;14:04:41.613;FGBL SI 20241206 PS;SIMPLE_INSTRUMENT;EFS;EUR;153;131.53000000;217;EXCHANGE_LAST;;1;1;XEUR;10804524;688;
06.11.2024;14:06:06.708;FGBL SI 20241206 PS;SIMPLE_INSTRUMENT;EFS;EUR;154;131.53000000;434;EXCHANGE_LAST;;1;1;XEUR;10804524;688;
06.11.2024;14:12:16.030;FGBL SI 20241206 PS;SIMPLE_INSTRUMENT;EFS;EUR;155;131.51000000;147;EXCHANGE_LAST;;1;1;XEUR;10804524;688;
06.11.2024;14:16:13.452;FGBL SI 20241206 PS;SIMPLE_INSTRUMENT;EFS;EUR;156;131.48000000;100;EXCHANGE_LAST;;1;1;XEUR;10804524;688;
06.11.2024;14:18:21.887;FGBL SI 20241206 PS;SIMPLE_INSTRUMENT;EFS;EUR;157;131.46000000;433;EXCHANGE_LAST;;1;1;XEUR;10804524;688;
06.11.2024;14:20:22.641;FGBL SI 20241206 PS;SIMPLE_INSTRUMENT;EFS;EUR;158;131.47000000;217;EXCHANGE_LAST;;1;1;XEUR;10804524;688;
06.11.2024;14:26:15.392;FGBL SI 20241206 PS;SIMPLE_INSTRUMENT;EFS;EUR;159;131.41000000;217;EXCHANGE_LAST;;1;1;XEUR;10804524;688;
06.11.2024;14:30:44.893;FGBL SI 20241206 PS;SIMPLE_INSTRUMENT;EFP_FIN;EUR;160;131.44000000;165;EXCHANGE_LAST;;1;1;XEUR;10804524;688;
06.11.2024;14:34:33.491;FGBL SI 20241206 PS;SIMPLE_INSTRUMENT;EFS;EUR;161;131.53000000;434;EXCHANGE_LAST;;1;1;XEUR;10804524;688;
06.11.2024;14:37:37.659;FGBL SI 20241206 PS;SIMPLE_INSTRUMENT;EFS;EUR;162;131.52000000;303;EXCHANGE_LAST;;1;1;XEUR;10804524;688;
06.11.2024;14:40:59.359;FGBL SI 20241206 PS;SIMPLE_INSTRUMENT;EFS;EUR;163;131.56000000;243;EXCHANGE_LAST;;1;1;XEUR;10804524;688;
06.11.2024;14:41:47.864;FGBL SI 20241206 PS;SIMPLE_INSTRUMENT;EFS;EUR;164;131.61000000;228;EXCHANGE_LAST;;1;1;XEUR;10804524;688;
06.11.2024;14:47:02.369;FGBL SI 20241206 PS;SIMPLE_INSTRUMENT;EFS;EUR;165;131.44000000;433;EXCHANGE_LAST;;1;1;XEUR;10804524;688;
06.11.2024;14:47:07.170;FGBL SI 20241206 PS;SIMPLE_INSTRUMENT;EFS;EUR;166;131.52000000;321;EXCHANGE_LAST;;1;1;XEUR;10804524;688;
06.11.2024;14:49:10.405;FGBL SI 20241206 PS;SIMPLE_INSTRUMENT;EFS;EUR;167;131.44000000;434;EXCHANGE_LAST;;1;1;XEUR;10804524;688;
06.11.2024;14:49:55.442;FGBL SI 20241206 PS;SIMPLE_INSTRUMENT;EFS;EUR;168;131.43000000;524;EXCHANGE_LAST;;1;1;XEUR;10804524;688;
06.11.2024;14:50:10.455;FGBL SI 20241206 PS;SIMPLE_INSTRUMENT;EFS;EUR;169;131.43000000;434;EXCHANGE_LAST;;1;1;XEUR;10804524;688;
06.11.2024;14:51:38.563;FGBL SI 20241206 PS;SIMPLE_INSTRUMENT;EFS;EUR;170;131.43000000;217;EXCHANGE_LAST;;1;1;XEUR;10804524;688;
06.11.2024;14:54:56.609;FGBL SI 20241206 PS;SIMPLE_INSTRUMENT;EFS;EUR;171;131.42000000;490;EXCHANGE_LAST;;1;1;XEUR;10804524;688;
06.11.2024;14:56:55.885;FGBL SI 20241206 PS;SIMPLE_INSTRUMENT;EFS;EUR;172;131.44000000;434;EXCHANGE_LAST;;1;1;XEUR;10804524;688;
06.11.2024;14:56:56.410;FGBL SI 20241206 PS;SIMPLE_INSTRUMENT;EFP_FIN;EUR;173;131.56000000;155;EXCHANGE_LAST;;1;1;XEUR;10804524;688;
06.11.2024;14:58:22.622;FGBL SI 20241206 PS;SIMPLE_INSTRUMENT;EFP_FIN;EUR;174;131.56000000;619;EXCHANGE_LAST;;1;1;XEUR;10804524;688;
06.11.2024;14:58:48.595;FGBL SI 20241206 PS;SIMPLE_INSTRUMENT;EFS;EUR;175;131.45000000;433;EXCHANGE_LAST;;1;1;XEUR;10804524;688;
06.11.2024;15:01:44.902;FGBL SI 20241206 PS;SIMPLE_INSTRUMENT;EFP_FIN;EUR;176;131.41000000;70;EXCHANGE_LAST;;1;1;XEUR;10804524;688;
06.11.2024;15:04:16.266;FGBL SI 20241206 PS;SIMPLE_INSTRUMENT;EFP_FIN;EUR;177;131.44000000;268;EXCHANGE_LAST;;1;1;XEUR;10804524;688;
06.11.2024;15:06:49.476;FGBL SI 20241206 PS;SIMPLE_INSTRUMENT;EFS;EUR;178;131.40000000;461;EXCHANGE_LAST;;1;1;XEUR;10804524;688;
06.11.2024;15:07:42.065;FGBL SI 20241206 PS;SIMPLE_INSTRUMENT;EFS;EUR;179;131.58000000;300;EXCHANGE_LAST;;1;1;XEUR;10804524;688;
06.11.2024;15:25:38.583;FGBL SI 20241206 PS;SIMPLE_INSTRUMENT;EFS;EUR;180;131.61000000;434;EXCHANGE_LAST;;1;1;XEUR;10804524;688;
06.11.2024;15:26:08.607;FGBL SI 20241206 PS;SIMPLE_INSTRUMENT;EFS;EUR;181;131.61000000;607;EXCHANGE_LAST;;1;1;XEUR;10804524;688;
06.11.2024;15:27:04.958;FGBL SI 20241206 PS;SIMPLE_INSTRUMENT;EFS;EUR;182;131.53000000;147;EXCHANGE_LAST;;1;1;XEUR;10804524;688;
06.11.2024;15:30:58.916;FGBL SI 20241206 PS;SIMPLE_INSTRUMENT;EFS;EUR;183;131.64000000;304;EXCHANGE_LAST;;1;1;XEUR;10804524;688;
06.11.2024;15:31:33.958;FGBL SI 20241206 PS;SIMPLE_INSTRUMENT;EFS;EUR;184;131.64000000;347;EXCHANGE_LAST;;1;1;XEUR;10804524;688;
06.11.2024;15:32:03.999;FGBL SI 20241206 PS;SIMPLE_INSTRUMENT;EFS;EUR;185;131.64000000;217;EXCHANGE_LAST;;1;1;XEUR;10804524;688;
06.11.2024;15:33:30.034;FGBL SI 20241206 PS;SIMPLE_INSTRUMENT;EFP_FIN;EUR;186;131.56000000;268;EXCHANGE_LAST;;1;1;XEUR;10804524;688;
06.11.2024;15:38:14.356;FGBL SI 20241206 PS;SIMPLE_INSTRUMENT;EFS;EUR;187;131.71000000;650;EXCHANGE_LAST;;1;1;XEUR;10804524;688;
06.11.2024;15:38:34.380;FGBL SI 20241206 PS;SIMPLE_INSTRUMENT;EFS;EUR;188;131.67000000;433;EXCHANGE_LAST;;1;1;XEUR;10804524;688;
06.11.2024;15:38:59.404;FGBL SI 20241206 PS;SIMPLE_INSTRUMENT;EFS;EUR;189;131.68000000;303;EXCHANGE_LAST;;1;1;XEUR;10804524;688;
06.11.2024;15:41:45.440;FGBL SI 20241206 PS;SIMPLE_INSTRUMENT;EFS;EUR;190;131.69000000;148;EXCHANGE_LAST;;1;1;XEUR;10804524;688;
06.11.2024;15:44:45.426;FGBL SI 20241206 PS;SIMPLE_INSTRUMENT;EFP_FIN;EUR;191;131.68000000;123;EXCHANGE_LAST;;1;1;XEUR;10804524;688;
06.11.2024;15:46:17.294;FGBL SI 20241206 PS;SIMPLE_INSTRUMENT;EFS;EUR;192;131.68000000;104;EXCHANGE_LAST;;1;1;XEUR;10804524;688;
06.11.2024;15:46:28.418;FGBL SI 20241206 PS;SIMPLE_INSTRUMENT;EFP_FIN;EUR;193;131.54000000;303;EXCHANGE_LAST;;1;1;XEUR;10804524;688;
06.11.2024;15:51:17.233;FGBL SI 20241206 PS;SIMPLE_INSTRUMENT;EFP_FIN;EUR;194;131.58000000;82;EXCHANGE_LAST;;1;1;XEUR;10804524;688;
06.11.2024;15:56:56.505;FGBL SI 20241206 PS;SIMPLE_INSTRUMENT;EFS;EUR;195;131.72000000;217;EXCHANGE_LAST;;1;1;XEUR;10804524;688;
06.11.2024;15:58:16.584;FGBL SI 20241206 PS;SIMPLE_INSTRUMENT;EFS;EUR;196;131.72000000;217;EXCHANGE_LAST;;1;1;XEUR;10804524;688;
06.11.2024;16:01:37.647;FGBL SI 20241206 PS;SIMPLE_INSTRUMENT;EFP_FIN;EUR;197;131.68000000;81;EXCHANGE_LAST;;1;1;XEUR;10804524;688;
06.11.2024;16:11:34.908;FGBL SI 20241206 PS;SIMPLE_INSTRUMENT;EFS;EUR;198;131.73000000;216;EXCHANGE_LAST;;1;1;XEUR;10804524;688;
06.11.2024;16:18:38.817;FGBL SI 20241206 PS;SIMPLE_INSTRUMENT;EFS;EUR;199;131.73000000;433;EXCHANGE_LAST;;1;1;XEUR;10804524;688;
06.11.2024;16:27:43.442;FGBL SI 20241206 PS;SIMPLE_INSTRUMENT;EFS;EUR;200;131.72000000;228;EXCHANGE_LAST;;1;1;XEUR;10804524;688;
06.11.2024;16:34:44.875;FGBL SI 20241206 PS;SIMPLE_INSTRUMENT;EFP_FIN;EUR;201;131.74000000;418;EXCHANGE_LAST;;1;1;XEUR;10804524;688;
06.11.2024;16:40:07.830;FGBL SI 20241206 PS;SIMPLE_INSTRUMENT;EFP_FIN;EUR;202;131.76000000;271;EXCHANGE_LAST;;1;1;XEUR;10804524;688;
06.11.2024;16:40:26.299;FGBL SI 20241206 PS;SIMPLE_INSTRUMENT;EFS;EUR;203;131.68000000;115;EXCHANGE_LAST;;1;1;XEUR;10804524;688;
06.11.2024;16:41:02.518;FGBL SI 20241206 PS;SIMPLE_INSTRUMENT;EFS;EUR;204;131.65000000;985;EXCHANGE_LAST;;1;1;XEUR;10804524;688;
06.11.2024;16:41:48.635;FGBL SI 20241206 PS;SIMPLE_INSTRUMENT;EFS;EUR;205;131.63000000;443;EXCHANGE_LAST;;1;1;XEUR;10804524;688;
06.11.2024;16:44:23.910;FGBL SI 20241206 PS;SIMPLE_INSTRUMENT;EFP_FIN;EUR;206;131.69000000;488;EXCHANGE_LAST;;1;1;XEUR;10804524;688;
06.11.2024;16:45:51.007;FGBL SI 20241206 PS;SIMPLE_INSTRUMENT;EFP_FIN;EUR;207;131.74000000;147;EXCHANGE_LAST;;1;1;XEUR;10804524;688;
06.11.2024;16:46:28.120;FGBL SI 20241206 PS;SIMPLE_INSTRUMENT;EFS;EUR;208;131.64000000;1724;EXCHANGE_LAST;;1;1;XEUR;10804524;688;
06.11.2024;16:48:11.189;FGBL SI 20241206 PS;SIMPLE_INSTRUMENT;EFS;EUR;209;131.61000000;434;EXCHANGE_LAST;;1;1;XEUR;10804524;688;
06.11.2024;16:48:43.310;FGBL SI 20241206 PS;SIMPLE_INSTRUMENT;EFS;EUR;210;131.77000000;892;EXCHANGE_LAST;;1;1;XEUR;10804524;688;
06.11.2024;16:52:16.361;FGBL SI 20241206 PS;SIMPLE_INSTRUMENT;EFS;EUR;211;131.64000000;434;EXCHANGE_LAST;;1;1;XEUR;10804524;688;
06.11.2024;17:06:53.922;FGBL SI 20241206 PS;SIMPLE_INSTRUMENT;EFS;EUR;212;131.69000000;434;EXCHANGE_LAST;;1;1;XEUR;10804524;688;
06.11.2024;17:10:44.193;FGBL SI 20241206 PS;SIMPLE_INSTRUMENT;BLOCK;EUR;213;131.64000000;2795;EXCHANGE_LAST;;1;1;XEUR;10804524;688;
06.11.2024;17:09:59.550;FGBL SI 20241206 PS;SIMPLE_INSTRUMENT;EFS;EUR;214;131.66000000;433;EXCHANGE_LAST;;1;1;XEUR;10804524;688;
06.11.2024;17:11:45.030;FGBL SI 20241206 PS;SIMPLE_INSTRUMENT;EFS;EUR;215;131.64000000;217;EXCHANGE_LAST;;1;1;XEUR;10804524;688;
06.11.2024;17:12:35.673;FGBL SI 20241206 PS;SIMPLE_INSTRUMENT;EFS;EUR;216;131.64000000;217;EXCHANGE_LAST;;1;1;XEUR;10804524;688;
06.11.2024;17:20:24.582;FGBL SI 20241206 PS;SIMPLE_INSTRUMENT;BLOCK;EUR;217;131.63000000;2463;EXCHANGE_LAST;;1;1;XEUR;10804524;688;
06.11.2024;18:06:26.078;FGBL SI 20241206 PS;SIMPLE_INSTRUMENT;EFP_FIN;EUR;218;131.84000000;870;EXCHANGE_LAST;;1;1;XEUR;10804524;688;
06.11.2024;08:52:01.946;FGBL SI 20241206 PS;SIMPLE_INSTRUMENT;VOLA;EUR;268435475;131.73000000;7;EXCHANGE_LAST;;1;1;XEUR;10804524;688;
06.11.2024;08:52:00.779;FGBL SI 20241206 PS;SIMPLE_INSTRUMENT;VOLA;EUR;268435476;131.73000000;8;EXCHANGE_LAST;;1;1;XEUR;10804524;688;
06.11.2024;11:32:26.607;FGBL SI 20241206 PS;SIMPLE_INSTRUMENT;VOLA;EUR;268435499;132.07000000;130;EXCHANGE_LAST;;1;1;XEUR;10804524;688;
06.11.2024;11:36:00.921;FGBL SI 20241206 PS;SIMPLE_INSTRUMENT;VOLA;EUR;268435500;132.05000000;100;EXCHANGE_LAST;;1;1;XEUR;10804524;688;
06.11.2024;11:39:29.202;FGBL SI 20241206 PS;SIMPLE_INSTRUMENT;VOLA;EUR;268435503;131.71000000;85;EXCHANGE_LAST;;1;1;XEUR;10804524;688;
06.11.2024;11:40:10.207;FGBL SI 20241206 PS;SIMPLE_INSTRUMENT;VOLA;EUR;268435505;131.71000000;85;EXCHANGE_LAST;;1;1;XEUR;10804524;688;
06.11.2024;13:05:22.598;FGBL SI 20241206 PS;SIMPLE_INSTRUMENT;VOLA;EUR;268435525;131.41000000;205;EXCHANGE_LAST;;1;1;XEUR;10804524;688;
06.11.2024;13:05:48.607;FGBL SI 20241206 PS;SIMPLE_INSTRUMENT;VOLA;EUR;268435526;131.41000000;205;EXCHANGE_LAST;;1;1;XEUR;10804524;688;
06.11.2024;13:06:23.619;FGBL SI 20250306 PS;SIMPLE_INSTRUMENT;VOLA;EUR;268435527;132.83000000;160;EXCHANGE_LAST;;1;1;XEUR;11286679;688;
06.11.2024;15:12:17.680;FGBL SI 20241206 PS;SIMPLE_INSTRUMENT;VOLA;EUR;268435546;131.42000000;135;EXCHANGE_LAST;;1;1;XEUR;10804524;688;
06.11.2024;15:55:58.545;FGBL SI 20241206 PS;SIMPLE_INSTRUMENT;VOLA;EUR;268435568;131.65000000;27;EXCHANGE_LAST;;1;1;XEUR;10804524;688;
06.11.2024;07:47:22.405;FGBM SI 20241206 PS;SIMPLE_INSTRUMENT;EFS;EUR;1;118.43000000;1493;EXCHANGE_LAST;;1;1;XEUR;10804525;689;
06.11.2024;07:56:15.829;FGBM SI 20241206 PS;SIMPLE_INSTRUMENT;EFS;EUR;2;118.41000000;1493;EXCHANGE_LAST;;1;1;XEUR;10804525;689;
06.11.2024;08:03:34.197;FGBM SI 20241206 PS;SIMPLE_INSTRUMENT;EFS;EUR;3;118.39000000;1411;EXCHANGE_LAST;;1;1;XEUR;10804525;689;
06.11.2024;08:04:47.022;FGBM SI 20241206 PS;SIMPLE_INSTRUMENT;EFS;EUR;4;118.51000000;187;EXCHANGE_LAST;;1;1;XEUR;10804525;689;
06.11.2024;08:13:42.984;FGBM SI 20241206 PS;SIMPLE_INSTRUMENT;EFS;EUR;5;118.44000000;435;EXCHANGE_LAST;;1;1;XEUR;10804525;689;
06.11.2024;08:19:58.032;FGBM SI 20241206 PS;SIMPLE_INSTRUMENT;EFS;EUR;6;118.35000000;934;EXCHANGE_LAST;;1;1;XEUR;10804525;689;
06.11.2024;08:31:15.625;FGBM SI 20241206 PS;SIMPLE_INSTRUMENT;EFS;EUR;7;118.24000000;862;EXCHANGE_LAST;;1;1;XEUR;10804525;689;
06.11.2024;08:42:45.065;FGBM SI 20241206 PS;SIMPLE_INSTRUMENT;EFS;EUR;8;118.26000000;935;EXCHANGE_LAST;;1;1;XEUR;10804525;689;
06.11.2024;08:43:44.742;FGBM SI 20241206 PS;SIMPLE_INSTRUMENT;EFS;EUR;9;118.26000000;935;EXCHANGE_LAST;;1;1;XEUR;10804525;689;
06.11.2024;08:48:27.686;FGBM SI 20241206 PS;SIMPLE_INSTRUMENT;EFS;EUR;10;118.38000000;517;EXCHANGE_LAST;;1;1;XEUR;10804525;689;
06.11.2024;08:48:36.698;FGBM SI 20241206 PS;SIMPLE_INSTRUMENT;EFS;EUR;11;118.38000000;345;EXCHANGE_LAST;;1;1;XEUR;10804525;689;
06.11.2024;08:50:21.140;FGBM SI 20241206 PS;SIMPLE_INSTRUMENT;EFS;EUR;12;118.38000000;186;EXCHANGE_LAST;;1;1;XEUR;10804525;689;
06.11.2024;08:53:13.155;FGBM SI 20241206 PS;SIMPLE_INSTRUMENT;EFS;EUR;13;118.34000000;136;EXCHANGE_LAST;;1;1;XEUR;10804525;689;
06.11.2024;09:03:08.592;FGBM SI 20241206 PS;SIMPLE_INSTRUMENT;EFS;EUR;14;118.37000000;861;EXCHANGE_LAST;;1;1;XEUR;10804525;689;
06.11.2024;09:11:23.703;FGBM SI 20241206 PS;SIMPLE_INSTRUMENT;EFS;EUR;15;118.35000000;433;EXCHANGE_LAST;;1;1;XEUR;10804525;689;
06.11.2024;09:11:33.040;FGBM SI 20241206 PS;SIMPLE_INSTRUMENT;EFS;EUR;16;118.42000000;468;EXCHANGE_LAST;;1;1;XEUR;10804525;689;
06.11.2024;09:14:54.218;FGBM SI 20241206 PS;SIMPLE_INSTRUMENT;EFS;EUR;17;118.36000000;748;EXCHANGE_LAST;;1;1;XEUR;10804525;689;
06.11.2024;09:16:55.108;FGBM SI 20241206 PS;SIMPLE_INSTRUMENT;EFS;EUR;18;118.36000000;934;EXCHANGE_LAST;;1;1;XEUR;10804525;689;
06.11.2024;09:19:22.689;FGBM SI 20241206 PS;SIMPLE_INSTRUMENT;EFS;EUR;19;118.36000000;934;EXCHANGE_LAST;;1;1;XEUR;10804525;689;
06.11.2024;09:23:21.612;FGBM SI 20241206 PS;SIMPLE_INSTRUMENT;EFS;EUR;20;118.33000000;1735;EXCHANGE_LAST;;1;1;XEUR;10804525;689;
06.11.2024;09:23:40.580;FGBM SI 20241206 PS;SIMPLE_INSTRUMENT;EFS;EUR;21;118.32000000;861;EXCHANGE_LAST;;1;1;XEUR;10804525;689;
06.11.2024;09:26:35.735;FGBM SI 20241206 PS;SIMPLE_INSTRUMENT;EFP_FIN;EUR;22;118.32000000;108;EXCHANGE_LAST;;1;1;XEUR;10804525;689;
06.11.2024;09:33:15.753;FGBM SI 20241206 PS;SIMPLE_INSTRUMENT;EFP_FIN;EUR;23;118.37000000;784;EXCHANGE_LAST;;1;1;XEUR;10804525;689;
06.11.2024;09:40:22.356;FGBM SI 20241206 PS;SIMPLE_INSTRUMENT;EFS;EUR;24;118.37000000;466;EXCHANGE_LAST;;1;1;XEUR;10804525;689;
06.11.2024;09:44:21.076;FGBM SI 20241206 PS;SIMPLE_INSTRUMENT;EFS;EUR;25;118.38000000;934;EXCHANGE_LAST;;1;1;XEUR;10804525;689;
06.11.2024;09:48:28.153;FGBM SI 20241206 PS;SIMPLE_INSTRUMENT;EFS;EUR;26;118.35000000;347;EXCHANGE_LAST;;1;1;XEUR;10804525;689;
06.11.2024;09:51:48.483;FGBM SI 20241206 PS;SIMPLE_INSTRUMENT;EFS;EUR;27;118.39000000;430;EXCHANGE_LAST;;1;1;XEUR;10804525;689;
06.11.2024;10:01:46.813;FGBM SI 20241206 PS;SIMPLE_INSTRUMENT;EFS;EUR;28;118.41000000;867;EXCHANGE_LAST;;1;1;XEUR;10804525;689;
06.11.2024;10:05:51.965;FGBM SI 20241206 PS;SIMPLE_INSTRUMENT;EFS;EUR;29;118.40000000;861;EXCHANGE_LAST;;1;1;XEUR;10804525;689;
06.11.2024;10:07:34.769;FGBM SI 20241206 PS;SIMPLE_INSTRUMENT;EFS;EUR;30;118.38000000;326;EXCHANGE_LAST;;1;1;XEUR;10804525;689;
06.11.2024;10:12:07.038;FGBM SI 20241206 PS;SIMPLE_INSTRUMENT;EFS;EUR;31;118.39000000;430;EXCHANGE_LAST;;1;1;XEUR;10804525;689;
06.11.2024;10:26:53.950;FGBM SI 20241206 PS;SIMPLE_INSTRUMENT;EFS;EUR;32;118.39000000;467;EXCHANGE_LAST;;1;1;XEUR;10804525;689;
06.11.2024;10:29:29.560;FGBM SI 20241206 PS;SIMPLE_INSTRUMENT;EFS;EUR;33;118.40000000;254;EXCHANGE_LAST;;1;1;XEUR;10804525;689;
06.11.2024;10:31:01.736;FGBM SI 20241206 PS;SIMPLE_INSTRUMENT;EFS;EUR;34;118.43000000;861;EXCHANGE_LAST;;1;1;XEUR;10804525;689;
06.11.2024;10:31:34.489;FGBM SI 20241206 PS;SIMPLE_INSTRUMENT;EFS;EUR;35;118.41000000;933;EXCHANGE_LAST;;1;1;XEUR;10804525;689;
06.11.2024;10:31:31.765;FGBM SI 20241206 PS;SIMPLE_INSTRUMENT;EFS;EUR;36;118.43000000;431;EXCHANGE_LAST;;1;1;XEUR;10804525;689;
06.11.2024;10:38:27.071;FGBM SI 20241206 PS;SIMPLE_INSTRUMENT;EFS;EUR;37;118.43000000;431;EXCHANGE_LAST;;1;1;XEUR;10804525;689;
06.11.2024;10:48:55.839;FGBM SI 20241206 PS;SIMPLE_INSTRUMENT;EFS;EUR;38;118.42000000;933;EXCHANGE_LAST;;1;1;XEUR;10804525;689;
06.11.2024;10:53:05.560;FGBM SI 20241206 PS;SIMPLE_INSTRUMENT;EFS;EUR;39;118.41000000;868;EXCHANGE_LAST;;1;1;XEUR;10804525;689;
06.11.2024;10:54:43.559;FGBM SI 20250306 PS;SIMPLE_INSTRUMENT;EFP_FIN;EUR;40;117.71000000;431;EXCHANGE_LAST;;1;1;XEUR;11286680;689;
06.11.2024;10:56:47.629;FGBM SI 20241206 PS;SIMPLE_INSTRUMENT;EFP_FIN;EUR;41;118.41000000;77;EXCHANGE_LAST;;1;1;XEUR;10804525;689;
06.11.2024;10:58:54.885;FGBM SI 20241206 PS;SIMPLE_INSTRUMENT;EFS;EUR;42;118.41000000;868;EXCHANGE_LAST;;1;1;XEUR;10804525;689;
06.11.2024;11:01:59.660;FGBM SI 20241206 PS;SIMPLE_INSTRUMENT;EFS;EUR;43;118.39000000;87;EXCHANGE_LAST;;1;1;XEUR;10804525;689;
06.11.2024;11:03:08.141;FGBM SI 20241206 PS;SIMPLE_INSTRUMENT;EFP_FIN;EUR;44;118.43000000;920;EXCHANGE_LAST;;1;1;XEUR;10804525;689;
06.11.2024;11:03:22.924;FGBM SI 20241206 PS;SIMPLE_INSTRUMENT;EFS;EUR;45;118.47000000;1865;EXCHANGE_LAST;;1;1;XEUR;10804525;689;
06.11.2024;11:05:13.081;FGBM SI 20241206 PS;SIMPLE_INSTRUMENT;EFP_FIN;EUR;46;118.45000000;1034;EXCHANGE_LAST;;1;1;XEUR;10804525;689;
06.11.2024;11:09:56.413;FGBM SI 20241206 PS;SIMPLE_INSTRUMENT;EFS;EUR;47;118.55000000;646;EXCHANGE_LAST;;1;1;XEUR;10804525;689;
06.11.2024;11:10:40.119;FGBM SI 20241206 PS;SIMPLE_INSTRUMENT;EFS;EUR;48;118.52000000;746;EXCHANGE_LAST;;1;1;XEUR;10804525;689;
06.11.2024;11:14:40.056;FGBM SI 20241206 PS;SIMPLE_INSTRUMENT;EFS;EUR;49;118.40000000;933;EXCHANGE_LAST;;1;1;XEUR;10804525;689;
06.11.2024;11:18:52.964;FGBM SI 20241206 PS;SIMPLE_INSTRUMENT;BLOCK;EUR;50;118.55000000;7000;EXCHANGE_LAST;;1;1;XEUR;10804525;689;
06.11.2024;11:22:54.056;FGBM SI 20241206 PS;SIMPLE_INSTRUMENT;EFS;EUR;51;118.53000000;1129;EXCHANGE_LAST;;1;1;XEUR;10804525;689;
06.11.2024;11:23:03.979;FGBM SI 20241206 PS;SIMPLE_INSTRUMENT;EFS;EUR;52;118.52000000;1398;EXCHANGE_LAST;;1;1;XEUR;10804525;689;
06.11.2024;11:32:35.527;FGBM SI 20241206 PS;SIMPLE_INSTRUMENT;EFS;EUR;53;118.40000000;213;EXCHANGE_LAST;;1;1;XEUR;10804525;689;
06.11.2024;11:42:35.113;FGBM SI 20241206 PS;SIMPLE_INSTRUMENT;EFS;EUR;54;118.42000000;467;EXCHANGE_LAST;;1;1;XEUR;10804525;689;
06.11.2024;11:46:34.987;FGBM SI 20241206 PS;SIMPLE_INSTRUMENT;EFS;EUR;55;118.35000000;1401;EXCHANGE_LAST;;1;1;XEUR;10804525;689;
06.11.2024;11:48:06.051;FGBM SI 20241206 PS;SIMPLE_INSTRUMENT;EFS;EUR;56;118.35000000;1400;EXCHANGE_LAST;;1;1;XEUR;10804525;689;
06.11.2024;11:51:52.703;FGBM SI 20241206 PS;SIMPLE_INSTRUMENT;EFP_FIN;EUR;57;118.41000000;421;EXCHANGE_LAST;;1;1;XEUR;10804525;689;
06.11.2024;12:15:38.995;FGBM SI 20241206 PS;SIMPLE_INSTRUMENT;EFS;EUR;58;118.35000000;861;EXCHANGE_LAST;;1;1;XEUR;10804525;689;
06.11.2024;12:10:50.725;FGBM SI 20241206 PS;SIMPLE_INSTRUMENT;EFS;EUR;59;118.35000000;861;EXCHANGE_LAST;;1;1;XEUR;10804525;689;
06.11.2024;12:15:05.721;FGBM SI 20241206 PS;SIMPLE_INSTRUMENT;EFS;EUR;60;118.35000000;861;EXCHANGE_LAST;;1;1;XEUR;10804525;689;
06.11.2024;12:13:06.850;FGBM SI 20241206 PS;SIMPLE_INSTRUMENT;EFS;EUR;61;118.35000000;861;EXCHANGE_LAST;;1;1;XEUR;10804525;689;
06.11.2024;12:16:12.821;FGBM SI 20241206 PS;SIMPLE_INSTRUMENT;EFS;EUR;62;118.33000000;282;EXCHANGE_LAST;;1;1;XEUR;10804525;689;
06.11.2024;12:18:14.553;FGBM SI 20241206 PS;SIMPLE_INSTRUMENT;EFS;EUR;63;118.35000000;1868;EXCHANGE_LAST;;1;1;XEUR;10804525;689;
06.11.2024;12:37:08.875;FGBM SI 20241206 PS;SIMPLE_INSTRUMENT;BLOCK;EUR;64;118.29000000;3000;EXCHANGE_LAST;;1;1;XEUR;10804525;689;
06.11.2024;12:32:37.031;FGBM SI 20241206 PS;SIMPLE_INSTRUMENT;EFS;EUR;65;118.27000000;862;EXCHANGE_LAST;;1;1;XEUR;10804525;689;
06.11.2024;12:39:31.315;FGBM SI 20241206 PS;SIMPLE_INSTRUMENT;EFS;EUR;66;118.27000000;862;EXCHANGE_LAST;;1;1;XEUR;10804525;689;
06.11.2024;12:39:16.386;FGBM SI 20241206 PS;SIMPLE_INSTRUMENT;EFS;EUR;67;118.27000000;862;EXCHANGE_LAST;;1;1;XEUR;10804525;689;
06.11.2024;12:36:07.968;FGBM SI 20241206 PS;SIMPLE_INSTRUMENT;EFS;EUR;68;118.27000000;862;EXCHANGE_LAST;;1;1;XEUR;10804525;689;
06.11.2024;12:40:13.476;FGBM SI 20241206 PS;SIMPLE_INSTRUMENT;EFS;EUR;69;118.38000000;816;EXCHANGE_LAST;;1;1;XEUR;10804525;689;
06.11.2024;13:03:27.371;FGBM SI 20241206 PS;SIMPLE_INSTRUMENT;EFS;EUR;70;118.28000000;862;EXCHANGE_LAST;;1;1;XEUR;10804525;689;
06.11.2024;13:04:25.941;FGBM SI 20241206 PS;SIMPLE_INSTRUMENT;EFS;EUR;71;118.31000000;863;EXCHANGE_LAST;;1;1;XEUR;10804525;689;
06.11.2024;13:06:13.236;FGBM SI 20241206 PS;SIMPLE_INSTRUMENT;EFS;EUR;72;118.31000000;862;EXCHANGE_LAST;;1;1;XEUR;10804525;689;
06.11.2024;13:07:38.303;FGBM SI 20241206 PS;SIMPLE_INSTRUMENT;EFP_FIN;EUR;73;118.27000000;348;EXCHANGE_LAST;;1;1;XEUR;10804525;689;
06.11.2024;13:17:23.269;FGBM SI 20241206 PS;SIMPLE_INSTRUMENT;EFS;EUR;74;118.35000000;866;EXCHANGE_LAST;;1;1;XEUR;10804525;689;
06.11.2024;13:20:44.564;FGBM SI 20241206 PS;SIMPLE_INSTRUMENT;EFS;EUR;75;118.36000000;861;EXCHANGE_LAST;;1;1;XEUR;10804525;689;
06.11.2024;13:25:28.199;FGBM SI 20241206 PS;SIMPLE_INSTRUMENT;EFS;EUR;76;118.37000000;863;EXCHANGE_LAST;;1;1;XEUR;10804525;689;
06.11.2024;13:27:13.297;FGBM SI 20241206 PS;SIMPLE_INSTRUMENT;EFS;EUR;77;118.37000000;862;EXCHANGE_LAST;;1;1;XEUR;10804525;689;
06.11.2024;13:29:00.559;FGBM SI 20241206 PS;SIMPLE_INSTRUMENT;EFS;EUR;78;118.38000000;933;EXCHANGE_LAST;;1;1;XEUR;10804525;689;
06.11.2024;13:33:23.769;FGBM SI 20241206 PS;SIMPLE_INSTRUMENT;EFS;EUR;79;118.33000000;1723;EXCHANGE_LAST;;1;1;XEUR;10804525;689;
06.11.2024;13:34:54.036;FGBM SI 20241206 PS;SIMPLE_INSTRUMENT;EFS;EUR;80;118.33000000;861;EXCHANGE_LAST;;1;1;XEUR;10804525;689;
06.11.2024;13:35:57.159;FGBM SI 20241206 PS;SIMPLE_INSTRUMENT;EFS;EUR;81;118.32000000;345;EXCHANGE_LAST;;1;1;XEUR;10804525;689;
06.11.2024;13:39:24.391;FGBM SI 20241206 PS;SIMPLE_INSTRUMENT;EFS;EUR;82;118.35000000;870;EXCHANGE_LAST;;1;1;XEUR;10804525;689;
06.11.2024;13:44:55.941;FGBM SI 20241206 PS;SIMPLE_INSTRUMENT;EFS;EUR;83;118.46000000;435;EXCHANGE_LAST;;1;1;XEUR;10804525;689;
06.11.2024;13:45:37.145;FGBM SI 20241206 PS;SIMPLE_INSTRUMENT;EFS;EUR;84;118.34000000;861;EXCHANGE_LAST;;1;1;XEUR;10804525;689;
06.11.2024;14:11:05.430;FGBM SI 20241206 PS;SIMPLE_INSTRUMENT;EFS;EUR;85;118.29000000;431;EXCHANGE_LAST;;1;1;XEUR;10804525;689;
06.11.2024;14:16:13.407;FGBM SI 20241206 PS;SIMPLE_INSTRUMENT;EFS;EUR;86;118.26000000;187;EXCHANGE_LAST;;1;1;XEUR;10804525;689;
06.11.2024;14:43:14.157;FGBM SI 20241206 PS;SIMPLE_INSTRUMENT;EFS;EUR;87;118.29000000;1122;EXCHANGE_LAST;;1;1;XEUR;10804525;689;
06.11.2024;14:57:11.521;FGBM SI 20241206 PS;SIMPLE_INSTRUMENT;EFS;EUR;88;118.24000000;155;EXCHANGE_LAST;;1;1;XEUR;10804525;689;
06.11.2024;15:05:31.299;FGBM SI 20241206 PS;SIMPLE_INSTRUMENT;EFS;EUR;89;118.21000000;1747;EXCHANGE_LAST;;1;1;XEUR;10804525;689;
06.11.2024;15:51:11.166;FGBM SI 20241206 PS;SIMPLE_INSTRUMENT;EFS;EUR;90;118.36000000;431;EXCHANGE_LAST;;1;1;XEUR;10804525;689;
06.11.2024;15:57:31.957;FGBM SI 20241206 PS;SIMPLE_INSTRUMENT;EFS;EUR;92;118.36000000;747;EXCHANGE_LAST;;1;1;XEUR;10804525;689;
06.11.2024;16:02:05.459;FGBM SI 20241206 PS;SIMPLE_INSTRUMENT;EFS;EUR;93;118.38000000;467;EXCHANGE_LAST;;1;1;XEUR;10804525;689;
06.11.2024;16:11:25.503;FGBM SI 20241206 PS;SIMPLE_INSTRUMENT;EFP_FIN;EUR;94;118.37000000;215;EXCHANGE_LAST;;1;1;XEUR;10804525;689;
06.11.2024;16:22:30.961;FGBM SI 20241206 PS;SIMPLE_INSTRUMENT;EFS;EUR;95;118.45000000;1120;EXCHANGE_LAST;;1;1;XEUR;10804525;689;
06.11.2024;16:33:17.433;FGBM SI 20241206 PS;SIMPLE_INSTRUMENT;EFP_FIN;EUR;96;118.46000000;918;EXCHANGE_LAST;;1;1;XEUR;10804525;689;
06.11.2024;16:34:44.875;FGBM SI 20241206 PS;SIMPLE_INSTRUMENT;EFP_FIN;EUR;97;118.42000000;540;EXCHANGE_LAST;;1;1;XEUR;10804525;689;
06.11.2024;16:43:35.202;FGBM SI 20241206 PS;SIMPLE_INSTRUMENT;EFS;EUR;98;118.43000000;431;EXCHANGE_LAST;;1;1;XEUR;10804525;689;
06.11.2024;16:45:43.766;FGBM SI 20241206 PS;SIMPLE_INSTRUMENT;EFS;EUR;99;118.43000000;431;EXCHANGE_LAST;;1;1;XEUR;10804525;689;
06.11.2024;16:45:35.196;FGBM SI 20241206 PS;SIMPLE_INSTRUMENT;EFS;EUR;100;118.44000000;109;EXCHANGE_LAST;;1;1;XEUR;10804525;689;
06.11.2024;16:47:48.486;FGBM SI 20241206 PS;SIMPLE_INSTRUMENT;EFS;EUR;101;118.43000000;431;EXCHANGE_LAST;;1;1;XEUR;10804525;689;
06.11.2024;16:49:46.270;FGBM SI 20241206 PS;SIMPLE_INSTRUMENT;EFS;EUR;102;118.41000000;1400;EXCHANGE_LAST;;1;1;XEUR;10804525;689;
06.11.2024;16:50:03.772;FGBM SI 20241206 PS;SIMPLE_INSTRUMENT;EFS;EUR;103;118.43000000;1120;EXCHANGE_LAST;;1;1;XEUR;10804525;689;
06.11.2024;16:57:37.056;FGBM SI 20241206 PS;SIMPLE_INSTRUMENT;EFS;EUR;104;118.44000000;2300;EXCHANGE_LAST;;1;1;XEUR;10804525;689;
06.11.2024;17:05:03.235;FGBM SI 20241206 PS;SIMPLE_INSTRUMENT;EFS;EUR;105;118.42000000;2800;EXCHANGE_LAST;;1;1;XEUR;10804525;689;
06.11.2024;07:33:46.571;FGBS SI 20241206 PS;SIMPLE_INSTRUMENT;EFS;EUR;1;106.68000000;2534;EXCHANGE_LAST;;1;1;XEUR;10804527;690;
06.11.2024;07:47:43.610;FGBS SI 20241206 PS;SIMPLE_INSTRUMENT;EFS;EUR;2;106.71000000;1089;EXCHANGE_LAST;;1;1;XEUR;10804527;690;
06.11.2024;08:09:54.497;FGBS SI 20241206 PS;SIMPLE_INSTRUMENT;EFS;EUR;3;106.70000000;2533;EXCHANGE_LAST;;1;1;XEUR;10804527;690;
06.11.2024;08:25:30.759;FGBS SI 20241206 PS;SIMPLE_INSTRUMENT;EFS;EUR;4;106.70000000;2724;EXCHANGE_LAST;;1;1;XEUR;10804527;690;
06.11.2024;08:27:48.727;FGBS SI 20241206 PS;SIMPLE_INSTRUMENT;EFS;EUR;5;106.68000000;2535;EXCHANGE_LAST;;1;1;XEUR;10804527;690;
06.11.2024;08:28:40.391;FGBS SI 20241206 PS;SIMPLE_INSTRUMENT;BLOCK;EUR;6;106.70500000;15052;EXCHANGE_LAST;;1;1;XEUR;10804527;690;
06.11.2024;08:29:50.662;FGBS SI 20241206 PS;SIMPLE_INSTRUMENT;EFS;EUR;7;106.69500000;1268;EXCHANGE_LAST;;1;1;XEUR;10804527;690;
06.11.2024;08:31:09.947;FGBS SI 20241206 PS;SIMPLE_INSTRUMENT;EFS;EUR;8;106.70000000;2724;EXCHANGE_LAST;;1;1;XEUR;10804527;690;
06.11.2024;08:31:20.694;FGBS SI 20241206 PS;SIMPLE_INSTRUMENT;EFS;EUR;9;106.67500000;2537;EXCHANGE_LAST;;1;1;XEUR;10804527;690;
06.11.2024;08:33:08.967;FGBS SI 20241206 PS;SIMPLE_INSTRUMENT;EFP_FIN;EUR;10;106.70000000;3339;EXCHANGE_LAST;;1;1;XEUR;10804527;690;
06.11.2024;09:13:59.801;FGBS SI 20241206 PS;SIMPLE_INSTRUMENT;EFS;EUR;11;106.69000000;2724;EXCHANGE_LAST;;1;1;XEUR;10804527;690;
06.11.2024;09:14:17.583;FGBS SI 20241206 PS;SIMPLE_INSTRUMENT;EFS;EUR;12;106.67000000;2725;EXCHANGE_LAST;;1;1;XEUR;10804527;690;
06.11.2024;09:16:09.721;FGBS SI 20241206 PS;SIMPLE_INSTRUMENT;EFS;EUR;13;106.66000000;1199;EXCHANGE_LAST;;1;1;XEUR;10804527;690;
06.11.2024;09:29:06.537;FGBS SI 20241206 PS;SIMPLE_INSTRUMENT;EFS;EUR;14;106.67000000;2725;EXCHANGE_LAST;;1;1;XEUR;10804527;690;
06.11.2024;10:18:59.242;FGBS SI 20241206 PS;SIMPLE_INSTRUMENT;EFS;EUR;15;106.70000000;5000;EXCHANGE_LAST;;1;1;XEUR;10804527;690;
06.11.2024;10:23:29.994;FGBS SI 20241206 PS;SIMPLE_INSTRUMENT;EFP_FIN;EUR;16;106.68000000;376;EXCHANGE_LAST;;1;1;XEUR;10804527;690;
06.11.2024;10:47:01.497;FGBS SI 20241206 PS;SIMPLE_INSTRUMENT;EFS;EUR;17;106.69500000;5448;EXCHANGE_LAST;;1;1;XEUR;10804527;690;
06.11.2024;10:49:47.426;FGBS SI 20241206 PS;SIMPLE_INSTRUMENT;EFS;EUR;18;106.68000000;1362;EXCHANGE_LAST;;1;1;XEUR;10804527;690;
06.11.2024;10:53:18.107;FGBS SI 20241206 PS;SIMPLE_INSTRUMENT;EFS;EUR;19;106.70000000;819;EXCHANGE_LAST;;1;1;XEUR;10804527;690;
06.11.2024;11:04:13.929;FGBS SI 20241206 PS;SIMPLE_INSTRUMENT;EFS;EUR;20;106.71000000;2723;EXCHANGE_LAST;;1;1;XEUR;10804527;690;
06.11.2024;11:13:45.973;FGBS SI 20241206 PS;SIMPLE_INSTRUMENT;EFS;EUR;21;106.69000000;2724;EXCHANGE_LAST;;1;1;XEUR;10804527;690;
06.11.2024;11:14:57.326;FGBS SI 20241206 PS;SIMPLE_INSTRUMENT;EFS;EUR;22;106.75000000;1500;EXCHANGE_LAST;;1;1;XEUR;10804527;690;
06.11.2024;11:21:41.974;FGBS SI 20241206 PS;SIMPLE_INSTRUMENT;EFS;EUR;23;106.74000000;4083;EXCHANGE_LAST;;1;1;XEUR;10804527;690;
06.11.2024;11:23:21.603;FGBS SI 20241206 PS;SIMPLE_INSTRUMENT;EFS;EUR;24;106.73500000;2723;EXCHANGE_LAST;;1;1;XEUR;10804527;690;
06.11.2024;11:31:12.838;FGBS SI 20241206 PS;SIMPLE_INSTRUMENT;EFS;EUR;25;106.74500000;544;EXCHANGE_LAST;;1;1;XEUR;10804527;690;
06.11.2024;11:50:17.059;FGBS SI 20241206 PS;SIMPLE_INSTRUMENT;EFP_FIN;EUR;26;106.75500000;632;EXCHANGE_LAST;;1;1;XEUR;10804527;690;
06.11.2024;12:18:40.151;FGBS SI 20241206 PS;SIMPLE_INSTRUMENT;EFS;EUR;27;106.70500000;5447;EXCHANGE_LAST;;1;1;XEUR;10804527;690;
06.11.2024;12:38:40.627;FGBS SI 20241206 PS;SIMPLE_INSTRUMENT;EFS;EUR;28;106.67500000;763;EXCHANGE_LAST;;1;1;XEUR;10804527;690;
06.11.2024;12:45:49.369;FGBS SI 20241206 PS;SIMPLE_INSTRUMENT;EFP_FIN;EUR;29;106.67000000;2547;EXCHANGE_LAST;;1;1;XEUR;10804527;690;
06.11.2024;12:59:56.987;FGBS SI 20241206 PS;SIMPLE_INSTRUMENT;EFS;EUR;30;106.70000000;4086;EXCHANGE_LAST;;1;1;XEUR;10804527;690;
06.11.2024;13:19:29.879;FGBS SI 20241206 PS;SIMPLE_INSTRUMENT;EFS;EUR;31;106.69500000;2724;EXCHANGE_LAST;;1;1;XEUR;10804527;690;
06.11.2024;13:30:11.588;FGBS SI 20241206 PS;SIMPLE_INSTRUMENT;EFP_FIN;EUR;32;106.69000000;1012;EXCHANGE_LAST;;1;1;XEUR;10804527;690;
06.11.2024;13:41:59.460;FGBS SI 20241206 PS;SIMPLE_INSTRUMENT;EFP_FIN;EUR;33;106.69000000;524;EXCHANGE_LAST;;1;1;XEUR;10804527;690;
06.11.2024;13:42:38.305;FGBS SI 20241206 PS;SIMPLE_INSTRUMENT;BLOCK;EUR;34;106.69000000;5021;EXCHANGE_LAST;;1;1;XEUR;10804527;690;
06.11.2024;14:33:13.525;FGBS SI 20241206 PS;SIMPLE_INSTRUMENT;EFP_FIN;EUR;35;106.65500000;688;EXCHANGE_LAST;;1;1;XEUR;10804527;690;
06.11.2024;14:53:32.438;FGBS SI 20241206 PS;SIMPLE_INSTRUMENT;EFP_FIN;EUR;36;106.67000000;525;EXCHANGE_LAST;;1;1;XEUR;10804527;690;
06.11.2024;14:55:24.072;FGBS SI 20241206 PS;SIMPLE_INSTRUMENT;EFS;EUR;37;106.65000000;390;EXCHANGE_LAST;;1;1;XEUR;10804527;690;
06.11.2024;15:04:04.386;FGBS SI 20241206 PS;SIMPLE_INSTRUMENT;EFS;EUR;38;106.65000000;2546;EXCHANGE_LAST;;1;1;XEUR;10804527;690;
06.11.2024;15:13:55.266;FGBS SI 20241206 PS;SIMPLE_INSTRUMENT;EFP_FIN;EUR;39;106.68500000;208;EXCHANGE_LAST;;1;1;XEUR;10804527;690;
06.11.2024;15:20:41.298;FGBS SI 20241206 PS;SIMPLE_INSTRUMENT;EFS;EUR;40;106.68500000;4087;EXCHANGE_LAST;;1;1;XEUR;10804527;690;
06.11.2024;15:25:53.108;FGBS SI 20241206 PS;SIMPLE_INSTRUMENT;BLOCK;EUR;41;106.68500000;4039;EXCHANGE_LAST;;1;1;XEUR;10804527;690;
06.11.2024;15:29:29.098;FGBS SI 20241206 PS;SIMPLE_INSTRUMENT;BLOCK;EUR;42;106.67500000;4039;EXCHANGE_LAST;;1;1;XEUR;10804527;690;
06.11.2024;15:47:23.358;FGBS SI 20241206 PS;SIMPLE_INSTRUMENT;EFP_FIN;EUR;43;106.69000000;473;EXCHANGE_LAST;;1;1;XEUR;10804527;690;
06.11.2024;15:47:40.184;FGBS SI 20241206 PS;SIMPLE_INSTRUMENT;EFS;EUR;44;106.68500000;1530;EXCHANGE_LAST;;1;1;XEUR;10804527;690;
06.11.2024;15:51:45.925;FGBS SI 20241206 PS;SIMPLE_INSTRUMENT;EFS;EUR;45;106.70500000;2723;EXCHANGE_LAST;;1;1;XEUR;10804527;690;
06.11.2024;15:57:31.045;FGBS SI 20241206 PS;SIMPLE_INSTRUMENT;EFS;EUR;46;106.66500000;5451;EXCHANGE_LAST;;1;1;XEUR;10804527;690;
06.11.2024;16:03:43.207;FGBS SI 20241206 PS;SIMPLE_INSTRUMENT;EFP_FIN;EUR;47;106.71000000;416;EXCHANGE_LAST;;1;1;XEUR;10804527;690;
06.11.2024;16:16:16.863;FGBS SI 20241206 PS;SIMPLE_INSTRUMENT;EFP_FIN;EUR;48;106.70500000;208;EXCHANGE_LAST;;1;1;XEUR;10804527;690;
06.11.2024;16:14:42.840;FGBS SI 20241206 PS;SIMPLE_INSTRUMENT;EFS;EUR;49;106.71000000;2536;EXCHANGE_LAST;;1;1;XEUR;10804527;690;
06.11.2024;16:19:12.667;FGBS SI 20241206 PS;SIMPLE_INSTRUMENT;EFS;EUR;50;106.70000000;1500;EXCHANGE_LAST;;1;1;XEUR;10804527;690;
06.11.2024;16:29:23.703;FGBS SI 20241206 PS;SIMPLE_INSTRUMENT;EFP_FIN;EUR;51;106.70000000;236;EXCHANGE_LAST;;1;1;XEUR;10804527;690;
06.11.2024;16:31:38.544;FGBS SI 20241206 PS;SIMPLE_INSTRUMENT;EFS;EUR;52;106.73000000;443;EXCHANGE_LAST;;1;1;XEUR;10804527;690;
06.11.2024;16:32:28.826;FGBS SI 20241206 PS;SIMPLE_INSTRUMENT;EFS;EUR;53;106.71500000;817;EXCHANGE_LAST;;1;1;XEUR;10804527;690;
06.11.2024;16:34:44.875;FGBS SI 20241206 PS;SIMPLE_INSTRUMENT;EFP_FIN;EUR;54;106.71000000;1080;EXCHANGE_LAST;;1;1;XEUR;10804527;690;
06.11.2024;16:51:18.046;FGBS SI 20241206 PS;SIMPLE_INSTRUMENT;EFS;EUR;55;106.72000000;818;EXCHANGE_LAST;;1;1;XEUR;10804527;690;
06.11.2024;07:52:31.422;FGBX SI 20241206 PS;SIMPLE_INSTRUMENT;EFP_FIN;EUR;1;132.08000000;149;EXCHANGE_LAST;;1;1;XEUR;10804526;691;
06.11.2024;07:56:36.710;FGBX SI 20241206 PS;SIMPLE_INSTRUMENT;EFP_FIN;EUR;2;132.42000000;60;EXCHANGE_LAST;;1;1;XEUR;10804526;691;
06.11.2024;08:15:27.393;FGBX SI 20241206 PS;SIMPLE_INSTRUMENT;EFS;EUR;3;132.20000000;85;EXCHANGE_LAST;;1;1;XEUR;10804526;691;
06.11.2024;08:32:39.334;FGBX SI 20241206 PS;SIMPLE_INSTRUMENT;EFS;EUR;4;131.36000000;150;EXCHANGE_LAST;;1;1;XEUR;10804526;691;
06.11.2024;08:33:41.326;FGBX SI 20241206 PS;SIMPLE_INSTRUMENT;EFS;EUR;5;131.80000000;184;EXCHANGE_LAST;;1;1;XEUR;10804526;691;
06.11.2024;09:10:08.302;FGBX SI 20241206 PS;SIMPLE_INSTRUMENT;EFS;EUR;6;131.44000000;369;EXCHANGE_LAST;;1;1;XEUR;10804526;691;
06.11.2024;09:19:10.734;FGBX SI 20241206 PS;SIMPLE_INSTRUMENT;EFS;EUR;7;131.34000000;81;EXCHANGE_LAST;;1;1;XEUR;10804526;691;
06.11.2024;09:30:09.409;FGBX SI 20241206 PS;SIMPLE_INSTRUMENT;EFS;EUR;8;131.06000000;100;EXCHANGE_LAST;;1;1;XEUR;10804526;691;
06.11.2024;10:20:03.836;FGBX SI 20241206 PS;SIMPLE_INSTRUMENT;EFS;EUR;10;131.38000000;276;EXCHANGE_LAST;;1;1;XEUR;10804526;691;
06.11.2024;10:40:12.589;FGBX SI 20241206 PS;SIMPLE_INSTRUMENT;EFS;EUR;11;131.02000000;92;EXCHANGE_LAST;;1;1;XEUR;10804526;691;
06.11.2024;10:48:12.983;FGBX SI 20241206 PS;SIMPLE_INSTRUMENT;EFP_FIN;EUR;12;131.00000000;312;EXCHANGE_LAST;;1;1;XEUR;10804526;691;
06.11.2024;11:07:01.852;FGBX SI 20241206 PS;SIMPLE_INSTRUMENT;EFS;EUR;14;130.98000000;66;EXCHANGE_LAST;;1;1;XEUR;10804526;691;
06.11.2024;12:22:53.030;FGBX SI 20241206 PS;SIMPLE_INSTRUMENT;EFS;EUR;19;130.62000000;93;EXCHANGE_LAST;;1;1;XEUR;10804526;691;
06.11.2024;12:32:39.239;FGBX SI 20241206 PS;SIMPLE_INSTRUMENT;EFP_FIN;EUR;20;130.04000000;187;EXCHANGE_LAST;;1;1;XEUR;10804526;691;
06.11.2024;12:47:00.466;FGBX SI 20241206 PS;SIMPLE_INSTRUMENT;EFP_FIN;EUR;21;130.24000000;93;EXCHANGE_LAST;;1;1;XEUR;10804526;691;
06.11.2024;12:48:50.021;FGBX SI 20241206 PS;SIMPLE_INSTRUMENT;EFP_FIN;EUR;22;130.44000000;100;EXCHANGE_LAST;;1;1;XEUR;10804526;691;
06.11.2024;12:56:39.472;FGBX SI 20241206 PS;SIMPLE_INSTRUMENT;EFS;EUR;23;130.94000000;100;EXCHANGE_LAST;;1;1;XEUR;10804526;691;
06.11.2024;12:58:31.670;FGBX SI 20241206 PS;SIMPLE_INSTRUMENT;BLOCK;EUR;24;130.48000000;174;EXCHANGE_LAST;;1;1;XEUR;10804526;691;
06.11.2024;13:02:26.978;FGBX SI 20241206 PS;SIMPLE_INSTRUMENT;EFS;EUR;25;130.50000000;288;EXCHANGE_LAST;;1;1;XEUR;10804526;691;
06.11.2024;13:21:03.400;FGBX SI 20241206 PS;SIMPLE_INSTRUMENT;EFS;EUR;26;130.48000000;276;EXCHANGE_LAST;;1;1;XEUR;10804526;691;
06.11.2024;13:59:12.026;FGBX SI 20241206 PS;SIMPLE_INSTRUMENT;BLOCK;EUR;27;130.78000000;271;EXCHANGE_LAST;;1;1;XEUR;10804526;691;
06.11.2024;14:46:35.169;FGBX SI 20241206 PS;SIMPLE_INSTRUMENT;EFS;EUR;28;130.46000000;100;EXCHANGE_LAST;;1;1;XEUR;10804526;691;
06.11.2024;14:48:34.534;FGBX SI 20241206 PS;SIMPLE_INSTRUMENT;EFS;EUR;29;130.36000000;45;EXCHANGE_LAST;;1;1;XEUR;10804526;691;
06.11.2024;14:58:00.447;FGBX SI 20241206 PS;SIMPLE_INSTRUMENT;EFP_FIN;EUR;31;130.42000000;138;EXCHANGE_LAST;;1;1;XEUR;10804526;691;
06.11.2024;15:46:33.620;FGBX SI 20241206 PS;SIMPLE_INSTRUMENT;EFS;EUR;33;130.98000000;30;EXCHANGE_LAST;;1;1;XEUR;10804526;691;
06.11.2024;16:56:04.150;FGBX SI 20241206 PS;SIMPLE_INSTRUMENT;EFS;EUR;35;130.96000000;288;EXCHANGE_LAST;;1;1;XEUR;10804526;691;
06.11.2024;17:21:53.870;FGBX SI 20241206 PS;SIMPLE_INSTRUMENT;EFP_FIN;EUR;36;130.26000000;165;EXCHANGE_LAST;;1;1;XEUR;10804526;691;
06.11.2024;12:35:18.745;FIA5 SI 20241219 PS AM P 13.00 0;SIMPLE_INSTRUMENT;BLOCK;EUR;6;0.70000000;300;EXCHANGE_LAST;;1;1;XEUR;10375983;48227;
06.11.2024;13:37:22.840;FIA5 SI 20241219 PS AM P 19.00 0;SIMPLE_INSTRUMENT;BLOCK;EUR;8;6.05000000;500;EXCHANGE_LAST;;1;1;XEUR;10385020;48227;
06.11.2024;07:05:05.579;FMAE SI 20241220 CS;SIMPLE_INSTRUMENT;BLOCK;EUR;17;394.75100000;1431;EXCHANGE_LAST;;1;1;XEUR;7193451;48921;
06.11.2024;06:59:08.604;FMAP SI 20241220 CS;SIMPLE_INSTRUMENT;BLOCK;USD;16;354.41000000;119;EXCHANGE_LAST;;1;1;XEUR;7193397;48141;
06.11.2024;00:20:33.858;FMCH SI 20241220 CS;SIMPLE_INSTRUMENT;BLOCK;USD;1;542.96100000;1200;EXCHANGE_LAST;;1;1;XEUR;7196792;402909;
06.11.2024;06:00:55.041;FMCH SI 20241220 CS;SIMPLE_INSTRUMENT;BLOCK;USD;8;542.96100000;474;EXCHANGE_LAST;;1;1;XEUR;7196792;402909;
06.11.2024;06:04:25.985;FMCH SI 20241220 CS;SIMPLE_INSTRUMENT;BLOCK;USD;9;542.88400000;2248;EXCHANGE_LAST;;1;1;XEUR;7196792;402909;
06.11.2024;06:06:02.047;FMCH SI 20241220 CS;SIMPLE_INSTRUMENT;BLOCK;USD;10;542.96100000;574;EXCHANGE_LAST;;1;1;XEUR;7196792;402909;
06.11.2024;13:00:56.957;FMCP SI 20241220 CS;SIMPLE_INSTRUMENT;BLOCK;EUR;56;538.60000000;934;EXCHANGE_LAST;;1;1;XEUR;10838961;662;
06.11.2024;16:44:05.443;FMCP SI 20241220 CS;SIMPLE_INSTRUMENT;EFP_IDX;EUR;88;532.30000000;256;EXCHANGE_LAST;;1;1;XEUR;10838961;662;
06.11.2024;16:44:15.597;FMCP SI 20241220 CS;SIMPLE_INSTRUMENT;EFP_IDX;EUR;89;532.40000000;109;EXCHANGE_LAST;;1;1;XEUR;10838961;662;
06.11.2024;16:46:00.116;FMCP SI 20241220 CS;SIMPLE_INSTRUMENT;EFP_IDX;EUR;93;532.30000000;74;EXCHANGE_LAST;;1;1;XEUR;10838961;662;
06.11.2024;16:46:08.513;FMCP SI 20241220 CS;SIMPLE_INSTRUMENT;EFP_IDX;EUR;95;532.40000000;32;EXCHANGE_LAST;;1;1;XEUR;10838961;662;
06.11.2024;02:09:05.030;FMEA SI 20241220 CS;SIMPLE_INSTRUMENT;BLOCK;USD;4;728.23800000;97;EXCHANGE_LAST;;1;1;XEUR;7191938;12395;
06.11.2024;17:04:22.821;FMEA SI 20241220 CS;SIMPLE_INSTRUMENT;BLOCK;USD;60;717.00000000;700;EXCHANGE_LAST;;1;1;XEUR;7191938;12395;
06.11.2024;17:04:35.709;FMEA SI 20250321 CS;SIMPLE_INSTRUMENT;BLOCK;USD;61;726.32100000;691;EXCHANGE_LAST;;1;1;XEUR;7589834;12395;
06.11.2024;17:05:47.069;FMEA SI 20241220 CS;SIMPLE_INSTRUMENT;BLOCK;USD;62;717.00000000;2790;EXCHANGE_LAST;;1;1;XEUR;7191938;12395;
06.11.2024;17:05:50.534;FMEA SI 20250321 CS;SIMPLE_INSTRUMENT;BLOCK;USD;63;726.32100000;2754;EXCHANGE_LAST;;1;1;XEUR;7589834;12395;
06.11.2024;08:11:32.135;FMED SI 20241220 CS;SIMPLE_INSTRUMENT;BLOCK;USD;26;9685.15000000;1040;EXCHANGE_LAST;;1;1;XEUR;7193401;48144;
06.11.2024;09:20:41.577;FMEF SI 20241220 CS;SIMPLE_INSTRUMENT;VOLA;USD;603979784;1140.00000000;353;EXCHANGE_LAST;;1;1;XEUR;7192304;30657;
