#Date;TrdTime;Contract;ContractType;TrdTyp;Currency;TesId;Prc;Qty;TrdInd;Aggressor;Buy;Sell;Exch;InstrumentId;RelatedProdId;PrcDecomp
02.01.2025;12:03:54.217;ALV SI 20250321 PS AM P 250.00 0;SIMPLE_INSTRUMENT;BLOCK;EUR;1;1.16000000;394;EXCHANGE_LAST;;1;1;XEUR;10932440;74;
02.01.2025;13:42:16.723;BAS SI 20251219 PS AM C 49.00 0;SIMPLE_INSTRUMENT;BLOCK;EUR;1;1.50000000;650;EXCHANGE_LAST;;1;1;XEUR;7509826;150;
02.01.2025;14:24:12.919;BAS SI 20251219 PS AM C 49.00 0;SIMPLE_INSTRUMENT;BLOCK;EUR;3;1.50000000;1100;EXCHANGE_LAST;;1;1;XEUR;7509826;150;
02.01.2025;15:53:06.771;BAS SI 20250117 PS AM C 44.00 0;SIMPLE_INSTRUMENT;BLOCK;EUR;4;0.27000000;1000;EXCHANGE_LAST;;1;1;XEUR;12068772;150;
02.01.2025;14:02:09.795;BAY SI 20250117 PS AM P 18.40 0;SIMPLE_INSTRUMENT;BLOCK;EUR;2;0.21000000;1600;EXCHANGE_LAST;;1;1;XEUR;12200211;168;
02.01.2025;08:38:18.397;BMW SI 20251219 PS AM P 76.00 0;SIMPLE_INSTRUMENT;BLOCK;EUR;1;7.68000000;3000;EXCHANGE_LAST;;1;1;XEUR;5923232;210;
02.01.2025;08:39:03.919;BMW SI 20251219 PS AM P 72.00 0;SIMPLE_INSTRUMENT;BLOCK;EUR;2;5.84000000;3750;EXCHANGE_LAST;;1;1;XEUR;11992512;210;
02.01.2025;10:16:42.791;BMW.O.250102.COMBO.000007;STANDARD_OPTION_STRATEGY;BLOCK;EUR;3;1.45000000;400;EXCHANGE_LAST;;1;1;XEUR;72058495981108972;210;
02.01.2025;10:16:42.791;BMW SI 20261218 PS AM P 68.00 0;SIMPLE_INSTRUMENT;BLOCK;EUR;3;7.94000000;400;PRC_DECOMP_EXCHANGE;;;;XEUR;7154238;210;EXCHANGE
02.01.2025;10:16:42.791;BMW SI 20261218 PS AM C 84.00 0;SIMPLE_INSTRUMENT;BLOCK;EUR;3;6.49000000;400;PRC_DECOMP_EXCHANGE;;;;XEUR;7154227;210;EXCHANGE
02.01.2025;11:25:26.415;BMW SI 20250221 PS AM P 73.00 0;SIMPLE_INSTRUMENT;BLOCK;EUR;4;1.85000000;750;EXCHANGE_LAST;;1;1;XEUR;12240009;210;
02.01.2025;11:54:44.483;BMW SI 20250117 PS AM C 80.00 0;SIMPLE_INSTRUMENT;BLOCK;EUR;5;0.72000000;1364;EXCHANGE_LAST;;1;1;XEUR;12070100;210;
02.01.2025;16:32:28.878;BNP SI 20250919 PS AM P 50.00 0;SIMPLE_INSTRUMENT;BLOCK;EUR;28;2.42000000;2000;EXCHANGE_LAST;;1;1;XEUR;11875199;237;
02.01.2025;16:39:59.857;BNP SI 20250919 PS AM P 50.00 0;SIMPLE_INSTRUMENT;BLOCK;EUR;29;2.42000000;1000;EXCHANGE_LAST;;1;1;XEUR;11875199;237;
02.01.2025;10:05:17.057;BYG SI 20261218 PS AM C 32.00 0;SIMPLE_INSTRUMENT;BLOCK;EUR;6;1.23000000;500;EXCHANGE_LAST;;1;1;XEUR;7155114;280;
02.01.2025;10:05:48.337;BYG SI 20261218 PS AM P 24.00 0;SIMPLE_INSTRUMENT;BLOCK;EUR;7;2.02000000;500;EXCHANGE_LAST;;1;1;XEUR;7155106;280;
02.01.2025;16:13:12.264;BYG.O.250102.STG.000001;STANDARD_OPTION_STRATEGY;BLOCK;EUR;24;3.10000000;3000;EXCHANGE_LAST;;2;1;XEUR;72058796628777085;280;
02.01.2025;16:13:12.264;BYG SI 20251219 PS AM C 32.00 0;SIMPLE_INSTRUMENT;BLOCK;EUR;24;0.72000000;3000;PRC_DECOMP_MEMBER;;;;XEUR;5924171;280;MEMBER
02.01.2025;16:13:12.264;BYG SI 20251219 PS AM P 28.00 0;SIMPLE_INSTRUMENT;BLOCK;EUR;24;2.38000000;3000;PRC_DECOMP_MEMBER;;;;XEUR;5924170;280;MEMBER
02.01.2025;16:28:42.329;BYG.O.250102.STG.000002;STANDARD_OPTION_STRATEGY;BLOCK;EUR;27;5.10000000;4000;EXCHANGE_LAST;;2;3;XEUR;72058796628777086;280;
02.01.2025;16:28:42.329;BYG SI 20261218 PS AM C 32.00 0;SIMPLE_INSTRUMENT;BLOCK;EUR;27;1.40000000;4000;PRC_DECOMP_MEMBER;;;;XEUR;7155114;280;MEMBER
02.01.2025;16:28:42.329;BYG SI 20261218 PS AM P 28.00 0;SIMPLE_INSTRUMENT;BLOCK;EUR;27;3.70000000;4000;PRC_DECOMP_MEMBER;;;;XEUR;7155117;280;MEMBER
02.01.2025;15:09:41.308;CBK SI 20260619 PS AM P 12.00 0;SIMPLE_INSTRUMENT;BLOCK;EUR;7;1.12000000;1250;EXCHANGE_LAST;;1;1;XEUR;9542175;268;
02.01.2025;11:27:00.077;CRI5 SI 20250320 PS AM P 38.00 0;SIMPLE_INSTRUMENT;BLOCK;EUR;5;1.80000000;3750;EXCHANGE_LAST;;1;1;XEUR;10822510;320;
02.01.2025;09:25:16.683;D3AI SI 20251219 CS;SIMPLE_INSTRUMENT;BLOCK;EUR;2;3.95000000;250;EXCHANGE_LAST;;2;2;XEUR;7144062;443197;
02.01.2025;14:54:04.538;DAI SI 20250321 PS AM C 60.00 0;SIMPLE_INSTRUMENT;BLOCK;EUR;7;0.60000000;2000;EXCHANGE_LAST;;1;1;XEUR;10884520;443196;
02.01.2025;13:08:21.227;DB1 SI 20250321 PS AM P 200.00 0;SIMPLE_INSTRUMENT;BLOCK;EUR;3;1.65000000;250;EXCHANGE_LAST;;1;1;XEUR;10835307;361;
02.01.2025;14:54:18.160;DPW SI 20260619 PS AM C 40.00 0;SIMPLE_INSTRUMENT;BLOCK;EUR;6;1.19000000;1400;EXCHANGE_LAST;;1;1;XEUR;9545242;445;
02.01.2025;16:49:29.816;DTE SI 20251219 PS AM P 23.00 0;SIMPLE_INSTRUMENT;BLOCK;EUR;9;0.36000000;7500;EXCHANGE_LAST;;3;1;XEUR;6634984;424;
02.01.2025;16:12:06.388;DTG SI 20250117 PS AM P 36.00 0;SIMPLE_INSTRUMENT;BLOCK;EUR;9;0.58000000;1000;EXCHANGE_LAST;;1;1;XEUR;12107620;455942;
02.01.2025;14:45:47.195;EAD SI 20260619 PS AM P 160.00 0;SIMPLE_INSTRUMENT;BLOCK;EUR;21;19.50000000;300;EXCHANGE_LAST;;1;1;XEUR;11013911;465;
02.01.2025;12:00:12.218;ENR SI 20250321 PS AM C 57.00 0;SIMPLE_INSTRUMENT;BLOCK;EUR;1;2.66000000;465;EXCHANGE_LAST;;1;1;XEUR;12193262;298530;
02.01.2025;13:35:57.281;ENR SI 20251219 PS AM P 34.00 0;SIMPLE_INSTRUMENT;BLOCK;EUR;4;3.19000000;350;EXCHANGE_LAST;;1;1;XEUR;12484045;298530;
02.01.2025;13:36:12.647;ENR SI 20251219 PS AM P 34.00 0;SIMPLE_INSTRUMENT;BLOCK;EUR;5;3.20000000;350;EXCHANGE_LAST;;1;1;XEUR;12484045;298530;
02.01.2025;16:46:34.798;ENT5 SI 20250320 PS AM P 13.40 0;SIMPLE_INSTRUMENT;BLOCK;EUR;13;0.39000000;500;EXCHANGE_LAST;;1;1;XEUR;12421356;497;
02.01.2025;16:47:12.783;ENT5 SI 20250320 PS AM C 13.80 0;SIMPLE_INSTRUMENT;BLOCK;EUR;14;0.36500000;500;EXCHANGE_LAST;;1;1;XEUR;12421359;497;
02.01.2025;09:20:25.165;ENUR SI 20250117 PS AM C 10.20 0;SIMPLE_INSTRUMENT;BLOCK;EUR;3;0.08000000;965;EXCHANGE_LAST;;1;1;XEUR;12440758;498;
02.01.2025;09:20:17.923;ENUR SI 20250117 PS AM C 10.20 0;SIMPLE_INSTRUMENT;BLOCK;EUR;4;0.09000000;8681;EXCHANGE_LAST;;1;1;XEUR;12440758;498;
02.01.2025;12:45:54.064;ENUR SI 20250117 PS AM C 10.40 0;SIMPLE_INSTRUMENT;BLOCK;EUR;6;0.07000000;13828;EXCHANGE_LAST;;1;1;XEUR;12537400;498;
02.01.2025;15:48:08.173;ERG FI 20251219 PS EU C 22.0000 0;FLEXIBLE_INSTRUMENT;BLOCK;EUR;11;1.02500000;80;EXCHANGE_LAST;;1;1;XEUR;1156321778675482624;791688;
02.01.2025;15:47:50.240;ERG FI 20251219 PS EU C 22.0000 0;FLEXIBLE_INSTRUMENT;BLOCK;EUR;12;1.02300000;120;EXCHANGE_LAST;;1;1;XEUR;1156321778675482624;791688;
02.01.2025;07:56:45.262;FBTP SI 20250306 PS;SIMPLE_INSTRUMENT;EFS;EUR;1;119.88000000;280;EXCHANGE_LAST;;1;1;XEUR;11286675;636;
02.01.2025;08:14:48.009;FBTP SI 20250306 PS;SIMPLE_INSTRUMENT;EFP_FIN;EUR;2;119.96000000;1149;EXCHANGE_LAST;;1;1;XEUR;11286675;636;
02.01.2025;08:33:33.441;FBTP SI 20250306 PS;SIMPLE_INSTRUMENT;EFS;EUR;3;120.06000000;848;EXCHANGE_LAST;;1;1;XEUR;11286675;636;
02.01.2025;08:36:29.635;FBTP SI 20250306 PS;SIMPLE_INSTRUMENT;EFP_FIN;EUR;4;120.00000000;287;EXCHANGE_LAST;;1;1;XEUR;11286675;636;
02.01.2025;08:35:27.092;FBTP SI 20250306 PS;SIMPLE_INSTRUMENT;EFP_FIN;EUR;5;119.82000000;1114;EXCHANGE_LAST;;1;1;XEUR;11286675;636;
02.01.2025;09:23:22.150;FBTP SI 20250306 PS;SIMPLE_INSTRUMENT;EFP_FIN;EUR;6;119.91000000;706;EXCHANGE_LAST;;1;1;XEUR;11286675;636;
02.01.2025;09:53:25.190;FBTP SI 20250306 PS;SIMPLE_INSTRUMENT;EFP_FIN;EUR;7;120.03000000;464;EXCHANGE_LAST;;1;1;XEUR;11286675;636;
02.01.2025;09:54:42.414;FBTP SI 20250306 PS;SIMPLE_INSTRUMENT;EFP_FIN;EUR;8;120.01000000;969;EXCHANGE_LAST;;1;1;XEUR;11286675;636;
02.01.2025;10:16:52.835;FBTP SI 20250306 PS;SIMPLE_INSTRUMENT;EFP_FIN;EUR;9;120.01000000;1665;EXCHANGE_LAST;;1;1;XEUR;11286675;636;
02.01.2025;10:43:19.051;FBTP SI 20250306 PS;SIMPLE_INSTRUMENT;EFP_FIN;EUR;10;120.37000000;169;EXCHANGE_LAST;;1;1;XEUR;11286675;636;
02.01.2025;10:51:56.968;FBTP SI 20250306 PS;SIMPLE_INSTRUMENT;EFP_FIN;EUR;11;120.42000000;80;EXCHANGE_LAST;;1;1;XEUR;11286675;636;
02.01.2025;11:00:04.305;FBTP SI 20250306 PS;SIMPLE_INSTRUMENT;EFP_FIN;EUR;12;120.00000000;307;EXCHANGE_LAST;;1;1;XEUR;11286675;636;
02.01.2025;11:04:43.495;FBTP SI 20250306 PS;SIMPLE_INSTRUMENT;EFP_FIN;EUR;13;120.43000000;400;EXCHANGE_LAST;;1;1;XEUR;11286675;636;
02.01.2025;11:26:56.558;FBTP SI 20250306 PS;SIMPLE_INSTRUMENT;EFP_FIN;EUR;14;120.27000000;457;EXCHANGE_LAST;;1;1;XEUR;11286675;636;
02.01.2025;11:31:20.660;FBTP SI 20250306 PS;SIMPLE_INSTRUMENT;EFP_FIN;EUR;15;120.28000000;895;EXCHANGE_LAST;;1;1;XEUR;11286675;636;
02.01.2025;11:50:43.633;FBTP SI 20250306 PS;SIMPLE_INSTRUMENT;EFP_FIN;EUR;16;120.26000000;116;EXCHANGE_LAST;;1;1;XEUR;11286675;636;
02.01.2025;12:17:41.007;FBTP SI 20250306 PS;SIMPLE_INSTRUMENT;EFP_FIN;EUR;17;120.39000000;212;EXCHANGE_LAST;;1;1;XEUR;11286675;636;
02.01.2025;13:10:09.364;FBTP SI 20250306 PS;SIMPLE_INSTRUMENT;EFP_FIN;EUR;18;120.38000000;437;EXCHANGE_LAST;;1;1;XEUR;11286675;636;
02.01.2025;13:13:39.375;FBTP SI 20250306 PS;SIMPLE_INSTRUMENT;EFP_FIN;EUR;19;120.40000000;113;EXCHANGE_LAST;;1;1;XEUR;11286675;636;
02.01.2025;13:17:25.385;FBTP SI 20250306 PS;SIMPLE_INSTRUMENT;EFP_FIN;EUR;20;120.42000000;1358;EXCHANGE_LAST;;1;1;XEUR;11286675;636;
02.01.2025;13:55:35.432;FBTP SI 20250306 PS;SIMPLE_INSTRUMENT;EFP_FIN;EUR;21;120.39000000;895;EXCHANGE_LAST;;1;1;XEUR;11286675;636;
02.01.2025;14:06:37.579;FBTP SI 20250306 PS;SIMPLE_INSTRUMENT;EFP_FIN;EUR;22;120.20000000;232;EXCHANGE_LAST;;1;1;XEUR;11286675;636;
02.01.2025;14:46:19.263;FBTP SI 20250306 PS;SIMPLE_INSTRUMENT;EFP_FIN;EUR;23;120.09000000;680;EXCHANGE_LAST;;1;1;XEUR;11286675;636;
02.01.2025;15:12:56.603;FBTP SI 20250306 PS;SIMPLE_INSTRUMENT;EFP_FIN;EUR;24;120.05000000;574;EXCHANGE_LAST;;1;1;XEUR;11286675;636;
02.01.2025;15:16:05.820;FBTP SI 20250306 PS;SIMPLE_INSTRUMENT;EFP_FIN;EUR;25;120.12000000;179;EXCHANGE_LAST;;1;1;XEUR;11286675;636;
02.01.2025;15:48:17.254;FBTP SI 20250306 PS;SIMPLE_INSTRUMENT;EFP_FIN;EUR;26;120.11000000;806;EXCHANGE_LAST;;1;1;XEUR;11286675;636;
02.01.2025;16:04:10.867;FBTP SI 20250306 PS;SIMPLE_INSTRUMENT;EFP_FIN;EUR;27;120.12000000;149;EXCHANGE_LAST;;1;1;XEUR;11286675;636;
02.01.2025;09:22:08.619;FBTP SI 20250306 PS;SIMPLE_INSTRUMENT;VOLA;EUR;268435465;119.89000000;18;EXCHANGE_LAST;;1;1;XEUR;11286675;636;
02.01.2025;09:41:25.892;FBTP SI 20250306 PS;SIMPLE_INSTRUMENT;VOLA;EUR;268435470;119.95000000;12;EXCHANGE_LAST;;1;1;XEUR;11286675;636;
02.01.2025;11:14:47.224;FBTS SI 20250306 PS;SIMPLE_INSTRUMENT;EFP_FIN;EUR;11;107.55000000;272;EXCHANGE_LAST;;1;1;XEUR;11286677;639;
02.01.2025;15:27:49.268;FBTS SI 20250306 PS;SIMPLE_INSTRUMENT;BLOCK;EUR;16;107.46000000;1467;EXCHANGE_LAST;;1;1;XEUR;11286677;639;
02.01.2025;16:35:45.801;FBTS SI 20250306 PS;SIMPLE_INSTRUMENT;EFP_FIN;EUR;21;107.40000000;454;EXCHANGE_LAST;;1;1;XEUR;11286677;639;
02.01.2025;13:46:08.136;FCBU SI 20250204 CS;SIMPLE_INSTRUMENT;BLOCK;USD;8;0.16024000;200;EXCHANGE_LAST;;1;1;XEUR;10653727;570870;
02.01.2025;09:48:28.850;FCNS SI 20250317 PS;SIMPLE_INSTRUMENT;EFP_IDX;SEK;2;0.97024000;20;EXCHANGE_LAST;;1;1;XEUR;9136391;402911;
02.01.2025;09:48:29.259;FCNS SI 20250317 PS;SIMPLE_INSTRUMENT;EFP_IDX;SEK;3;0.97025000;5;EXCHANGE_LAST;;1;1;XEUR;9136391;402911;
02.01.2025;13:04:39.238;FCNS SI 20250317 PS;SIMPLE_INSTRUMENT;EFP_IDX;SEK;4;0.97055000;412;EXCHANGE_LAST;;1;1;XEUR;9136391;402911;
02.01.2025;13:04:39.672;FCNS SI 20250317 PS;SIMPLE_INSTRUMENT;EFP_IDX;SEK;5;0.97056000;446;EXCHANGE_LAST;;1;1;XEUR;9136391;402911;
02.01.2025;13:15:37.542;FCNS SI 20250317 PS;SIMPLE_INSTRUMENT;EFP_IDX;SEK;6;0.97060000;181;EXCHANGE_LAST;;1;1;XEUR;9136391;402911;
02.01.2025;13:15:37.968;FCNS SI 20250317 PS;SIMPLE_INSTRUMENT;EFP_IDX;SEK;7;0.97061000;106;EXCHANGE_LAST;;1;1;XEUR;9136391;402911;
02.01.2025;08:52:29.732;FCZU SI 20250317 CS;SIMPLE_INSTRUMENT;BLOCK;USD;1;0.05299000;75;EXCHANGE_LAST;;1;1;XEUR;11329546;570872;
02.01.2025;11:55:39.819;FDAX SI 20250321 CS;SIMPLE_INSTRUMENT;EFP_IDX;EUR;1;19994.00000000;200;EXCHANGE_LAST;;1;1;XEUR;7561255;589;
02.01.2025;12:26:07.655;FDAX SI 20250321 CS;SIMPLE_INSTRUMENT;BLOCK;EUR;2;19994.00000000;500;EXCHANGE_LAST;;1;1;XEUR;7561255;589;
02.01.2025;14:37:40.834;FDAX SI 20250321 CS;SIMPLE_INSTRUMENT;EFP_IDX;EUR;3;20095.00000000;150;EXCHANGE_LAST;;1;1;XEUR;7561255;589;
02.01.2025;14:45:36.037;FDAX SI 20250321 CS;SIMPLE_INSTRUMENT;EFP_IDX;EUR;4;20095.00000000;200;EXCHANGE_LAST;;1;1;XEUR;7561255;589;
02.01.2025;15:23:33.444;FDAX SI 20250321 CS;SIMPLE_INSTRUMENT;BLOCK;EUR;5;20108.00000000;300;EXCHANGE_LAST;;1;1;XEUR;7561255;589;
02.01.2025;15:23:34.923;FDAX SI 20250321 CS;SIMPLE_INSTRUMENT;EFP_IDX;EUR;6;20103.00000000;150;EXCHANGE_LAST;;1;1;XEUR;7561255;589;
02.01.2025;16:47:12.274;FDAX SI 20250321 CS;SIMPLE_INSTRUMENT;EFP_IDX;EUR;7;20170.00000000;29;EXCHANGE_LAST;;1;1;XEUR;7561255;589;
02.01.2025;16:47:21.337;FDAX SI 20250321 CS;SIMPLE_INSTRUMENT;EFP_IDX;EUR;8;20171.00000000;6;EXCHANGE_LAST;;1;1;XEUR;7561255;589;
02.01.2025;16:50:05.349;FDAX SI 20250321 CS;SIMPLE_INSTRUMENT;EFP_IDX;EUR;9;20169.00000000;264;EXCHANGE_LAST;;1;1;XEUR;7561255;589;
02.01.2025;16:50:25.970;FDAX SI 20250321 CS;SIMPLE_INSTRUMENT;EFP_IDX;EUR;10;20168.00000000;136;EXCHANGE_LAST;;1;1;XEUR;7561255;589;
02.01.2025;14:12:42.141;FDAX SI 20250321 CS;SIMPLE_INSTRUMENT;VOLA;EUR;671088649;20070.00000000;39;EXCHANGE_LAST;;1;1;XEUR;7561255;589;
02.01.2025;14:13:45.664;FDAX SI 20250321 CS;SIMPLE_INSTRUMENT;VOLA;EUR;671088650;20070.00000000;39;EXCHANGE_LAST;;1;1;XEUR;7561255;589;
02.01.2025;14:15:07.863;FDAX SI 20250321 CS;SIMPLE_INSTRUMENT;VOLA;EUR;671088651;20070.00000000;37;EXCHANGE_LAST;;1;1;XEUR;7561255;589;
02.01.2025;10:35:54.210;FEBD SI 20251219 CS;SIMPLE_INSTRUMENT;BLOCK;EUR;5;10.31000000;500;EXCHANGE_LAST;;1;1;XEUR;5914075;597;
02.01.2025;13:26:00.871;FEBD SI 20251219 CS;SIMPLE_INSTRUMENT;BLOCK;EUR;8;10.32000000;575;EXCHANGE_LAST;;1;1;XEUR;5914075;597;
02.01.2025;13:25:39.695;FEBD SI 20261218 CS;SIMPLE_INSTRUMENT;BLOCK;EUR;9;9.50000000;287;EXCHANGE_LAST;;1;1;XEUR;7158212;597;
02.01.2025;13:25:10.613;FEBD SI 20261218 CS;SIMPLE_INSTRUMENT;BLOCK;EUR;10;9.51000000;288;EXCHANGE_LAST;;1;1;XEUR;7158212;597;
02.01.2025;15:38:57.580;FEBD SI 20261218 CS;SIMPLE_INSTRUMENT;BLOCK;EUR;12;9.54000000;800;EXCHANGE_LAST;;1;1;XEUR;7158212;597;
02.01.2025;15:20:10.930;FECX SI 20250321 CS;SIMPLE_INSTRUMENT;BLOCK;EUR;11;166.16000000;50;EXCHANGE_LAST;;1;1;XEUR;11427948;410158;
02.01.2025;16:03:34.298;FES1 SI 20250321 PS;SIMPLE_INSTRUMENT;BLOCK;EUR;15;17.30000000;400;EXCHANGE_LAST;;1;1;XEUR;11391470;58959;
02.01.2025;08:56:38.798;FESB SI 20250321 CS;SIMPLE_INSTRUMENT;BLOCK;EUR;46;145.30000000;2640;EXCHANGE_LAST;;1;1;XEUR;11359072;605;
02.01.2025;12:11:56.001;FESB SI 20250321 CS;SIMPLE_INSTRUMENT;BLOCK;EUR;48;143.20000000;3060;EXCHANGE_LAST;;1;1;XEUR;11359072;605;
02.01.2025;16:40:44.389;FESB SI 20250321 CS;SIMPLE_INSTRUMENT;BLOCK;EUR;55;145.50000000;10000;EXCHANGE_LAST;;1;1;XEUR;11359072;605;
02.01.2025;12:11:16.928;FESB SI 20250321 CS;SIMPLE_INSTRUMENT;VOLA;EUR;603979784;143.30000000;1020;EXCHANGE_LAST;;1;1;XEUR;11359072;605;
02.01.2025;12:00:52.012;FESR SI 20250321 CS;SIMPLE_INSTRUMENT;BLOCK;EUR;2;897.20000000;300;EXCHANGE_LAST;;1;1;XEUR;11359507;676;
02.01.2025;09:47:09.262;FESX SI 20250321 CS;SIMPLE_INSTRUMENT;BLOCK;EUR;1;4897.00000000;2810;EXCHANGE_LAST;;1;1;XEUR;7793482;675;
02.01.2025;13:09:27.447;FESX SI 20250321 CS;SIMPLE_INSTRUMENT;BLOCK;EUR;2;4890.00000000;2000;EXCHANGE_LAST;;1;1;XEUR;7793482;675;
02.01.2025;13:15:03.656;FESX SI 20250321 CS;SIMPLE_INSTRUMENT;EFP_IDX;EUR;3;4890.00000000;1000;EXCHANGE_LAST;;1;1;XEUR;7793482;675;
02.01.2025;13:22:15.704;FESX SI 20250321 CS;SIMPLE_INSTRUMENT;EFP_IDX;EUR;4;4890.00000000;1000;EXCHANGE_LAST;;1;1;XEUR;7793482;675;
02.01.2025;14:05:59.865;FESX SI 20250321 CS;SIMPLE_INSTRUMENT;EFP_IDX;EUR;5;4902.00000000;1000;EXCHANGE_LAST;;1;1;XEUR;7793482;675;
02.01.2025;15:30:15.521;FESX SI 20250321 CS;SIMPLE_INSTRUMENT;BLOCK;EUR;8;4903.00000000;3581;EXCHANGE_LAST;;1;1;XEUR;7793482;675;
02.01.2025;15:30:20.971;FESX SI 20250321 CS;SIMPLE_INSTRUMENT;BLOCK;EUR;9;4901.00000000;5154;EXCHANGE_LAST;;1;1;XEUR;7793482;675;
02.01.2025;15:26:42.253;FESX SI 20250321 CS;SIMPLE_INSTRUMENT;EFP_IDX;EUR;10;4915.00000000;1000;EXCHANGE_LAST;;1;1;XEUR;7793482;675;
02.01.2025;15:29:38.939;FESX SI 20250321 CS;SIMPLE_INSTRUMENT;BLOCK;EUR;11;4915.00000000;2000;EXCHANGE_LAST;;1;1;XEUR;7793482;675;
02.01.2025;15:30:22.759;FESX SI 20250321 CS;SIMPLE_INSTRUMENT;BLOCK;EUR;12;4915.00000000;2000;EXCHANGE_LAST;;1;1;XEUR;7793482;675;
02.01.2025;15:52:18.060;FESX SI 20250321 CS;SIMPLE_INSTRUMENT;EFP_IDX;EUR;13;4915.00000000;1000;EXCHANGE_LAST;;1;1;XEUR;7793482;675;
02.01.2025;15:52:28.701;FESX SI 20250321 CS;SIMPLE_INSTRUMENT;EFP_IDX;EUR;14;4915.00000000;1000;EXCHANGE_LAST;;1;1;XEUR;7793482;675;
02.01.2025;16:02:06.771;FESX SI 20250321 CS;SIMPLE_INSTRUMENT;BLOCK;EUR;15;4915.00000000;4000;EXCHANGE_LAST;;1;1;XEUR;7793482;675;
02.01.2025;16:40:03.910;FESX SI 20250321 CS;SIMPLE_INSTRUMENT;EFP_IDX;EUR;16;4935.00000000;159;EXCHANGE_LAST;;1;1;XEUR;7793482;675;
02.01.2025;16:39:48.553;FESX SI 20250321 CS;SIMPLE_INSTRUMENT;EFP_IDX;EUR;17;4936.00000000;491;EXCHANGE_LAST;;1;1;XEUR;7793482;675;
02.01.2025;16:52:10.618;FESX SI 20250321 CS;SIMPLE_INSTRUMENT;EFP_IDX;EUR;18;4935.00000000;310;EXCHANGE_LAST;;1;1;XEUR;7793482;675;
02.01.2025;16:51:28.947;FESX SI 20250321 CS;SIMPLE_INSTRUMENT;EFP_IDX;EUR;19;4936.00000000;190;EXCHANGE_LAST;;1;1;XEUR;7793482;675;
02.01.2025;09:26:05.405;FESX SI 20250321 CS;SIMPLE_INSTRUMENT;VOLA;EUR;637534220;4900.00000000;960;EXCHANGE_LAST;;1;1;XEUR;7793482;675;
02.01.2025;10:09:22.342;FESX SI 20250321 CS;SIMPLE_INSTRUMENT;VOLA;EUR;637534243;4888.00000000;240;EXCHANGE_LAST;;1;1;XEUR;7793482;675;
02.01.2025;10:25:21.992;FESX SI 20250321 CS;SIMPLE_INSTRUMENT;VOLA;EUR;637534256;4893.00000000;614;EXCHANGE_LAST;;1;1;XEUR;7793482;675;
02.01.2025;10:46:29.858;FESX SI 20250321 CS;SIMPLE_INSTRUMENT;VOLA;EUR;637534263;4877.00000000;72;EXCHANGE_LAST;;1;1;XEUR;7793482;675;
02.01.2025;12:33:10.225;FESX SI 20250321 CS;SIMPLE_INSTRUMENT;VOLA;EUR;637534273;4893.00000000;710;EXCHANGE_LAST;;1;1;XEUR;7793482;675;
02.01.2025;12:34:23.731;FESX SI 20250321 CS;SIMPLE_INSTRUMENT;VOLA;EUR;637534274;4893.00000000;710;EXCHANGE_LAST;;1;1;XEUR;7793482;675;
02.01.2025;13:02:37.023;FESX SI 20250321 CS;SIMPLE_INSTRUMENT;VOLA;EUR;637534285;4890.00000000;180;EXCHANGE_LAST;;1;1;XEUR;7793482;675;
02.01.2025;13:33:26.412;FESX SI 20250321 CS;SIMPLE_INSTRUMENT;VOLA;EUR;637534290;4905.00000000;700;EXCHANGE_LAST;;1;1;XEUR;7793482;675;
02.01.2025;13:46:52.517;FESX SI 20250321 CS;SIMPLE_INSTRUMENT;VOLA;EUR;637534297;4903.00000000;476;EXCHANGE_LAST;;1;1;XEUR;7793482;675;
02.01.2025;14:53:03.363;FESX SI 20250321 CS;SIMPLE_INSTRUMENT;VOLA;EUR;637534316;4903.00000000;82;EXCHANGE_LAST;;1;1;XEUR;7793482;675;
02.01.2025;16:31:29.776;FESX SI 20250321 CS;SIMPLE_INSTRUMENT;VOLA;EUR;637534347;4930.00000000;360;EXCHANGE_LAST;;1;1;XEUR;7793482;675;
02.01.2025;11:55:28.991;FESY SI 20250321 CS;SIMPLE_INSTRUMENT;BLOCK;EUR;1;1061.30000000;253;EXCHANGE_LAST;;1;1;XEUR;11359411;674;
02.01.2025;08:42:27.378;FEXD SI 20261218 CS;SIMPLE_INSTRUMENT;BLOCK;EUR;1;152.80000000;255;EXCHANGE_LAST;;1;1;XEUR;2163053;693;
02.01.2025;09:45:37.797;FEXD SI 20251219 CS;SIMPLE_INSTRUMENT;BLOCK;EUR;2;158.20000000;250;EXCHANGE_LAST;;1;1;XEUR;1548120;693;
02.01.2025;15:51:54.433;FEXD SI 20271217 CS;SIMPLE_INSTRUMENT;BLOCK;EUR;13;147.90000000;200;EXCHANGE_LAST;;1;1;XEUR;2848338;693;
02.01.2025;15:52:05.413;FEXD SI 20271217 CS;SIMPLE_INSTRUMENT;BLOCK;EUR;14;148.00000000;200;EXCHANGE_LAST;;1;1;XEUR;2848338;693;
02.01.2025;16:30:21.805;FEXD SI 20261218 CS;SIMPLE_INSTRUMENT;BLOCK;EUR;17;153.70000000;150;EXCHANGE_LAST;;1;1;XEUR;2163053;693;
02.01.2025;16:30:44.969;FEXD SI 20271217 CS;SIMPLE_INSTRUMENT;BLOCK;EUR;18;148.00000000;150;EXCHANGE_LAST;;1;1;XEUR;2848338;693;
02.01.2025;10:05:49.153;FEXF SI 20250321 CS;SIMPLE_INSTRUMENT;BLOCK;EUR;3;2638.00000000;250;EXCHANGE_LAST;;1;1;XEUR;11359735;694;
02.01.2025;10:05:38.856;FEXF SI 20250321 CS;SIMPLE_INSTRUMENT;BLOCK;EUR;4;2640.00000000;315;EXCHANGE_LAST;;1;1;XEUR;11359735;694;
02.01.2025;18:57:54.598;FFOX SI 20250321 CS;SIMPLE_INSTRUMENT;BLOCK;EUR;7;4335.60000000;200;EXCHANGE_LAST;;1;1;XEUR;11338030;695;
02.01.2025;08:00:55.166;FGBL SI 20250306 PS;SIMPLE_INSTRUMENT;EFS;EUR;1;133.22000000;450;EXCHANGE_LAST;;1;1;XEUR;11286679;688;
02.01.2025;08:18:22.002;FGBL SI 20250306 PS;SIMPLE_INSTRUMENT;EFP_FIN;EUR;2;133.24000000;215;EXCHANGE_LAST;;1;1;XEUR;11286679;688;
02.01.2025;08:24:28.177;FGBL SI 20250306 PS;SIMPLE_INSTRUMENT;EFS;EUR;3;133.36000000;451;EXCHANGE_LAST;;1;1;XEUR;11286679;688;
02.01.2025;08:25:10.375;FGBL SI 20250306 PS;SIMPLE_INSTRUMENT;EFP_FIN;EUR;4;133.30000000;215;EXCHANGE_LAST;;1;1;XEUR;11286679;688;
02.01.2025;08:26:12.734;FGBL SI 20250306 PS;SIMPLE_INSTRUMENT;EFS;EUR;5;133.39000000;205;EXCHANGE_LAST;;1;1;XEUR;11286679;688;
02.01.2025;08:36:17.635;FGBL SI 20250306 PS;SIMPLE_INSTRUMENT;EFP_FIN;EUR;6;133.36000000;230;EXCHANGE_LAST;;1;1;XEUR;11286679;688;
02.01.2025;08:48:45.079;FGBL SI 20250306 PS;SIMPLE_INSTRUMENT;EFS;EUR;7;133.32000000;234;EXCHANGE_LAST;;1;1;XEUR;11286679;688;
02.01.2025;08:53:51.753;FGBL SI 20250306 PS;SIMPLE_INSTRUMENT;EFS;EUR;8;133.33000000;750;EXCHANGE_LAST;;1;1;XEUR;11286679;688;
02.01.2025;08:55:55.950;FGBL SI 20250306 PS;SIMPLE_INSTRUMENT;EFS;EUR;9;133.32000000;821;EXCHANGE_LAST;;1;1;XEUR;11286679;688;
02.01.2025;09:01:07.431;FGBL SI 20250306 PS;SIMPLE_INSTRUMENT;EFS;EUR;10;133.26000000;300;EXCHANGE_LAST;;1;1;XEUR;11286679;688;
02.01.2025;09:02:18.028;FGBL SI 20250306 PS;SIMPLE_INSTRUMENT;EFS;EUR;11;133.24000000;369;EXCHANGE_LAST;;1;1;XEUR;11286679;688;
02.01.2025;09:02:50.447;FGBL SI 20250306 PS;SIMPLE_INSTRUMENT;EFS;EUR;12;133.25000000;205;EXCHANGE_LAST;;1;1;XEUR;11286679;688;
02.01.2025;09:03:56.062;FGBL SI 20250306 PS;SIMPLE_INSTRUMENT;EFS;EUR;13;133.24000000;410;EXCHANGE_LAST;;1;1;XEUR;11286679;688;
02.01.2025;09:05:10.705;FGBL SI 20250306 PS;SIMPLE_INSTRUMENT;EFS;EUR;14;133.22000000;452;EXCHANGE_LAST;;1;1;XEUR;11286679;688;
02.01.2025;09:09:13.934;FGBL SI 20250306 PS;SIMPLE_INSTRUMENT;EFS;EUR;15;133.23000000;904;EXCHANGE_LAST;;1;1;XEUR;11286679;688;
02.01.2025;09:10:13.817;FGBL SI 20250306 PS;SIMPLE_INSTRUMENT;EFS;EUR;16;133.20000000;451;EXCHANGE_LAST;;1;1;XEUR;11286679;688;
02.01.2025;09:19:00.629;FGBL SI 20250306 PS;SIMPLE_INSTRUMENT;EFS;EUR;17;133.25000000;250;EXCHANGE_LAST;;1;1;XEUR;11286679;688;
02.01.2025;09:26:04.907;FGBL SI 20250306 PS;SIMPLE_INSTRUMENT;EFS;EUR;19;133.22000000;252;EXCHANGE_LAST;;1;1;XEUR;11286679;688;
02.01.2025;09:30:01.104;FGBL SI 20250306 PS;SIMPLE_INSTRUMENT;EFS;EUR;20;133.39000000;134;EXCHANGE_LAST;;1;1;XEUR;11286679;688;
02.01.2025;09:47:57.456;FGBL SI 20250306 PS;SIMPLE_INSTRUMENT;EFS;EUR;21;133.33000000;410;EXCHANGE_LAST;;1;1;XEUR;11286679;688;
02.01.2025;09:49:00.618;FGBL SI 20250306 PS;SIMPLE_INSTRUMENT;EFS;EUR;22;133.33000000;410;EXCHANGE_LAST;;1;1;XEUR;11286679;688;
02.01.2025;09:54:34.953;FGBL SI 20250306 PS;SIMPLE_INSTRUMENT;EFS;EUR;23;133.33000000;452;EXCHANGE_LAST;;1;1;XEUR;11286679;688;
02.01.2025;09:54:37.302;FGBL SI 20250306 PS;SIMPLE_INSTRUMENT;EFP_FIN;EUR;24;133.33000000;178;EXCHANGE_LAST;;1;1;XEUR;11286679;688;
02.01.2025;10:06:18.906;FGBL SI 20250306 PS;SIMPLE_INSTRUMENT;EFS;EUR;26;133.35000000;280;EXCHANGE_LAST;;1;1;XEUR;11286679;688;
02.01.2025;10:09:11.338;FGBL SI 20250306 PS;SIMPLE_INSTRUMENT;EFP_FIN;EUR;27;133.36000000;270;EXCHANGE_LAST;;1;1;XEUR;11286679;688;
02.01.2025;10:11:14.185;FGBL SI 20250306 PS;SIMPLE_INSTRUMENT;EFS;EUR;28;133.22000000;821;EXCHANGE_LAST;;1;1;XEUR;11286679;688;
02.01.2025;10:11:24.194;FGBL SI 20250306 PS;SIMPLE_INSTRUMENT;EFS;EUR;29;133.22000000;411;EXCHANGE_LAST;;1;1;XEUR;11286679;688;
02.01.2025;10:18:23.205;FGBL SI 20250306 PS;SIMPLE_INSTRUMENT;EFP_FIN;EUR;30;133.24000000;229;EXCHANGE_LAST;;1;1;XEUR;11286679;688;
02.01.2025;10:20:00.766;FGBL SI 20250306 PS;SIMPLE_INSTRUMENT;EFS;EUR;31;133.31000000;182;EXCHANGE_LAST;;1;1;XEUR;11286679;688;
02.01.2025;10:20:03.363;FGBL SI 20250306 PS;SIMPLE_INSTRUMENT;EFS;EUR;32;133.35000000;1353;EXCHANGE_LAST;;1;1;XEUR;11286679;688;
02.01.2025;10:22:16.550;FGBL SI 20250306 PS;SIMPLE_INSTRUMENT;EFS;EUR;33;133.34000000;467;EXCHANGE_LAST;;1;1;XEUR;11286679;688;
02.01.2025;10:27:17.808;FGBL SI 20250306 PS;SIMPLE_INSTRUMENT;EFS;EUR;34;133.37000000;410;EXCHANGE_LAST;;1;1;XEUR;11286679;688;
02.01.2025;10:28:22.758;FGBL SI 20250306 PS;SIMPLE_INSTRUMENT;EFS;EUR;35;133.39000000;410;EXCHANGE_LAST;;1;1;XEUR;11286679;688;
02.01.2025;10:28:34.945;FGBL SI 20250306 PS;SIMPLE_INSTRUMENT;EFS;EUR;36;133.33000000;476;EXCHANGE_LAST;;1;1;XEUR;11286679;688;
02.01.2025;10:29:22.530;FGBL SI 20250306 PS;SIMPLE_INSTRUMENT;EFP_FIN;EUR;37;133.32000000;167;EXCHANGE_LAST;;1;1;XEUR;11286679;688;
02.01.2025;10:29:51.818;FGBL SI 20250306 PS;SIMPLE_INSTRUMENT;EFS;EUR;38;133.39000000;205;EXCHANGE_LAST;;1;1;XEUR;11286679;688;
02.01.2025;10:30:20.436;FGBL SI 20250306 PS;SIMPLE_INSTRUMENT;EFS;EUR;39;133.39000000;205;EXCHANGE_LAST;;1;1;XEUR;11286679;688;
02.01.2025;10:32:15.548;FGBL SI 20250306 PS;SIMPLE_INSTRUMENT;EFS;EUR;40;133.44000000;410;EXCHANGE_LAST;;1;1;XEUR;11286679;688;
02.01.2025;10:35:21.347;FGBL SI 20250306 PS;SIMPLE_INSTRUMENT;EFP_FIN;EUR;41;133.46000000;409;EXCHANGE_LAST;;1;1;XEUR;11286679;688;
02.01.2025;10:48:23.250;FGBL SI 20250306 PS;SIMPLE_INSTRUMENT;EFS;EUR;42;133.74000000;153;EXCHANGE_LAST;;1;1;XEUR;11286679;688;
02.01.2025;11:02:07.057;FGBL SI 20250306 PS;SIMPLE_INSTRUMENT;EFS;EUR;43;133.79000000;931;EXCHANGE_LAST;;1;1;XEUR;11286679;688;
02.01.2025;11:02:13.869;FGBL SI 20250306 PS;SIMPLE_INSTRUMENT;EFP_FIN;EUR;44;133.75000000;960;EXCHANGE_LAST;;1;1;XEUR;11286679;688;
02.01.2025;11:15:53.780;FGBL SI 20250306 PS;SIMPLE_INSTRUMENT;EFP_FIN;EUR;45;133.73000000;900;EXCHANGE_LAST;;1;1;XEUR;11286679;688;
02.01.2025;11:19:29.253;FGBL SI 20250306 PS;SIMPLE_INSTRUMENT;EFS;EUR;46;133.62000000;410;EXCHANGE_LAST;;1;1;XEUR;11286679;688;
02.01.2025;11:47:47.481;FGBL SI 20250306 PS;SIMPLE_INSTRUMENT;EFP_FIN;EUR;47;133.64000000;324;EXCHANGE_LAST;;1;1;XEUR;11286679;688;
02.01.2025;11:51:27.327;FGBL SI 20250306 PS;SIMPLE_INSTRUMENT;EFP_FIN;EUR;48;133.65000000;93;EXCHANGE_LAST;;1;1;XEUR;11286679;688;
02.01.2025;12:00:53.679;FGBL SI 20250306 PS;SIMPLE_INSTRUMENT;EFS;EUR;49;133.68000000;373;EXCHANGE_LAST;;1;1;XEUR;11286679;688;
02.01.2025;12:07:34.177;FGBL SI 20250306 PS;SIMPLE_INSTRUMENT;EFS;EUR;50;133.63000000;1353;EXCHANGE_LAST;;1;1;XEUR;11286679;688;
02.01.2025;12:09:42.109;FGBL SI 20250306 PS;SIMPLE_INSTRUMENT;EFS;EUR;51;133.65000000;653;EXCHANGE_LAST;;1;1;XEUR;11286679;688;
02.01.2025;12:31:55.826;FGBL SI 20250306 PS;SIMPLE_INSTRUMENT;EFS;EUR;52;133.68000000;410;EXCHANGE_LAST;;1;1;XEUR;11286679;688;
02.01.2025;12:35:37.261;FGBL SI 20250306 PS;SIMPLE_INSTRUMENT;EFP_FIN;EUR;53;133.73000000;222;EXCHANGE_LAST;;1;1;XEUR;11286679;688;
02.01.2025;12:35:36.867;FGBL SI 20250306 PS;SIMPLE_INSTRUMENT;EFP_FIN;EUR;54;133.69000000;557;EXCHANGE_LAST;;1;1;XEUR;11286679;688;
02.01.2025;12:46:29.244;FGBL SI 20250306 PS;SIMPLE_INSTRUMENT;EFS;EUR;55;133.80000000;409;EXCHANGE_LAST;;1;1;XEUR;11286679;688;
02.01.2025;12:49:43.587;FGBL SI 20250306 PS;SIMPLE_INSTRUMENT;EFS;EUR;56;133.80000000;676;EXCHANGE_LAST;;1;1;XEUR;11286679;688;
02.01.2025;12:56:23.747;FGBL SI 20250306 PS;SIMPLE_INSTRUMENT;EFS;EUR;57;133.78000000;409;EXCHANGE_LAST;;1;1;XEUR;11286679;688;
02.01.2025;12:57:37.976;FGBL SI 20250306 PS;SIMPLE_INSTRUMENT;EFS;EUR;58;133.80000000;409;EXCHANGE_LAST;;1;1;XEUR;11286679;688;
02.01.2025;13:00:13.257;FGBL SI 20250306 PS;SIMPLE_INSTRUMENT;EFS;EUR;59;133.68000000;410;EXCHANGE_LAST;;1;1;XEUR;11286679;688;
02.01.2025;13:16:08.879;FGBL SI 20250306 PS;SIMPLE_INSTRUMENT;EFP_FIN;EUR;60;133.81000000;697;EXCHANGE_LAST;;1;1;XEUR;11286679;688;
02.01.2025;13:18:03.523;FGBL SI 20250306 PS;SIMPLE_INSTRUMENT;EFS;EUR;61;133.76000000;542;EXCHANGE_LAST;;1;1;XEUR;11286679;688;
02.01.2025;13:35:34.710;FGBL SI 20250306 PS;SIMPLE_INSTRUMENT;EFS;EUR;62;133.61000000;205;EXCHANGE_LAST;;1;1;XEUR;11286679;688;
02.01.2025;13:36:07.497;FGBL SI 20250306 PS;SIMPLE_INSTRUMENT;EFS;EUR;63;133.61000000;205;EXCHANGE_LAST;;1;1;XEUR;11286679;688;
02.01.2025;13:50:56.750;FGBL SI 20250306 PS;SIMPLE_INSTRUMENT;EFS;EUR;64;133.70000000;1806;EXCHANGE_LAST;;1;1;XEUR;11286679;688;
02.01.2025;13:55:35.893;FGBL SI 20250306 PS;SIMPLE_INSTRUMENT;EFS;EUR;65;133.57000000;410;EXCHANGE_LAST;;1;1;XEUR;11286679;688;
02.01.2025;14:16:52.517;FGBL SI 20250306 PS;SIMPLE_INSTRUMENT;EFS;EUR;66;133.54000000;400;EXCHANGE_LAST;;1;1;XEUR;11286679;688;
02.01.2025;14:24:21.583;FGBL SI 20250306 PS;SIMPLE_INSTRUMENT;EFS;EUR;67;133.62000000;233;EXCHANGE_LAST;;1;1;XEUR;11286679;688;
02.01.2025;14:26:19.030;FGBL SI 20250306 PS;SIMPLE_INSTRUMENT;EFS;EUR;68;133.47000000;409;EXCHANGE_LAST;;1;1;XEUR;11286679;688;
02.01.2025;14:27:01.799;FGBL SI 20250306 PS;SIMPLE_INSTRUMENT;BLOCK;EUR;69;133.50000000;2169;EXCHANGE_LAST;;1;1;XEUR;11286679;688;
02.01.2025;14:39:19.260;FGBL SI 20250306 PS;SIMPLE_INSTRUMENT;EFS;EUR;70;133.52000000;205;EXCHANGE_LAST;;1;1;XEUR;11286679;688;
02.01.2025;14:43:55.556;FGBL SI 20250306 PS;SIMPLE_INSTRUMENT;EFS;EUR;71;133.56000000;905;EXCHANGE_LAST;;1;1;XEUR;11286679;688;
02.01.2025;14:45:59.657;FGBL SI 20250306 PS;SIMPLE_INSTRUMENT;EFS;EUR;72;133.44000000;410;EXCHANGE_LAST;;1;1;XEUR;11286679;688;
02.01.2025;14:47:15.327;FGBL SI 20250306 PS;SIMPLE_INSTRUMENT;EFS;EUR;73;133.44000000;205;EXCHANGE_LAST;;1;1;XEUR;11286679;688;
02.01.2025;14:48:11.933;FGBL SI 20250306 PS;SIMPLE_INSTRUMENT;EFS;EUR;74;133.40000000;205;EXCHANGE_LAST;;1;1;XEUR;11286679;688;
02.01.2025;14:48:43.189;FGBL SI 20250306 PS;SIMPLE_INSTRUMENT;EFS;EUR;75;133.40000000;205;EXCHANGE_LAST;;1;1;XEUR;11286679;688;
02.01.2025;14:49:54.428;FGBL SI 20250306 PS;SIMPLE_INSTRUMENT;EFS;EUR;76;133.41000000;409;EXCHANGE_LAST;;1;1;XEUR;11286679;688;
02.01.2025;14:59:14.578;FGBL SI 20250306 PS;SIMPLE_INSTRUMENT;EFS;EUR;77;133.39000000;935;EXCHANGE_LAST;;1;1;XEUR;11286679;688;
02.01.2025;15:10:59.638;FGBL SI 20250306 PS;SIMPLE_INSTRUMENT;EFS;EUR;78;133.47000000;205;EXCHANGE_LAST;;1;1;XEUR;11286679;688;
02.01.2025;15:11:45.350;FGBL SI 20250306 PS;SIMPLE_INSTRUMENT;EFS;EUR;79;133.47000000;409;EXCHANGE_LAST;;1;1;XEUR;11286679;688;
02.01.2025;15:12:36.191;FGBL SI 20250306 PS;SIMPLE_INSTRUMENT;EFS;EUR;80;133.47000000;205;EXCHANGE_LAST;;1;1;XEUR;11286679;688;
02.01.2025;15:25:45.414;FGBL SI 20250306 PS;SIMPLE_INSTRUMENT;EFS;EUR;81;133.50000000;409;EXCHANGE_LAST;;1;1;XEUR;11286679;688;
02.01.2025;15:27:10.684;FGBL SI 20250306 PS;SIMPLE_INSTRUMENT;EFS;EUR;82;133.51000000;409;EXCHANGE_LAST;;1;1;XEUR;11286679;688;
02.01.2025;15:27:52.757;FGBL SI 20250306 PS;SIMPLE_INSTRUMENT;EFS;EUR;83;133.51000000;409;EXCHANGE_LAST;;1;1;XEUR;11286679;688;
02.01.2025;15:28:49.353;FGBL SI 20250306 PS;SIMPLE_INSTRUMENT;EFS;EUR;84;133.51000000;409;EXCHANGE_LAST;;1;1;XEUR;11286679;688;
02.01.2025;15:33:14.799;FGBL SI 20250306 PS;SIMPLE_INSTRUMENT;EFS;EUR;85;133.44000000;1353;EXCHANGE_LAST;;1;1;XEUR;11286679;688;
02.01.2025;15:38:01.944;FGBL SI 20250306 PS;SIMPLE_INSTRUMENT;EFP_FIN;EUR;86;133.44000000;138;EXCHANGE_LAST;;1;1;XEUR;11286679;688;
02.01.2025;15:40:54.542;FGBL SI 20250306 PS;SIMPLE_INSTRUMENT;EFS;EUR;87;133.43000000;100;EXCHANGE_LAST;;1;1;XEUR;11286679;688;
02.01.2025;15:41:28.873;FGBL SI 20250306 PS;SIMPLE_INSTRUMENT;EFS;EUR;88;133.75000000;233;EXCHANGE_LAST;;1;1;XEUR;11286679;688;
02.01.2025;15:41:45.444;FGBL SI 20250306 PS;SIMPLE_INSTRUMENT;EFS;EUR;89;133.49000000;934;EXCHANGE_LAST;;1;1;XEUR;11286679;688;
02.01.2025;15:50:10.577;FGBL SI 20250306 PS;SIMPLE_INSTRUMENT;EFS;EUR;90;133.37000000;410;EXCHANGE_LAST;;1;1;XEUR;11286679;688;
02.01.2025;15:51:15.634;FGBL SI 20250306 PS;SIMPLE_INSTRUMENT;EFS;EUR;91;133.36000000;410;EXCHANGE_LAST;;1;1;XEUR;11286679;688;
02.01.2025;15:53:36.866;FGBL SI 20250306 PS;SIMPLE_INSTRUMENT;EFS;EUR;92;133.35000000;410;EXCHANGE_LAST;;1;1;XEUR;11286679;688;
02.01.2025;15:54:15.787;FGBL SI 20250306 PS;SIMPLE_INSTRUMENT;EFS;EUR;93;133.37000000;205;EXCHANGE_LAST;;1;1;XEUR;11286679;688;
02.01.2025;16:06:36.310;FGBL SI 20250306 PS;SIMPLE_INSTRUMENT;EFS;EUR;94;133.33000000;410;EXCHANGE_LAST;;1;1;XEUR;11286679;688;
02.01.2025;16:07:15.204;FGBL SI 20250306 PS;SIMPLE_INSTRUMENT;EFS;EUR;95;133.41000000;902;EXCHANGE_LAST;;1;1;XEUR;11286679;688;
02.01.2025;16:07:14.202;FGBL SI 20250306 PS;SIMPLE_INSTRUMENT;EFS;EUR;96;133.35000000;234;EXCHANGE_LAST;;1;1;XEUR;11286679;688;
02.01.2025;16:07:27.351;FGBL SI 20250306 PS;SIMPLE_INSTRUMENT;EFS;EUR;97;133.36000000;410;EXCHANGE_LAST;;1;1;XEUR;11286679;688;
02.01.2025;16:24:12.702;FGBL SI 20250306 PS;SIMPLE_INSTRUMENT;EFS;EUR;98;133.32000000;205;EXCHANGE_LAST;;1;1;XEUR;11286679;688;
02.01.2025;16:25:50.335;FGBL SI 20250306 PS;SIMPLE_INSTRUMENT;EFS;EUR;99;133.32000000;205;EXCHANGE_LAST;;1;1;XEUR;11286679;688;
02.01.2025;16:26:28.580;FGBL SI 20250306 PS;SIMPLE_INSTRUMENT;EFS;EUR;100;133.32000000;410;EXCHANGE_LAST;;1;1;XEUR;11286679;688;
02.01.2025;16:27:43.920;FGBL SI 20250306 PS;SIMPLE_INSTRUMENT;EFS;EUR;101;133.37000000;455;EXCHANGE_LAST;;1;1;XEUR;11286679;688;
02.01.2025;16:28:29.961;FGBL SI 20250306 PS;SIMPLE_INSTRUMENT;EFS;EUR;102;133.38000000;91;EXCHANGE_LAST;;1;1;XEUR;11286679;688;
02.01.2025;16:45:02.963;FGBL SI 20250306 PS;SIMPLE_INSTRUMENT;EFS;EUR;103;133.23000000;410;EXCHANGE_LAST;;1;1;XEUR;11286679;688;
02.01.2025;16:47:27.944;FGBL SI 20250306 PS;SIMPLE_INSTRUMENT;EFS;EUR;104;133.22000000;205;EXCHANGE_LAST;;1;1;XEUR;11286679;688;
02.01.2025;16:49:00.265;FGBL SI 20250306 PS;SIMPLE_INSTRUMENT;EFS;EUR;105;133.23000000;246;EXCHANGE_LAST;;1;1;XEUR;11286679;688;
02.01.2025;16:50:05.427;FGBL SI 20250306 PS;SIMPLE_INSTRUMENT;EFS;EUR;106;133.20000000;468;EXCHANGE_LAST;;1;1;XEUR;11286679;688;
02.01.2025;16:51:19.649;FGBL SI 20250306 PS;SIMPLE_INSTRUMENT;EFS;EUR;107;133.23000000;410;EXCHANGE_LAST;;1;1;XEUR;11286679;688;
02.01.2025;16:55:36.991;FGBL SI 20250306 PS;SIMPLE_INSTRUMENT;EFS;EUR;108;133.20000000;410;EXCHANGE_LAST;;1;1;XEUR;11286679;688;
02.01.2025;17:02:59.066;FGBL SI 20250306 PS;SIMPLE_INSTRUMENT;EFS;EUR;109;133.18000000;457;EXCHANGE_LAST;;1;1;XEUR;11286679;688;
02.01.2025;08:25:49.425;FGBL SI 20250306 PS;SIMPLE_INSTRUMENT;VOLA;EUR;268435460;133.30000000;32;EXCHANGE_LAST;;1;1;XEUR;11286679;688;
02.01.2025;09:53:16.063;FGBL SI 20250306 PS;SIMPLE_INSTRUMENT;VOLA;EUR;268435473;133.31000000;80;EXCHANGE_LAST;;1;1;XEUR;11286679;688;
02.01.2025;10:29:13.256;FGBL SI 20250306 PS;SIMPLE_INSTRUMENT;VOLA;EUR;268435476;133.44000000;110;EXCHANGE_LAST;;1;1;XEUR;11286679;688;
02.01.2025;11:15:55.893;FGBL SI 20250306 PS;SIMPLE_INSTRUMENT;VOLA;EUR;268435480;133.72000000;45;EXCHANGE_LAST;;1;1;XEUR;11286679;688;
02.01.2025;13:01:07.360;FGBL SI 20250306 PS;SIMPLE_INSTRUMENT;VOLA;EUR;268435483;133.79000000;60;EXCHANGE_LAST;;1;1;XEUR;11286679;688;
02.01.2025;14:40:53.731;FGBL SI 20250306 PS;SIMPLE_INSTRUMENT;VOLA;EUR;268435493;133.55000000;90;EXCHANGE_LAST;;1;1;XEUR;11286679;688;
02.01.2025;07:45:15.413;FGBM SI 20250306 PS;SIMPLE_INSTRUMENT;EFS;EUR;1;117.80000000;1576;EXCHANGE_LAST;;1;1;XEUR;11286680;689;
02.01.2025;07:52:31.332;FGBM SI 20250306 PS;SIMPLE_INSTRUMENT;EFS;EUR;2;117.80000000;788;EXCHANGE_LAST;;1;1;XEUR;11286680;689;
02.01.2025;08:12:59.142;FGBM SI 20250306 PS;SIMPLE_INSTRUMENT;EFS;EUR;3;117.78000000;1576;EXCHANGE_LAST;;1;1;XEUR;11286680;689;
02.01.2025;08:21:14.540;FGBM SI 20250306 PS;SIMPLE_INSTRUMENT;EFS;EUR;4;117.90000000;448;EXCHANGE_LAST;;1;1;XEUR;11286680;689;
02.01.2025;08:35:35.099;FGBM SI 20250306 PS;SIMPLE_INSTRUMENT;EFS;EUR;5;117.90000000;1377;EXCHANGE_LAST;;1;1;XEUR;11286680;689;
02.01.2025;08:37:06.455;FGBM SI 20250306 PS;SIMPLE_INSTRUMENT;EFS;EUR;6;117.90000000;984;EXCHANGE_LAST;;1;1;XEUR;11286680;689;
02.01.2025;08:47:56.616;FGBM SI 20250306 PS;SIMPLE_INSTRUMENT;EFS;EUR;8;117.89000000;492;EXCHANGE_LAST;;1;1;XEUR;11286680;689;
02.01.2025;08:49:01.639;FGBM SI 20250306 PS;SIMPLE_INSTRUMENT;EFS;EUR;9;117.85000000;897;EXCHANGE_LAST;;1;1;XEUR;11286680;689;
02.01.2025;08:49:37.952;FGBM SI 20250306 PS;SIMPLE_INSTRUMENT;EFS;EUR;10;117.86000000;492;EXCHANGE_LAST;;1;1;XEUR;11286680;689;
02.01.2025;08:50:05.684;FGBM SI 20250306 PS;SIMPLE_INSTRUMENT;EFS;EUR;11;117.87000000;448;EXCHANGE_LAST;;1;1;XEUR;11286680;689;
02.01.2025;08:51:46.101;FGBM SI 20250306 PS;SIMPLE_INSTRUMENT;EFS;EUR;12;117.84000000;665;EXCHANGE_LAST;;1;1;XEUR;11286680;689;
02.01.2025;08:52:32.204;FGBM SI 20250306 PS;SIMPLE_INSTRUMENT;EFS;EUR;13;117.90000000;1377;EXCHANGE_LAST;;1;1;XEUR;11286680;689;
02.01.2025;08:56:20.696;FGBM SI 20250306 PS;SIMPLE_INSTRUMENT;EFS;EUR;14;117.90000000;985;EXCHANGE_LAST;;1;1;XEUR;11286680;689;
02.01.2025;09:03:36.468;FGBM SI 20250306 PS;SIMPLE_INSTRUMENT;EFS;EUR;15;117.81000000;951;EXCHANGE_LAST;;1;1;XEUR;11286680;689;
02.01.2025;09:18:32.037;FGBM SI 20250306 PS;SIMPLE_INSTRUMENT;EFP_FIN;EUR;16;117.78000000;675;EXCHANGE_LAST;;1;1;XEUR;11286680;689;
02.01.2025;09:24:43.617;FGBM SI 20250306 PS;SIMPLE_INSTRUMENT;EFS;EUR;17;117.82000000;448;EXCHANGE_LAST;;1;1;XEUR;11286680;689;
02.01.2025;09:31:54.923;FGBM SI 20250306 PS;SIMPLE_INSTRUMENT;EFS;EUR;18;117.82000000;985;EXCHANGE_LAST;;1;1;XEUR;11286680;689;
02.01.2025;09:41:15.028;FGBM SI 20250306 PS;SIMPLE_INSTRUMENT;EFS;EUR;19;117.86000000;895;EXCHANGE_LAST;;1;1;XEUR;11286680;689;
02.01.2025;09:41:35.878;FGBM SI 20250306 PS;SIMPLE_INSTRUMENT;EFS;EUR;20;117.80000000;950;EXCHANGE_LAST;;1;1;XEUR;11286680;689;
02.01.2025;09:46:51.855;FGBM SI 20250306 PS;SIMPLE_INSTRUMENT;EFS;EUR;21;117.85000000;895;EXCHANGE_LAST;;1;1;XEUR;11286680;689;
02.01.2025;09:51:41.106;FGBM SI 20250306 PS;SIMPLE_INSTRUMENT;EFS;EUR;22;117.85000000;950;EXCHANGE_LAST;;1;1;XEUR;11286680;689;
02.01.2025;09:57:18.961;FGBM SI 20250306 PS;SIMPLE_INSTRUMENT;EFS;EUR;23;117.86000000;951;EXCHANGE_LAST;;1;1;XEUR;11286680;689;
02.01.2025;10:02:50.953;FGBM SI 20250306 PS;SIMPLE_INSTRUMENT;EFS;EUR;24;117.85000000;950;EXCHANGE_LAST;;1;1;XEUR;11286680;689;
02.01.2025;10:09:24.045;FGBM SI 20250306 PS;SIMPLE_INSTRUMENT;EFS;EUR;25;117.84000000;492;EXCHANGE_LAST;;1;1;XEUR;11286680;689;
02.01.2025;10:10:52.527;FGBM SI 20250306 PS;SIMPLE_INSTRUMENT;EFP_FIN;EUR;26;117.87000000;806;EXCHANGE_LAST;;1;1;XEUR;11286680;689;
02.01.2025;10:11:42.019;FGBM SI 20250306 PS;SIMPLE_INSTRUMENT;EFS;EUR;27;117.85000000;900;EXCHANGE_LAST;;1;1;XEUR;11286680;689;
02.01.2025;10:12:59.612;FGBM SI 20250306 PS;SIMPLE_INSTRUMENT;BLOCK;EUR;28;117.89000000;7000;EXCHANGE_LAST;;1;1;XEUR;11286680;689;
02.01.2025;10:19:17.412;FGBM SI 20250306 PS;SIMPLE_INSTRUMENT;EFS;EUR;29;117.87000000;376;EXCHANGE_LAST;;1;1;XEUR;11286680;689;
02.01.2025;10:22:16.591;FGBM SI 20250306 PS;SIMPLE_INSTRUMENT;EFS;EUR;30;117.87000000;984;EXCHANGE_LAST;;1;1;XEUR;11286680;689;
02.01.2025;10:24:04.436;FGBM SI 20250306 PS;SIMPLE_INSTRUMENT;EFS;EUR;31;117.86000000;394;EXCHANGE_LAST;;1;1;XEUR;11286680;689;
02.01.2025;10:24:55.378;FGBM SI 20250306 PS;SIMPLE_INSTRUMENT;EFS;EUR;32;117.88000000;492;EXCHANGE_LAST;;1;1;XEUR;11286680;689;
02.01.2025;10:26:52.741;FGBM SI 20250306 PS;SIMPLE_INSTRUMENT;EFS;EUR;33;117.87000000;1002;EXCHANGE_LAST;;1;1;XEUR;11286680;689;
02.01.2025;10:28:04.930;FGBM SI 20250306 PS;SIMPLE_INSTRUMENT;EFS;EUR;34;117.97000000;896;EXCHANGE_LAST;;1;1;XEUR;11286680;689;
02.01.2025;10:31:10.440;FGBM SI 20250306 PS;SIMPLE_INSTRUMENT;EFP_FIN;EUR;35;117.85000000;196;EXCHANGE_LAST;;1;1;XEUR;11286680;689;
02.01.2025;10:43:28.737;FGBM SI 20250306 PS;SIMPLE_INSTRUMENT;EFS;EUR;36;118.06000000;893;EXCHANGE_LAST;;1;1;XEUR;11286680;689;
02.01.2025;10:47:38.501;FGBM SI 20250306 PS;SIMPLE_INSTRUMENT;EFP_FIN;EUR;37;117.82000000;431;EXCHANGE_LAST;;1;1;XEUR;11286680;689;
02.01.2025;10:55:34.964;FGBM SI 20250306 PS;SIMPLE_INSTRUMENT;EFP_FIN;EUR;38;118.07000000;90;EXCHANGE_LAST;;1;1;XEUR;11286680;689;
02.01.2025;10:59:42.320;FGBM SI 20250306 PS;SIMPLE_INSTRUMENT;EFS;EUR;39;118.07000000;476;EXCHANGE_LAST;;1;1;XEUR;11286680;689;
02.01.2025;11:03:04.490;FGBM SI 20250306 PS;SIMPLE_INSTRUMENT;EFS;EUR;40;118.06000000;416;EXCHANGE_LAST;;1;1;XEUR;11286680;689;
02.01.2025;11:12:19.443;FGBM SI 20250306 PS;SIMPLE_INSTRUMENT;EFS;EUR;41;118.02000000;894;EXCHANGE_LAST;;1;1;XEUR;11286680;689;
02.01.2025;11:17:52.088;FGBM SI 20250306 PS;SIMPLE_INSTRUMENT;EFS;EUR;42;117.99000000;894;EXCHANGE_LAST;;1;1;XEUR;11286680;689;
02.01.2025;11:23:54.351;FGBM SI 20250306 PS;SIMPLE_INSTRUMENT;EFS;EUR;43;118.05000000;2432;EXCHANGE_LAST;;1;1;XEUR;11286680;689;
02.01.2025;11:25:52.510;FGBM SI 20250306 PS;SIMPLE_INSTRUMENT;EFS;EUR;44;118.00000000;1341;EXCHANGE_LAST;;1;1;XEUR;11286680;689;
02.01.2025;11:27:10.274;FGBM SI 20250306 PS;SIMPLE_INSTRUMENT;EFS;EUR;45;118.01000000;447;EXCHANGE_LAST;;1;1;XEUR;11286680;689;
02.01.2025;11:40:43.442;FGBM SI 20250306 PS;SIMPLE_INSTRUMENT;EFS;EUR;46;118.01000000;3811;EXCHANGE_LAST;;1;1;XEUR;11286680;689;
02.01.2025;12:08:39.411;FGBM SI 20250306 PS;SIMPLE_INSTRUMENT;EFS;EUR;47;118.00000000;1376;EXCHANGE_LAST;;1;1;XEUR;11286680;689;
02.01.2025;12:09:00.050;FGBM SI 20250306 PS;SIMPLE_INSTRUMENT;EFS;EUR;48;117.99000000;894;EXCHANGE_LAST;;1;1;XEUR;11286680;689;
02.01.2025;12:09:31.529;FGBM SI 20250306 PS;SIMPLE_INSTRUMENT;EFS;EUR;49;117.99000000;894;EXCHANGE_LAST;;1;1;XEUR;11286680;689;
02.01.2025;12:40:12.670;FGBM SI 20250306 PS;SIMPLE_INSTRUMENT;EFP_FIN;EUR;50;118.02000000;322;EXCHANGE_LAST;;1;1;XEUR;11286680;689;
02.01.2025;13:04:49.593;FGBM SI 20250306 PS;SIMPLE_INSTRUMENT;EFP_FIN;EUR;51;118.09000000;207;EXCHANGE_LAST;;1;1;XEUR;11286680;689;
02.01.2025;13:22:31.239;FGBM SI 20250306 PS;SIMPLE_INSTRUMENT;EFP_FIN;EUR;52;118.06000000;173;EXCHANGE_LAST;;1;1;XEUR;11286680;689;
02.01.2025;13:36:04.961;FGBM SI 20250306 PS;SIMPLE_INSTRUMENT;EFP_FIN;EUR;53;118.03000000;424;EXCHANGE_LAST;;1;1;XEUR;11286680;689;
02.01.2025;13:43:40.752;FGBM SI 20250306 PS;SIMPLE_INSTRUMENT;EFS;EUR;54;118.02000000;224;EXCHANGE_LAST;;1;1;XEUR;11286680;689;
02.01.2025;14:10:18.172;FGBM SI 20250306 PS;SIMPLE_INSTRUMENT;EFS;EUR;55;117.94000000;1081;EXCHANGE_LAST;;1;1;XEUR;11286680;689;
02.01.2025;14:11:13.386;FGBM SI 20250306 PS;SIMPLE_INSTRUMENT;EFP_FIN;EUR;56;117.96000000;90;EXCHANGE_LAST;;1;1;XEUR;11286680;689;
02.01.2025;14:22:26.310;FGBM SI 20250306 PS;SIMPLE_INSTRUMENT;EFS;EUR;57;117.96000000;600;EXCHANGE_LAST;;1;1;XEUR;11286680;689;
02.01.2025;14:38:09.163;FGBM SI 20250306 PS;SIMPLE_INSTRUMENT;EFS;EUR;58;117.92000000;448;EXCHANGE_LAST;;1;1;XEUR;11286680;689;
02.01.2025;14:58:26.436;FGBM SI 20250306 PS;SIMPLE_INSTRUMENT;EFS;EUR;59;117.85000000;1970;EXCHANGE_LAST;;1;1;XEUR;11286680;689;
02.01.2025;15:04:58.603;FGBM SI 20250306 PS;SIMPLE_INSTRUMENT;EFS;EUR;60;117.90000000;984;EXCHANGE_LAST;;1;1;XEUR;11286680;689;
02.01.2025;15:13:16.203;FGBM SI 20250306 PS;SIMPLE_INSTRUMENT;EFS;EUR;61;117.88000000;1476;EXCHANGE_LAST;;1;1;XEUR;11286680;689;
02.01.2025;15:34:34.183;FGBM SI 20250306 PS;SIMPLE_INSTRUMENT;EFP_FIN;EUR;62;117.91000000;180;EXCHANGE_LAST;;1;1;XEUR;11286680;689;
02.01.2025;15:33:58.280;FGBM SI 20250306 PS;SIMPLE_INSTRUMENT;EFP_FIN;EUR;63;117.91000000;863;EXCHANGE_LAST;;1;1;XEUR;11286680;689;
02.01.2025;15:44:31.622;FGBM SI 20250306 PS;SIMPLE_INSTRUMENT;EFP_FIN;EUR;64;117.85000000;1294;EXCHANGE_LAST;;1;1;XEUR;11286680;689;
02.01.2025;16:01:25.608;FGBM SI 20250306 PS;SIMPLE_INSTRUMENT;EFP_FIN;EUR;65;117.84000000;397;EXCHANGE_LAST;;1;1;XEUR;11286680;689;
02.01.2025;16:11:15.748;FGBM SI 20250306 PS;SIMPLE_INSTRUMENT;EFP_FIN;EUR;66;117.83000000;231;EXCHANGE_LAST;;1;1;XEUR;11286680;689;
02.01.2025;16:15:41.174;FGBM SI 20250306 PS;SIMPLE_INSTRUMENT;EFP_FIN;EUR;67;117.85000000;2157;EXCHANGE_LAST;;1;1;XEUR;11286680;689;
02.01.2025;16:19:37.349;FGBM SI 20250306 PS;SIMPLE_INSTRUMENT;EFS;EUR;68;117.82000000;672;EXCHANGE_LAST;;1;1;XEUR;11286680;689;
02.01.2025;16:43:08.258;FGBM SI 20250306 PS;SIMPLE_INSTRUMENT;EFP_FIN;EUR;69;117.84000000;863;EXCHANGE_LAST;;1;1;XEUR;11286680;689;
02.01.2025;16:46:29.049;FGBM SI 20250306 PS;SIMPLE_INSTRUMENT;EFS;EUR;70;117.76000000;423;EXCHANGE_LAST;;1;1;XEUR;11286680;689;
02.01.2025;16:48:56.432;FGBM SI 20250306 PS;SIMPLE_INSTRUMENT;EFS;EUR;71;117.76000000;740;EXCHANGE_LAST;;1;1;XEUR;11286680;689;
02.01.2025;16:49:01.420;FGBM SI 20250306 PS;SIMPLE_INSTRUMENT;EFS;EUR;72;117.74000000;985;EXCHANGE_LAST;;1;1;XEUR;11286680;689;
02.01.2025;16:50:32.611;FGBM SI 20250306 PS;SIMPLE_INSTRUMENT;EFS;EUR;73;117.76000000;847;EXCHANGE_LAST;;1;1;XEUR;11286680;689;
02.01.2025;16:52:43.171;FGBM SI 20250306 PS;SIMPLE_INSTRUMENT;EFS;EUR;74;117.76000000;847;EXCHANGE_LAST;;1;1;XEUR;11286680;689;
02.01.2025;17:12:36.025;FGBM SI 20250306 PS;SIMPLE_INSTRUMENT;EFS;EUR;75;117.69000000;448;EXCHANGE_LAST;;1;1;XEUR;11286680;689;
02.01.2025;08:53:42.108;FGBS SI 20250306 PS;SIMPLE_INSTRUMENT;EFS;EUR;1;106.97500000;1844;EXCHANGE_LAST;;1;1;XEUR;11286681;690;
02.01.2025;09:14:00.022;FGBS SI 20250306 PS;SIMPLE_INSTRUMENT;EFS;EUR;2;106.96000000;3957;EXCHANGE_LAST;;1;1;XEUR;11286681;690;
02.01.2025;09:13:48.168;FGBS SI 20250306 PS;SIMPLE_INSTRUMENT;EFS;EUR;3;106.95500000;3956;EXCHANGE_LAST;;1;1;XEUR;11286681;690;
02.01.2025;09:23:52.054;FGBS SI 20250306 PS;SIMPLE_INSTRUMENT;EFS;EUR;4;106.97000000;5466;EXCHANGE_LAST;;1;1;XEUR;11286681;690;
02.01.2025;09:24:06.652;FGBS SI 20250306 PS;SIMPLE_INSTRUMENT;EFS;EUR;5;106.95500000;1475;EXCHANGE_LAST;;1;1;XEUR;11286681;690;
02.01.2025;10:17:46.356;FGBS SI 20250306 PS;SIMPLE_INSTRUMENT;EFS;EUR;6;106.98000000;7909;EXCHANGE_LAST;;1;1;XEUR;11286681;690;
02.01.2025;10:20:42.087;FGBS SI 20250306 PS;SIMPLE_INSTRUMENT;EFP_FIN;EUR;7;106.98000000;1072;EXCHANGE_LAST;;1;1;XEUR;11286681;690;
02.01.2025;10:21:29.368;FGBS SI 20250306 PS;SIMPLE_INSTRUMENT;EFS;EUR;8;106.98000000;3960;EXCHANGE_LAST;;1;1;XEUR;11286681;690;
02.01.2025;10:27:29.984;FGBS SI 20250306 PS;SIMPLE_INSTRUMENT;EFP_FIN;EUR;9;106.99000000;495;EXCHANGE_LAST;;1;1;XEUR;11286681;690;
02.01.2025;10:33:11.657;FGBS SI 20250306 PS;SIMPLE_INSTRUMENT;EFP_FIN;EUR;10;106.98500000;548;EXCHANGE_LAST;;1;1;XEUR;11286681;690;
02.01.2025;10:47:03.282;FGBS SI 20250306 PS;SIMPLE_INSTRUMENT;EFP_FIN;EUR;11;107.05500000;2228;EXCHANGE_LAST;;1;1;XEUR;11286681;690;
02.01.2025;11:01:22.484;FGBS SI 20250306 PS;SIMPLE_INSTRUMENT;EFS;EUR;12;107.05000000;1155;EXCHANGE_LAST;;1;1;XEUR;11286681;690;
02.01.2025;11:32:40.451;FGBS SI 20250306 PS;SIMPLE_INSTRUMENT;EFP_FIN;EUR;13;107.02500000;935;EXCHANGE_LAST;;1;1;XEUR;11286681;690;
02.01.2025;11:49:04.709;FGBS SI 20250306 PS;SIMPLE_INSTRUMENT;EFS;EUR;14;107.02500000;2731;EXCHANGE_LAST;;1;1;XEUR;11286681;690;
02.01.2025;12:06:16.173;FGBS SI 20250306 PS;SIMPLE_INSTRUMENT;EFS;EUR;15;107.02000000;7905;EXCHANGE_LAST;;1;1;XEUR;11286681;690;
02.01.2025;12:38:25.968;FGBS SI 20250306 PS;SIMPLE_INSTRUMENT;EFS;EUR;16;107.02500000;5456;EXCHANGE_LAST;;1;1;XEUR;11286681;690;
02.01.2025;12:39:04.271;FGBS SI 20250306 PS;SIMPLE_INSTRUMENT;EFS;EUR;17;107.02000000;1365;EXCHANGE_LAST;;1;1;XEUR;11286681;690;
02.01.2025;12:39:33.286;FGBS SI 20250306 PS;SIMPLE_INSTRUMENT;EFP_FIN;EUR;18;107.02000000;199;EXCHANGE_LAST;;1;1;XEUR;11286681;690;
02.01.2025;13:23:26.418;FGBS SI 20250306 PS;SIMPLE_INSTRUMENT;EFP_FIN;EUR;19;107.03500000;325;EXCHANGE_LAST;;1;1;XEUR;11286681;690;
02.01.2025;13:52:27.221;FGBS SI 20250306 PS;SIMPLE_INSTRUMENT;BLOCK;EUR;20;107.02000000;10580;EXCHANGE_LAST;;1;1;XEUR;11286681;690;
02.01.2025;14:11:21.993;FGBS SI 20250306 PS;SIMPLE_INSTRUMENT;EFS;EUR;21;107.00500000;2731;EXCHANGE_LAST;;1;1;XEUR;11286681;690;
02.01.2025;14:24:58.586;FGBS SI 20250306 PS;SIMPLE_INSTRUMENT;EFS;EUR;22;107.01000000;1366;EXCHANGE_LAST;;1;1;XEUR;11286681;690;
02.01.2025;15:04:27.427;FGBS SI 20250306 PS;SIMPLE_INSTRUMENT;EFS;EUR;24;106.98000000;2733;EXCHANGE_LAST;;1;1;XEUR;11286681;690;
02.01.2025;15:28:37.691;FGBS SI 20250306 PS;SIMPLE_INSTRUMENT;EFS;EUR;25;106.98500000;1855;EXCHANGE_LAST;;1;1;XEUR;11286681;690;
02.01.2025;15:33:04.798;FGBS SI 20250306 PS;SIMPLE_INSTRUMENT;EFS;EUR;26;106.97000000;7911;EXCHANGE_LAST;;1;1;XEUR;11286681;690;
02.01.2025;15:40:14.377;FGBS SI 20250306 PS;SIMPLE_INSTRUMENT;EFS;EUR;27;107.06000000;1365;EXCHANGE_LAST;;1;1;XEUR;11286681;690;
02.01.2025;16:07:24.205;FGBS SI 20250306 PS;SIMPLE_INSTRUMENT;EFS;EUR;28;106.97000000;5274;EXCHANGE_LAST;;1;1;XEUR;11286681;690;
02.01.2025;16:06:24.187;FGBS SI 20250306 PS;SIMPLE_INSTRUMENT;EFS;EUR;29;106.97500000;2733;EXCHANGE_LAST;;1;1;XEUR;11286681;690;
02.01.2025;16:10:43.545;FGBS SI 20250306 PS;SIMPLE_INSTRUMENT;EFS;EUR;30;106.96500000;2660;EXCHANGE_LAST;;1;1;XEUR;11286681;690;
02.01.2025;16:27:16.956;FGBS SI 20250306 PS;SIMPLE_INSTRUMENT;EFS;EUR;31;106.98000000;531;EXCHANGE_LAST;;1;1;XEUR;11286681;690;
02.01.2025;08:36:38.062;FGBX SI 20250306 PS;SIMPLE_INSTRUMENT;EFS;EUR;1;132.16000000;257;EXCHANGE_LAST;;1;1;XEUR;11286682;691;
02.01.2025;08:38:40.460;FGBX SI 20250306 PS;SIMPLE_INSTRUMENT;EFS;EUR;2;132.18000000;184;EXCHANGE_LAST;;1;1;XEUR;11286682;691;
02.01.2025;08:52:32.204;FGBX SI 20250306 PS;SIMPLE_INSTRUMENT;EFS;EUR;3;132.16000000;257;EXCHANGE_LAST;;1;1;XEUR;11286682;691;
02.01.2025;08:56:02.695;FGBX SI 20250306 PS;SIMPLE_INSTRUMENT;EFS;EUR;4;132.20000000;184;EXCHANGE_LAST;;1;1;XEUR;11286682;691;
02.01.2025;10:07:59.443;FGBX SI 20250306 PS;SIMPLE_INSTRUMENT;EFS;EUR;5;132.02000000;110;EXCHANGE_LAST;;1;1;XEUR;11286682;691;
02.01.2025;10:15:45.965;FGBX SI 20250306 PS;SIMPLE_INSTRUMENT;EFP_FIN;EUR;6;132.08000000;332;EXCHANGE_LAST;;1;1;XEUR;11286682;691;
02.01.2025;10:33:43.074;FGBX SI 20250306 PS;SIMPLE_INSTRUMENT;EFS;EUR;7;132.08000000;177;EXCHANGE_LAST;;1;1;XEUR;11286682;691;
02.01.2025;10:43:59.296;FGBX SI 20250306 PS;SIMPLE_INSTRUMENT;EFS;EUR;8;132.20000000;184;EXCHANGE_LAST;;1;1;XEUR;11286682;691;
02.01.2025;10:49:26.546;FGBX SI 20250306 PS;SIMPLE_INSTRUMENT;EFS;EUR;9;132.92000000;60;EXCHANGE_LAST;;1;1;XEUR;11286682;691;
02.01.2025;11:03:10.712;FGBX SI 20250306 PS;SIMPLE_INSTRUMENT;EFS;EUR;10;132.94000000;91;EXCHANGE_LAST;;1;1;XEUR;11286682;691;
02.01.2025;11:46:13.312;FGBX SI 20250306 PS;SIMPLE_INSTRUMENT;EFS;EUR;12;132.70000000;69;EXCHANGE_LAST;;1;1;XEUR;11286682;691;
02.01.2025;13:30:25.494;FGBX SI 20250306 PS;SIMPLE_INSTRUMENT;EFS;EUR;13;132.94000000;73;EXCHANGE_LAST;;1;1;XEUR;11286682;691;
02.01.2025;14:02:33.001;FGBX SI 20250306 PS;SIMPLE_INSTRUMENT;EFP_FIN;EUR;14;132.50000000;53;EXCHANGE_LAST;;1;1;XEUR;11286682;691;
02.01.2025;14:11:15.310;FGBX SI 20250306 PS;SIMPLE_INSTRUMENT;EFS;EUR;15;132.20000000;202;EXCHANGE_LAST;;1;1;XEUR;11286682;691;
02.01.2025;16:03:14.401;FGBX SI 20250306 PS;SIMPLE_INSTRUMENT;EFP_FIN;EUR;17;131.92000000;332;EXCHANGE_LAST;;1;1;XEUR;11286682;691;
02.01.2025;16:07:54.907;FGBX SI 20250306 PS;SIMPLE_INSTRUMENT;EFS;EUR;18;131.94000000;92;EXCHANGE_LAST;;1;1;XEUR;11286682;691;
02.01.2025;16:21:45.403;FGBX SI 20250306 PS;SIMPLE_INSTRUMENT;EFS;EUR;19;131.86000000;532;EXCHANGE_LAST;;1;1;XEUR;11286682;691;
02.01.2025;16:28:55.727;FGBX SI 20250306 PS;SIMPLE_INSTRUMENT;EFS;EUR;20;132.16000000;532;EXCHANGE_LAST;;1;1;XEUR;11286682;691;
02.01.2025;02:45:43.314;FMAU SI 20250321 CS;SIMPLE_INSTRUMENT;BLOCK;USD;6;5581.00000000;290;EXCHANGE_LAST;;2;1;XEUR;7590511;45287;
02.01.2025;16:55:34.623;FMCE SI 20250321 CS;SIMPLE_INSTRUMENT;EFP_IDX;EUR;20;510.20000000;119;EXCHANGE_LAST;;1;1;XEUR;9693463;665;
02.01.2025;16:55:44.472;FMCE SI 20250321 CS;SIMPLE_INSTRUMENT;EFP_IDX;EUR;21;510.30000000;281;EXCHANGE_LAST;;1;1;XEUR;9693463;665;
02.01.2025;01:15:09.319;FMCH SI 20250321 CS;SIMPLE_INSTRUMENT;BLOCK;USD;1;512.11900000;230;EXCHANGE_LAST;;1;1;XEUR;7592069;402909;
02.01.2025;01:17:38.970;FMCH SI 20250321 CS;SIMPLE_INSTRUMENT;BLOCK;USD;2;512.11900000;2351;EXCHANGE_LAST;;1;1;XEUR;7592069;402909;
02.01.2025;08:30:48.056;FMCH SI 20250321 CS;SIMPLE_INSTRUMENT;BLOCK;USD;36;501.28600000;1017;EXCHANGE_LAST;;1;1;XEUR;7592069;402909;
02.01.2025;05:33:47.442;FMEA SI 20250321 CS;SIMPLE_INSTRUMENT;EFP_IDX;USD;10;692.26500000;33;EXCHANGE_LAST;;1;1;XEUR;7589834;12395;
02.01.2025;07:39:59.868;FMEA SI 20250321 CS;SIMPLE_INSTRUMENT;BLOCK;USD;20;691.57900000;780;EXCHANGE_LAST;;1;1;XEUR;7589834;12395;
02.01.2025;08:38:24.682;FMEA SI 20250321 CS;SIMPLE_INSTRUMENT;BLOCK;USD;40;687.00000000;728;EXCHANGE_LAST;;1;1;XEUR;7589834;12395;
02.01.2025;08:38:49.531;FMEA SI 20250620 CS;SIMPLE_INSTRUMENT;BLOCK;USD;41;694.90100000;720;EXCHANGE_LAST;;1;1;XEUR;7938804;12395;
02.01.2025;16:42:07.675;FMEF SI 20250321 CS;SIMPLE_INSTRUMENT;BLOCK;USD;56;1075.31100000;616;EXCHANGE_LAST;;1;1;XEUR;7408970;30657;
02.01.2025;08:09:07.288;FMEL SI 20250321 CS;SIMPLE_INSTRUMENT;BLOCK;USD;31;473.90300000;220;EXCHANGE_LAST;;1;1;XEUR;7589856;12397;
02.01.2025;08:11:36.793;FMEL SI 20250321 CS;SIMPLE_INSTRUMENT;BLOCK;USD;33;473.90300000;410;EXCHANGE_LAST;;1;1;XEUR;7589856;12397;
02.01.2025;08:29:54.862;FMEL SI 20250321 CS;SIMPLE_INSTRUMENT;BLOCK;USD;34;473.90300000;75;EXCHANGE_LAST;;1;1;XEUR;7589856;12397;
02.01.2025;09:36:52.207;FMEL SI 20250321 CS;SIMPLE_INSTRUMENT;BLOCK;USD;47;473.90300000;212;EXCHANGE_LAST;;1;1;XEUR;7589856;12397;
02.01.2025;07:56:56.910;FMEN SI 20250321 CS;SIMPLE_INSTRUMENT;EFP_IDX;EUR;29;523.05200000;15;EXCHANGE_LAST;;1;1;XEUR;7590212;30652;
02.01.2025;07:40:16.309;FMGC SI 20250321 CS;SIMPLE_INSTRUMENT;EFP_IDX;USD;21;12640.41000000;3;EXCHANGE_LAST;;1;1;XEUR;7590767;48916;
02.01.2025;07:23:50.556;FMGD SI 20250321 CS;SIMPLE_INSTRUMENT;EFP_IDX;USD;16;2720.62000000;2861;EXCHANGE_LAST;;1;1;XEUR;8609343;583624;
02.01.2025;08:34:05.502;FMGO SI 20250321 CS;SIMPLE_INSTRUMENT;BLOCK;USD;39;5132.84000000;1000;EXCHANGE_LAST;;1;1;XEUR;8609359;583623;
02.01.2025;15:01:09.465;FMGO SI 20250321 CS;SIMPLE_INSTRUMENT;BLOCK;USD;50;5180.00000000;137;EXCHANGE_LAST;;1;1;XEUR;8609359;583623;
02.01.2025;08:32:49.167;FMGQ SI 20250321 CS;SIMPLE_INSTRUMENT;BLOCK;USD;38;5022.82000000;1000;EXCHANGE_LAST;;1;1;XEUR;8609376;583625;
02.01.2025;02:52:48.443;FMHK SI 20250321 CS;SIMPLE_INSTRUMENT;BLOCK;USD;8;57132.87800000;34;EXCHANGE_LAST;;1;2;XEUR;7590500;45282;
02.01.2025;06:45:14.693;FMHK SI 20250321 CS;SIMPLE_INSTRUMENT;BLOCK;USD;13;56045.00000000;10;EXCHANGE_LAST;;1;1;XEUR;7590500;45282;
02.01.2025;05:20:56.475;FMIN SI 20250321 CS;SIMPLE_INSTRUMENT;BLOCK;USD;9;1263.52000000;650;EXCHANGE_LAST;;1;1;XEUR;7589865;12404;
02.01.2025;05:34:06.181;FMIN SI 20250321 CS;SIMPLE_INSTRUMENT;BLOCK;USD;11;1265.28500000;79;EXCHANGE_LAST;;1;1;XEUR;7589865;12404;
02.01.2025;05:43:52.631;FMIN SI 20250321 CS;SIMPLE_INSTRUMENT;BLOCK;USD;12;1265.28500000;40;EXCHANGE_LAST;;1;1;XEUR;7589865;12404;
02.01.2025;08:11:39.002;FMIN SI 20250321 CS;SIMPLE_INSTRUMENT;BLOCK;USD;32;1263.52000000;120;EXCHANGE_LAST;;1;1;XEUR;7589865;12404;
02.01.2025;02:37:01.671;FMJP SI 20250321 CS;SIMPLE_INSTRUMENT;BLOCK;USD;4;8712.18400000;226;EXCHANGE_LAST;;1;1;XEUR;7588794;661;
02.01.2025;07:41:39.251;FMSA SI 20250321 CS;SIMPLE_INSTRUMENT;BLOCK;USD;22;1795.30000000;60;EXCHANGE_LAST;;1;1;XEUR;7591259;134861;
02.01.2025;02:58:39.208;FMSI SI 20250321 CS;SIMPLE_INSTRUMENT;BLOCK;USD;2;17021.55200000;17;EXCHANGE_LAST;;1;1;XEUR;7590881;51883;
02.01.2025;05:34:37.328;FMTW SI 20250321 CS;SIMPLE_INSTRUMENT;BLOCK;USD;3;835.57300000;60;EXCHANGE_LAST;;1;1;XEUR;7590882;51884;
02.01.2025;07:45:20.206;FMWN SI 20250321 CS;SIMPLE_INSTRUMENT;EFP_IDX;EUR;23;584.34000000;179;EXCHANGE_LAST;;1;1;XEUR;7590222;30654;
02.01.2025;07:49:17.417;FMWN SI 20250321 CS;SIMPLE_INSTRUMENT;EFP_IDX;EUR;26;584.03000000;125;EXCHANGE_LAST;;1;1;XEUR;7590222;30654;
02.01.2025;07:50:08.818;FMWN SI 20250321 CS;SIMPLE_INSTRUMENT;EFP_IDX;EUR;27;583.83000000;70;EXCHANGE_LAST;;1;1;XEUR;7590222;30654;
02.01.2025;07:51:39.985;FMWN SI 20250321 CS;SIMPLE_INSTRUMENT;EFP_IDX;EUR;28;584.62400000;134;EXCHANGE_LAST;;1;1;XEUR;7590222;30654;
02.01.2025;07:21:31.487;FMWO SI 20250321 CS;SIMPLE_INSTRUMENT;EFP_IDX;USD;15;11893.52000000;34;EXCHANGE_LAST;;1;1;XEUR;7589707;7059;
02.01.2025;07:26:05.866;FMWO SI 20250321 CS;SIMPLE_INSTRUMENT;EFP_IDX;USD;17;11886.83000000;141;EXCHANGE_LAST;;1;1;XEUR;7589707;7059;
02.01.2025;07:32:43.240;FMWO SI 20250321 CS;SIMPLE_INSTRUMENT;EFP_IDX;USD;18;11897.02000000;36;EXCHANGE_LAST;;1;1;XEUR;7589707;7059;
02.01.2025;07:34:01.196;FMWO SI 20250321 CS;SIMPLE_INSTRUMENT;EFP_IDX;USD;19;11896.52000000;247;EXCHANGE_LAST;;1;1;XEUR;7589707;7059;
02.01.2025;08:07:30.896;FMWO SI 20250321 CS;SIMPLE_INSTRUMENT;EFP_IDX;USD;30;11897.52000000;247;EXCHANGE_LAST;;1;1;XEUR;7589707;7059;
02.01.2025;08:31:17.328;FMWO SI 20250321 CS;SIMPLE_INSTRUMENT;BLOCK;USD;37;11857.17000000;145;EXCHANGE_LAST;;1;1;XEUR;7589707;7059;
02.01.2025;08:40:27.822;FMWO SI 20250321 CS;SIMPLE_INSTRUMENT;EFP_IDX;USD;42;11859.12000000;12;EXCHANGE_LAST;;1;1;XEUR;7589707;7059;
02.01.2025;08:41:06.727;FMWO SI 20250321 CS;SIMPLE_INSTRUMENT;EFP_IDX;USD;43;11855.17000000;40;EXCHANGE_LAST;;1;1;XEUR;7589707;7059;
02.01.2025;08:45:20.493;FMWO SI 20250321 CS;SIMPLE_INSTRUMENT;BLOCK;USD;44;11853.67000000;334;EXCHANGE_LAST;;1;1;XEUR;7589707;7059;
02.01.2025;08:48:40.273;FMWO SI 20250321 CS;SIMPLE_INSTRUMENT;BLOCK;USD;45;11854.67000000;147;EXCHANGE_LAST;;1;1;XEUR;7589707;7059;
02.01.2025;07:17:48.962;FMXU SI 20250321 CS;SIMPLE_INSTRUMENT;BLOCK;USD;14;310.07000000;400;EXCHANGE_LAST;;1;1;XEUR;7590726;48140;
02.01.2025;08:21:54.678;FOAT SI 20250306 PS;SIMPLE_INSTRUMENT;EFP_FIN;EUR;1;123.20000000;1251;EXCHANGE_LAST;;1;1;XEUR;11286683;749;
02.01.2025;08:43:25.461;FOAT SI 20250306 PS;SIMPLE_INSTRUMENT;BLOCK;EUR;2;123.19000000;260;EXCHANGE_LAST;;1;1;XEUR;11286683;749;
02.01.2025;08:48:21.949;FOAT SI 20250306 PS;SIMPLE_INSTRUMENT;EFP_FIN;EUR;3;123.19000000;355;EXCHANGE_LAST;;1;1;XEUR;11286683;749;
02.01.2025;08:57:01.723;FOAT SI 20250306 PS;SIMPLE_INSTRUMENT;EFP_FIN;EUR;4;123.20000000;780;EXCHANGE_LAST;;1;1;XEUR;11286683;749;
02.01.2025;09:01:44.998;FOAT SI 20250306 PS;SIMPLE_INSTRUMENT;EFP_FIN;EUR;5;123.20000000;778;EXCHANGE_LAST;;1;1;XEUR;11286683;749;
02.01.2025;09:10:30.394;FOAT SI 20250306 PS;SIMPLE_INSTRUMENT;EFP_FIN;EUR;6;123.28000000;3325;EXCHANGE_LAST;;1;1;XEUR;11286683;749;
02.01.2025;09:11:30.768;FOAT SI 20250306 PS;SIMPLE_INSTRUMENT;EFP_FIN;EUR;7;123.22000000;354;EXCHANGE_LAST;;1;1;XEUR;11286683;749;
02.01.2025;09:23:40.258;FOAT SI 20250306 PS;SIMPLE_INSTRUMENT;BLOCK;EUR;8;123.26000000;260;EXCHANGE_LAST;;1;1;XEUR;11286683;749;
02.01.2025;09:39:13.872;FOAT SI 20250306 PS;SIMPLE_INSTRUMENT;EFP_FIN;EUR;9;123.30000000;1071;EXCHANGE_LAST;;1;1;XEUR;11286683;749;
02.01.2025;09:42:25.345;FOAT SI 20250306 PS;SIMPLE_INSTRUMENT;EFS;EUR;10;123.29000000;1256;EXCHANGE_LAST;;1;1;XEUR;11286683;749;
02.01.2025;09:47:37.844;FOAT SI 20250306 PS;SIMPLE_INSTRUMENT;EFP_FIN;EUR;11;123.23000000;178;EXCHANGE_LAST;;1;1;XEUR;11286683;749;
02.01.2025;09:48:42.270;FOAT SI 20250306 PS;SIMPLE_INSTRUMENT;BLOCK;EUR;12;123.28000000;979;EXCHANGE_LAST;;1;1;XEUR;11286683;749;
02.01.2025;10:08:33.285;FOAT SI 20250306 PS;SIMPLE_INSTRUMENT;EFP_FIN;EUR;13;123.29000000;690;EXCHANGE_LAST;;1;1;XEUR;11286683;749;
02.01.2025;10:22:31.150;FOAT SI 20250306 PS;SIMPLE_INSTRUMENT;EFP_FIN;EUR;14;123.28000000;1773;EXCHANGE_LAST;;1;1;XEUR;11286683;749;
02.01.2025;10:24:44.750;FOAT SI 20250306 PS;SIMPLE_INSTRUMENT;EFP_FIN;EUR;15;123.23000000;89;EXCHANGE_LAST;;1;1;XEUR;11286683;749;
02.01.2025;10:27:17.959;FOAT SI 20250306 PS;SIMPLE_INSTRUMENT;EFP_FIN;EUR;16;123.32000000;233;EXCHANGE_LAST;;1;1;XEUR;11286683;749;
02.01.2025;10:31:39.839;FOAT SI 20250306 PS;SIMPLE_INSTRUMENT;EFP_FIN;EUR;17;123.19000000;625;EXCHANGE_LAST;;1;1;XEUR;11286683;749;
02.01.2025;10:44:14.631;FOAT SI 20250306 PS;SIMPLE_INSTRUMENT;EFP_FIN;EUR;18;123.23000000;625;EXCHANGE_LAST;;1;1;XEUR;11286683;749;
02.01.2025;10:52:32.549;FOAT SI 20250306 PS;SIMPLE_INSTRUMENT;EFP_FIN;EUR;19;123.32000000;546;EXCHANGE_LAST;;1;1;XEUR;11286683;749;
02.01.2025;11:02:33.674;FOAT SI 20250306 PS;SIMPLE_INSTRUMENT;BLOCK;EUR;20;123.57000000;1120;EXCHANGE_LAST;;1;1;XEUR;11286683;749;
02.01.2025;11:02:38.923;FOAT SI 20250306 PS;SIMPLE_INSTRUMENT;EFP_FIN;EUR;21;123.19000000;417;EXCHANGE_LAST;;1;1;XEUR;11286683;749;
02.01.2025;11:15:51.325;FOAT SI 20250306 PS;SIMPLE_INSTRUMENT;BLOCK;EUR;23;123.56000000;980;EXCHANGE_LAST;;1;1;XEUR;11286683;749;
02.01.2025;11:13:12.896;FOAT SI 20250306 PS;SIMPLE_INSTRUMENT;EFP_FIN;EUR;24;123.56000000;778;EXCHANGE_LAST;;1;1;XEUR;11286683;749;
02.01.2025;11:33:24.665;FOAT SI 20250306 PS;SIMPLE_INSTRUMENT;EFP_FIN;EUR;25;123.55000000;517;EXCHANGE_LAST;;1;1;XEUR;11286683;749;
02.01.2025;12:45:25.359;FOAT SI 20250306 PS;SIMPLE_INSTRUMENT;EFP_FIN;EUR;26;123.55000000;233;EXCHANGE_LAST;;1;1;XEUR;11286683;749;
02.01.2025;13:11:41.735;FOAT SI 20250306 PS;SIMPLE_INSTRUMENT;EFP_FIN;EUR;27;123.55000000;834;EXCHANGE_LAST;;1;1;XEUR;11286683;749;
02.01.2025;13:23:51.372;FOAT SI 20250306 PS;SIMPLE_INSTRUMENT;EFP_FIN;EUR;28;123.53000000;443;EXCHANGE_LAST;;1;1;XEUR;11286683;749;
02.01.2025;13:24:40.829;FOAT SI 20250306 PS;SIMPLE_INSTRUMENT;EFP_FIN;EUR;29;123.52000000;1251;EXCHANGE_LAST;;1;1;XEUR;11286683;749;
02.01.2025;16:27:23.050;FOAT SI 20250306 PS;SIMPLE_INSTRUMENT;EFP_FIN;EUR;30;123.16000000;965;EXCHANGE_LAST;;1;1;XEUR;11286683;749;
02.01.2025;16:44:19.575;FOAT SI 20250306 PS;SIMPLE_INSTRUMENT;EFP_FIN;EUR;31;123.05000000;83;EXCHANGE_LAST;;1;1;XEUR;11286683;749;
02.01.2025;16:53:59.601;FOAT SI 20250306 PS;SIMPLE_INSTRUMENT;EFP_FIN;EUR;32;123.03000000;734;EXCHANGE_LAST;;1;1;XEUR;11286683;749;
02.01.2025;16:59:28.450;FOAT SI 20250306 PS;SIMPLE_INSTRUMENT;EFP_FIN;EUR;33;123.05000000;200;EXCHANGE_LAST;;1;1;XEUR;11286683;749;
02.01.2025;17:08:06.732;FOAT SI 20250306 PS;SIMPLE_INSTRUMENT;EFP_FIN;EUR;34;122.95000000;195;EXCHANGE_LAST;;1;1;XEUR;11286683;749;
02.01.2025;13:23:52.900;FRE SI 20251219 PS AM C 40.00 0;SIMPLE_INSTRUMENT;BLOCK;EUR;2;0.96000000;1000;EXCHANGE_LAST;;1;1;XEUR;5930646;760;
02.01.2025;16:42:39.824;FSCP SI 20250321 CS;SIMPLE_INSTRUMENT;EFP_IDX;EUR;19;336.80000000;90;EXCHANGE_LAST;;1;1;XEUR;11360241;764;
02.01.2025;16:44:47.782;FSEG SI 20250321 CS;SIMPLE_INSTRUMENT;EFP_IDX;EUR;22;190.00000000;13;EXCHANGE_LAST;;1;1;XEUR;11393888;109977;
02.01.2025;16:48:11.619;FSEG SI 20250321 CS;SIMPLE_INSTRUMENT;EFP_IDX;EUR;23;189.90000000;4;EXCHANGE_LAST;;1;1;XEUR;11393888;109977;
02.01.2025;16:48:33.031;FSEG SI 20250321 CS;SIMPLE_INSTRUMENT;EFP_IDX;EUR;24;190.00000000;6;EXCHANGE_LAST;;1;1;XEUR;11393888;109977;
02.01.2025;16:50:12.688;FSTA SI 20250321 CS;SIMPLE_INSTRUMENT;EFP_IDX;EUR;5;551.70000000;469;EXCHANGE_LAST;;1;1;XEUR;11359808;715;
02.01.2025;16:50:20.965;FSTA SI 20250321 CS;SIMPLE_INSTRUMENT;EFP_IDX;EUR;6;551.70000000;235;EXCHANGE_LAST;;1;1;XEUR;11359808;715;
02.01.2025;16:43:03.822;FSTE SI 20250321 CS;SIMPLE_INSTRUMENT;EFP_IDX;EUR;3;341.60000000;26;EXCHANGE_LAST;;1;1;XEUR;11359812;719;
02.01.2025;16:43:03.842;FSTE SI 20250321 CS;SIMPLE_INSTRUMENT;EFP_IDX;EUR;4;341.70000000;62;EXCHANGE_LAST;;1;1;XEUR;11359812;719;
02.01.2025;11:12:02.412;FTE.O.250102.STG.000002;STANDARD_OPTION_STRATEGY;BLOCK;EUR;9;0.41000000;5000;EXCHANGE_LAST;;2;1;XEUR;72060703594263342;724;
02.01.2025;11:12:02.412;FTE SI 20250321 PS AM C 10.00 0;SIMPLE_INSTRUMENT;BLOCK;EUR;9;0.16000000;5000;PRC_DECOMP_EXCHANGE;;;;XEUR;10840132;724;EXCHANGE
02.01.2025;11:12:02.412;FTE SI 20250321 PS AM P 9.60 0;SIMPLE_INSTRUMENT;BLOCK;EUR;9;0.25000000;5000;PRC_DECOMP_EXCHANGE;;;;XEUR;10840130;724;EXCHANGE
02.01.2025;15:54:35.858;FVS SI 20250219 CS;SIMPLE_INSTRUMENT;BLOCK;EUR;51;18.15000000;2000;EXCHANGE_LAST;;1;1;XEUR;11334509;821;
02.01.2025;15:54:53.275;FVS SI 20250318 CS;SIMPLE_INSTRUMENT;BLOCK;EUR;52;18.20000000;1000;EXCHANGE_LAST;;1;1;XEUR;11520513;821;
02.01.2025;15:55:14.502;FVS SI 20250318 CS;SIMPLE_INSTRUMENT;BLOCK;EUR;53;18.35000000;1000;EXCHANGE_LAST;;1;1;XEUR;11520513;821;
02.01.2025;11:57:59.967;FXXE SI 20250321 CS;SIMPLE_INSTRUMENT;BLOCK;EUR;6;503.90000000;1623;EXCHANGE_LAST;;1;1;XEUR;11360753;819;
02.01.2025;12:31:01.626;FXXP SI 20250321 CS;SIMPLE_INSTRUMENT;BLOCK;EUR;49;508.30000000;7449;EXCHANGE_LAST;;1;1;XEUR;7793972;816;
02.01.2025;16:22:10.215;FXXP SI 20250321 CS;SIMPLE_INSTRUMENT;BLOCK;EUR;54;512.30000000;1885;EXCHANGE_LAST;;1;1;XEUR;7793972;816;
02.01.2025;16:42:31.931;FXXP SI 20250321 CS;SIMPLE_INSTRUMENT;BLOCK;EUR;57;512.90000000;1960;EXCHANGE_LAST;;1;1;XEUR;7793972;816;
02.01.2025;16:42:32.530;FXXP SI 20250321 CS;SIMPLE_INSTRUMENT;BLOCK;EUR;58;513.00000000;14791;EXCHANGE_LAST;;1;1;XEUR;7793972;816;
02.01.2025;11:42:24.144;GZF SI 20250117 PS AM P 15.40 0;SIMPLE_INSTRUMENT;BLOCK;EUR;11;0.16000000;7500;EXCHANGE_LAST;;2;3;XEUR;12076313;855;
02.01.2025;12:08:14.121;GZF SI 20251219 PS AM P 12.00 0;SIMPLE_INSTRUMENT;BLOCK;EUR;12;0.35000000;2250;EXCHANGE_LAST;;1;1;XEUR;5932149;855;
02.01.2025;13:23:33.862;GZF SI 20250620 PS AM P 15.00 0;SIMPLE_INSTRUMENT;BLOCK;EUR;18;1.03000000;10000;EXCHANGE_LAST;;1;1;XEUR;11361735;855;
02.01.2025;13:58:35.511;GZF SI 20250620 PS AM P 14.00 0;SIMPLE_INSTRUMENT;BLOCK;EUR;19;0.54000000;5000;EXCHANGE_LAST;;1;1;XEUR;7905359;855;
02.01.2025;09:37:25.772;HMI SI 20250321 PS AM P 2000.00 0;SIMPLE_INSTRUMENT;BLOCK;EUR;5;28.80000000;75;EXCHANGE_LAST;;1;1;XEUR;11114236;950;
02.01.2025;15:45:56.308;I3ES SI 20261218 CS;SIMPLE_INSTRUMENT;BLOCK;EUR;3;0.32000000;500;EXCHANGE_LAST;;1;1;XEUR;6805357;913;
02.01.2025;15:46:20.281;I3ES SI 20261218 CS;SIMPLE_INSTRUMENT;BLOCK;EUR;4;0.31700000;2500;EXCHANGE_LAST;;1;1;XEUR;6805357;913;
02.01.2025;09:24:32.020;IFX SI 20250117 PS AM C 33.00 0;SIMPLE_INSTRUMENT;BLOCK;EUR;1;0.35000000;2757;EXCHANGE_LAST;;1;1;XEUR;12076986;902;
02.01.2025;11:41:06.539;IFX FI 20250221 CS EU C 32.0000 0;FLEXIBLE_INSTRUMENT;BLOCK;EUR;2;1.33000000;6300;EXCHANGE_LAST;;1;1;XEUR;1152925378667361996;902;
02.01.2025;11:41:37.278;IFX FI 20250221 CS EU C 32.5000 0;FLEXIBLE_INSTRUMENT;BLOCK;EUR;3;1.12000000;6300;EXCHANGE_LAST;;1;1;XEUR;1152925378667361997;902;
02.01.2025;11:39:39.466;IFX SI 20251219 PS AM P 32.00 0;SIMPLE_INSTRUMENT;BLOCK;EUR;4;4.31000000;1000;EXCHANGE_LAST;;1;1;XEUR;5933327;902;
02.01.2025;13:54:05.443;IFX SI 20291221 PS AM P 24.00 0;SIMPLE_INSTRUMENT;BLOCK;EUR;6;4.42000000;1000;EXCHANGE_LAST;;1;1;XEUR;12445170;902;
02.01.2025;16:05:25.097;IFX.O.250102.COMBO.000011;STANDARD_OPTION_STRATEGY;BLOCK;EUR;9;0.08000000;1000;EXCHANGE_LAST;;1;1;XEUR;72061468098469165;902;
02.01.2025;16:05:25.097;IFX SI 20250221 PS AM P 30.00 0;SIMPLE_INSTRUMENT;BLOCK;EUR;9;1.16000000;1000;PRC_DECOMP_EXCHANGE;;;;XEUR;12246974;902;EXCHANGE
02.01.2025;16:05:25.097;IFX SI 20250221 PS AM C 33.00 0;SIMPLE_INSTRUMENT;BLOCK;EUR;9;1.08000000;1000;PRC_DECOMP_EXCHANGE;;;;XEUR;12246978;902;EXCHANGE
02.01.2025;12:05:28.824;IGLN SI 20250221 PS AM P 49.25 0;SIMPLE_INSTRUMENT;BLOCK;USD;1;0.26000000;6000;EXCHANGE_LAST;;1;1;XEUR;12267545;75966;
02.01.2025;12:05:37.783;IGLN SI 20250221 PS AM P 49.25 0;SIMPLE_INSTRUMENT;BLOCK;USD;2;0.27000000;14000;EXCHANGE_LAST;;1;1;XEUR;12267545;75966;
02.01.2025;09:21:40.047;MOH SI 20250117 PS AM C 650.00 0;SIMPLE_INSTRUMENT;BLOCK;EUR;4;6.45000000;146;EXCHANGE_LAST;;1;1;XEUR;12078866;1074;
02.01.2025;14:39:40.370;MUV2 SI 20260619 PS AM P 360.00 0;SIMPLE_INSTRUMENT;BLOCK;EUR;3;11.72000000;200;EXCHANGE_LAST;;1;1;XEUR;9558314;1234;
02.01.2025;16:39:01.258;N2DB SI 20251219 CS;SIMPLE_INSTRUMENT;BLOCK;EUR;5;1.00500000;250;EXCHANGE_LAST;;1;2;XEUR;5914924;57102;
02.01.2025;09:20:03.388;OBTP.O.250102.RBER.000002;STANDARD_OPTION_STRATEGY;BLOCK;EUR;8;-0.52000000;150;EXCHANGE_LAST;;1;1;XEUR;72310189654565726;58812;
02.01.2025;09:20:03.388;OBTP SI 20250124 PS AM P 121.00 0;SIMPLE_INSTRUMENT;BLOCK;EUR;8;1.30000000;150;PRC_DECOMP_EXCHANGE;;;;XEUR;12143749;58812;EXCHANGE
02.01.2025;09:20:03.388;OBTP SI 20250124 PS AM P 119.00 0;SIMPLE_INSTRUMENT;BLOCK;EUR;8;0.39000000;300;PRC_DECOMP_EXCHANGE;;;;XEUR;12143789;58812;EXCHANGE
02.01.2025;09:39:39.775;OBTP SI 20250124 PS AM C 122.00 0;SIMPLE_INSTRUMENT;BLOCK;EUR;11;0.16000000;200;EXCHANGE_LAST;;1;1;XEUR;12143738;58812;
02.01.2025;09:39:59.970;OBTP SI 20250124 PS AM C 123.00 0;SIMPLE_INSTRUMENT;BLOCK;EUR;12;0.08000000;200;EXCHANGE_LAST;;1;1;XEUR;12143742;58812;
02.01.2025;09:40:17.221;OBTP SI 20250124 PS AM C 124.00 0;SIMPLE_INSTRUMENT;BLOCK;EUR;13;0.04000000;200;EXCHANGE_LAST;;1;1;XEUR;12143762;58812;
02.01.2025;16:53:32.037;OBTP.O.250102.BER.000004;STANDARD_OPTION_STRATEGY;BLOCK;EUR;45;0.98000000;150;EXCHANGE_LAST;;1;1;XEUR;72310189654565728;58812;
02.01.2025;16:53:32.037;OBTP SI 20250124 PS AM P 121.50 0;SIMPLE_INSTRUMENT;BLOCK;EUR;45;1.82000000;150;PRC_DECOMP_EXCHANGE;;;;XEUR;12143739;58812;EXCHANGE
02.01.2025;16:53:32.037;OBTP SI 20250124 PS AM P 120.00 0;SIMPLE_INSTRUMENT;BLOCK;EUR;45;0.84000000;150;PRC_DECOMP_EXCHANGE;;;;XEUR;12143745;58812;EXCHANGE
02.01.2025;16:59:04.053;OBTP.O.250102.BER.000005;STANDARD_OPTION_STRATEGY;BLOCK;EUR;46;1.41000000;100;EXCHANGE_LAST;;1;1;XEUR;72310189654565729;58812;
02.01.2025;16:59:04.053;OBTP SI 20250124 PS AM P 121.50 0;SIMPLE_INSTRUMENT;BLOCK;EUR;46;1.87000000;100;PRC_DECOMP_EXCHANGE;;;;XEUR;12143739;58812;EXCHANGE
02.01.2025;16:59:04.053;OBTP SI 20250124 PS AM P 119.00 0;SIMPLE_INSTRUMENT;BLOCK;EUR;46;0.46000000;100;PRC_DECOMP_EXCHANGE;;;;XEUR;12143789;58812;EXCHANGE
02.01.2025;14:05:33.493;ODAX SI 20251219 CS EU P 19000 0;SIMPLE_INSTRUMENT;BLOCK;EUR;5;689.70000000;508;EXCHANGE_LAST;;1;1;XEUR;9641082;1176;
02.01.2025;14:06:43.433;ODAX SI 20260320 CS EU P 19000 0;SIMPLE_INSTRUMENT;BLOCK;EUR;6;815.10000000;508;EXCHANGE_LAST;;1;1;XEUR;9641074;1176;
02.01.2025;14:08:06.087;ODAX SI 20250620 CS EU P 19200 0;SIMPLE_INSTRUMENT;BLOCK;EUR;7;439.00000000;503;EXCHANGE_LAST;;1;1;XEUR;10786861;1176;
02.01.2025;14:09:24.545;ODAX SI 20250919 CS EU P 19100 0;SIMPLE_INSTRUMENT;BLOCK;EUR;8;575.20000000;505;EXCHANGE_LAST;;1;1;XEUR;11477386;1176;
02.01.2025;09:47:49.947;ODAX.V.250102.PUT+U.000145;OPTION_VOLATILITY_STRATEGY;BLOCK;EUR;671088641;315.90000000;1;EXCHANGE_LAST;;1;1;XEUR;72062644920398523;1176;
02.01.2025;09:47:49.947;FDAX SI 20250321 CS;SIMPLE_INSTRUMENT;BLOCK;EUR;671088641;20028.00000000;25;PRC_DECOMP_EXCHANGE;;;;XEUR;7561255;1176;EXCHANGE
02.01.2025;09:47:49.947;ODAX SI 20250321 CS EU P 19400 0;SIMPLE_INSTRUMENT;BLOCK;EUR;671088641;315.90000000;400;PRC_DECOMP_EXCHANGE;;;;XEUR;10382405;1176;EXCHANGE
02.01.2025;13:53:14.043;ODAX.V.250102.PUT+U.000198;OPTION_VOLATILITY_STRATEGY;BLOCK;EUR;671088643;560.30000000;1;EXCHANGE_LAST;;1;1;XEUR;72062644920398576;1176;
02.01.2025;13:53:14.043;ODAX SI 20251219 CS EU P 18400 0;SIMPLE_INSTRUMENT;BLOCK;EUR;671088643;560.30000000;900;PRC_DECOMP_EXCHANGE;;;;XEUR;9641080;1176;EXCHANGE
02.01.2025;13:53:14.043;FDAX SI 20250321 CS;SIMPLE_INSTRUMENT;BLOCK;EUR;671088643;20100.00000000;41;PRC_DECOMP_EXCHANGE;;;;XEUR;7561255;1176;EXCHANGE
02.01.2025;14:12:09.132;ODAX.V.250102.COMBO+U.000196;OPTION_VOLATILITY_STRATEGY;BLOCK;EUR;671088644;39.40000000;6;EXCHANGE_LAST;;1;1;XEUR;72062644920398574;1176;
02.01.2025;14:12:09.132;ODAX SI 20250221 CS EU C 20500 0;SIMPLE_INSTRUMENT;BLOCK;EUR;671088644;187.00000000;750;PRC_DECOMP_EXCHANGE;;;;XEUR;12306241;1176;EXCHANGE
02.01.2025;14:12:09.132;FDAX SI 20250321 CS;SIMPLE_INSTRUMENT;BLOCK;EUR;671088644;20080.00000000;90;PRC_DECOMP_EXCHANGE;;;;XEUR;7561255;1176;EXCHANGE
02.01.2025;14:12:09.132;ODAX SI 20250221 CS EU P 19500 0;SIMPLE_INSTRUMENT;BLOCK;EUR;671088644;226.40000000;750;PRC_DECOMP_EXCHANGE;;;;XEUR;12250565;1176;EXCHANGE
02.01.2025;08:55:52.580;OESB SI 20250321 CS EU P 140.0 0;SIMPLE_INSTRUMENT;BLOCK;EUR;1;3.55000000;8000;EXCHANGE_LAST;;1;1;XEUR;10414001;1195;
02.01.2025;11:05:31.206;OESB SI 20250321 CS EU C 145.0 0;SIMPLE_INSTRUMENT;BLOCK;EUR;6;4.25000000;6000;EXCHANGE_LAST;;1;1;XEUR;10413997;1195;
02.01.2025;12:09:47.135;OESB SI 20250117 CS EU C 143.0 0;SIMPLE_INSTRUMENT;BLOCK;EUR;7;2.55000000;8000;EXCHANGE_LAST;;1;1;XEUR;12081143;1195;
02.01.2025;13:25:33.385;OESB.O.250102.STG.000031;STANDARD_OPTION_STRATEGY;BLOCK;EUR;16;5.20000000;7320;EXCHANGE_LAST;;1;1;XEUR;72062726523976731;1195;
02.01.2025;13:25:33.385;OESB SI 20250321 CS EU P 140.0 0;SIMPLE_INSTRUMENT;BLOCK;EUR;16;4.00000000;7320;PRC_DECOMP_EXCHANGE;;;;XEUR;10414001;1195;EXCHANGE
02.01.2025;13:25:33.385;OESB SI 20250321 CS EU C 157.0 0;SIMPLE_INSTRUMENT;BLOCK;EUR;16;1.20000000;7320;PRC_DECOMP_EXCHANGE;;;;XEUR;12450974;1195;EXCHANGE
02.01.2025;13:24:54.971;OESB.O.250102.STG.000030;STANDARD_OPTION_STRATEGY;BLOCK;EUR;17;5.00000000;7320;EXCHANGE_LAST;;1;1;XEUR;72062726523976730;1195;
02.01.2025;13:24:54.971;OESB SI 20250321 CS EU C 151.0 0;SIMPLE_INSTRUMENT;BLOCK;EUR;17;2.70000000;7320;PRC_DECOMP_EXCHANGE;;;;XEUR;12450949;1195;EXCHANGE
02.01.2025;13:24:54.971;OESB SI 20250321 CS EU P 133.0 0;SIMPLE_INSTRUMENT;BLOCK;EUR;17;2.30000000;7320;PRC_DECOMP_EXCHANGE;;;;XEUR;12451078;1195;EXCHANGE
02.01.2025;09:25:21.024;OESB.V.250102.CALL-U.000011;OPTION_VOLATILITY_STRATEGY;BLOCK;EUR;603979780;3.00000000;60;EXCHANGE_LAST;;1;1;XEUR;72062726523976711;1195;
02.01.2025;09:25:21.024;FESB SI 20250321 CS;SIMPLE_INSTRUMENT;BLOCK;EUR;603979780;146.30000000;3060;PRC_DECOMP_EXCHANGE;;;;XEUR;11359072;1195;EXCHANGE
02.01.2025;09:25:21.024;OESB SI 20250117 CS EU C 145.0 0;SIMPLE_INSTRUMENT;BLOCK;EUR;603979780;3.00000000;6000;PRC_DECOMP_EXCHANGE;;;;XEUR;12081147;1195;EXCHANGE
02.01.2025;13:42:49.333;OESB.V.250102.CALL-U.000032;OPTION_VOLATILITY_STRATEGY;BLOCK;EUR;603979794;4.45000000;100;EXCHANGE_LAST;;1;1;XEUR;72062726523976732;1195;
02.01.2025;13:42:49.333;FESB SI 20250321 CS;SIMPLE_INSTRUMENT;BLOCK;EUR;603979794;142.80000000;4900;PRC_DECOMP_EXCHANGE;;;;XEUR;11359072;1195;EXCHANGE
02.01.2025;13:42:49.333;OESB SI 20250321 CS EU C 145.0 0;SIMPLE_INSTRUMENT;BLOCK;EUR;603979794;4.45000000;10000;PRC_DECOMP_EXCHANGE;;;;XEUR;10413997;1195;EXCHANGE
02.01.2025;14:03:57.879;OESB.V.250102.CALL-U.000032;OPTION_VOLATILITY_STRATEGY;BLOCK;EUR;603979795;4.45000000;120;EXCHANGE_LAST;;1;2;XEUR;72062726523976732;1195;
02.01.2025;14:03:57.879;FESB SI 20250321 CS;SIMPLE_INSTRUMENT;BLOCK;EUR;603979795;142.80000000;5880;PRC_DECOMP_MEMBER;;;;XEUR;11359072;1195;MEMBER
02.01.2025;14:03:57.879;OESB SI 20250321 CS EU C 145.0 0;SIMPLE_INSTRUMENT;BLOCK;EUR;603979795;4.45000000;12000;PRC_DECOMP_MEMBER;;;;XEUR;10413997;1195;MEMBER
02.01.2025;08:33:34.165;OESX SI 20250117 CS EU C 5125 0;SIMPLE_INSTRUMENT;BLOCK;EUR;2;2.80000000;1710;EXCHANGE_LAST;;1;1;XEUR;11282765;1210;
02.01.2025;08:33:51.770;OESX SI 20250117 CS EU C 5125 0;SIMPLE_INSTRUMENT;BLOCK;EUR;3;2.90000000;8290;EXCHANGE_LAST;;1;1;XEUR;11282765;1210;
02.01.2025;09:22:44.103;OESX SI 20250620 CS EU C 4950 0;SIMPLE_INSTRUMENT;BLOCK;EUR;10;141.20000000;3000;EXCHANGE_LAST;;1;1;XEUR;10933311;1210;
02.01.2025;09:23:00.212;OESX SI 20250620 CS EU C 5500 0;SIMPLE_INSTRUMENT;BLOCK;EUR;11;13.30000000;6000;EXCHANGE_LAST;;1;1;XEUR;9746591;1210;
02.01.2025;09:46:52.133;OESX SI 20250321 CS EU C 4900 0;SIMPLE_INSTRUMENT;BLOCK;EUR;16;127.40000000;2350;EXCHANGE_LAST;;1;1;XEUR;8653348;1210;
02.01.2025;09:46:58.080;OESX SI 20250221 CS EU C 4950 0;SIMPLE_INSTRUMENT;BLOCK;EUR;18;71.00000000;3102;EXCHANGE_LAST;;1;1;XEUR;10641487;1210;
02.01.2025;09:47:04.297;OESX SI 20250221 CS EU P 4450 0;SIMPLE_INSTRUMENT;BLOCK;EUR;19;13.90000000;4653;EXCHANGE_LAST;;1;1;XEUR;10641497;1210;
02.01.2025;09:52:44.714;OESX SI 20250620 CS EU P 3900 0;SIMPLE_INSTRUMENT;BLOCK;EUR;25;32.50000000;2600;EXCHANGE_LAST;;1;1;XEUR;7798364;1210;
02.01.2025;09:53:23.476;OESX SI 20250620 CS EU P 3800 0;SIMPLE_INSTRUMENT;BLOCK;EUR;26;27.60000000;2625;EXCHANGE_LAST;;1;1;XEUR;7798371;1210;
02.01.2025;10:07:10.083;OESX SI 20251219 CS EU P 4400 0;SIMPLE_INSTRUMENT;BLOCK;EUR;30;155.00000000;5225;EXCHANGE_LAST;;1;1;XEUR;2413964;1210;
02.01.2025;10:07:15.597;OESX SI 20251219 CS EU P 3600 0;SIMPLE_INSTRUMENT;BLOCK;EUR;31;52.00000000;5225;EXCHANGE_LAST;;1;1;XEUR;1596380;1210;
02.01.2025;10:08:25.811;OESX SI 20250321 CS EU P 4350 0;SIMPLE_INSTRUMENT;BLOCK;EUR;32;26.70000000;2400;EXCHANGE_LAST;;1;1;XEUR;10263936;1210;
02.01.2025;10:13:10.093;OESX.O.250102.BUL.000179;STANDARD_OPTION_STRATEGY;BLOCK;EUR;39;21.40000000;6000;EXCHANGE_LAST;;1;1;XEUR;72062790950185250;1210;
02.01.2025;10:13:10.093;OESX SI 20250321 CS EU C 5200 0;SIMPLE_INSTRUMENT;BLOCK;EUR;39;21.20000000;6000;PRC_DECOMP_EXCHANGE;;;;XEUR;8921728;1210;EXCHANGE
02.01.2025;10:13:10.093;OESX SI 20250321 CS EU C 5100 0;SIMPLE_INSTRUMENT;BLOCK;EUR;39;42.60000000;6000;PRC_DECOMP_EXCHANGE;;;;XEUR;8903915;1210;EXCHANGE
02.01.2025;10:14:52.966;OESX.O.250102.BUL.000180;STANDARD_OPTION_STRATEGY;BLOCK;EUR;40;12.30000000;1125;EXCHANGE_LAST;;1;1;XEUR;72062790950185251;1210;
02.01.2025;10:14:52.966;OESX SI 20250321 CS EU C 5150 0;SIMPLE_INSTRUMENT;BLOCK;EUR;40;30.10000000;1125;PRC_DECOMP_EXCHANGE;;;;XEUR;10849717;1210;EXCHANGE
02.01.2025;10:14:52.966;OESX SI 20250321 CS EU C 5100 0;SIMPLE_INSTRUMENT;BLOCK;EUR;40;42.40000000;1125;PRC_DECOMP_EXCHANGE;;;;XEUR;8903915;1210;EXCHANGE
02.01.2025;10:18:05.246;OESX.O.250102.BUL.000180;STANDARD_OPTION_STRATEGY;BLOCK;EUR;41;12.30000000;1125;EXCHANGE_LAST;;1;1;XEUR;72062790950185251;1210;
02.01.2025;10:18:05.246;OESX SI 20250321 CS EU C 5100 0;SIMPLE_INSTRUMENT;BLOCK;EUR;41;42.90000000;1125;PRC_DECOMP_EXCHANGE;;;;XEUR;8903915;1210;EXCHANGE
02.01.2025;10:18:05.246;OESX SI 20250321 CS EU C 5150 0;SIMPLE_INSTRUMENT;BLOCK;EUR;41;30.60000000;1125;PRC_DECOMP_EXCHANGE;;;;XEUR;10849717;1210;EXCHANGE
02.01.2025;10:18:59.341;OESX SI 20250620 CS EU P 4350 0;SIMPLE_INSTRUMENT;BLOCK;EUR;42;73.80000000;3099;EXCHANGE_LAST;;1;1;XEUR;10263923;1210;
02.01.2025;10:19:06.987;OESX SI 20250620 CS EU P 4350 0;SIMPLE_INSTRUMENT;BLOCK;EUR;43;73.70000000;2126;EXCHANGE_LAST;;1;1;XEUR;10263923;1210;
02.01.2025;10:21:18.930;OESX SI 20250117 CS EU C 5125 0;SIMPLE_INSTRUMENT;BLOCK;EUR;44;2.00000000;1680;EXCHANGE_LAST;;1;1;XEUR;11282765;1210;
02.01.2025;10:21:37.603;OESX SI 20250117 CS EU C 5125 0;SIMPLE_INSTRUMENT;BLOCK;EUR;45;2.30000000;1120;EXCHANGE_LAST;;1;1;XEUR;11282765;1210;
02.01.2025;10:23:28.352;OESX SI 20250321 CS EU P 4650 0;SIMPLE_INSTRUMENT;BLOCK;EUR;46;62.50000000;2415;EXCHANGE_LAST;;1;1;XEUR;10849721;1210;
02.01.2025;10:24:01.070;OESX SI 20250221 CS EU P 4175 0;SIMPLE_INSTRUMENT;BLOCK;EUR;47;8.60000000;1750;EXCHANGE_LAST;;1;1;XEUR;11284175;1210;
02.01.2025;10:43:27.717;OESX SI 20250221 CS EU P 4400 0;SIMPLE_INSTRUMENT;BLOCK;EUR;51;17.10000000;1200;EXCHANGE_LAST;;1;1;XEUR;10575903;1210;
02.01.2025;10:43:42.269;OESX.O.250102.BER.000229;STANDARD_OPTION_STRATEGY;BLOCK;EUR;52;37.00000000;1000;EXCHANGE_LAST;;1;1;XEUR;72062790950185300;1210;
02.01.2025;10:43:42.269;OESX SI 20250620 CS EU P 4200 0;SIMPLE_INSTRUMENT;BLOCK;EUR;52;57.00000000;1000;PRC_DECOMP_MEMBER;;;;XEUR;7798353;1210;MEMBER
02.01.2025;10:43:42.269;OESX SI 20250620 CS EU P 3600 0;SIMPLE_INSTRUMENT;BLOCK;EUR;52;20.00000000;1000;PRC_DECOMP_MEMBER;;;;XEUR;7798382;1210;MEMBER
02.01.2025;10:44:02.168;OESX SI 20250221 CS EU P 4400 0;SIMPLE_INSTRUMENT;BLOCK;EUR;53;17.00000000;1200;EXCHANGE_LAST;;1;1;XEUR;10575903;1210;
02.01.2025;10:44:32.523;OESX SI 20250221 CS EU P 4250 0;SIMPLE_INSTRUMENT;BLOCK;EUR;54;11.20000000;2400;EXCHANGE_LAST;;1;1;XEUR;10641493;1210;
02.01.2025;12:08:17.228;OESX SI 20250620 CS EU P 4300 0;SIMPLE_INSTRUMENT;BLOCK;EUR;60;67.50000000;1525;EXCHANGE_LAST;;1;1;XEUR;7798350;1210;
02.01.2025;12:25:13.570;OESX SI 20251219 CS EU P 4100 0;SIMPLE_INSTRUMENT;BLOCK;EUR;63;100.90000000;3642;EXCHANGE_LAST;;1;1;XEUR;2297661;1210;
02.01.2025;12:25:13.630;OESX SI 20251219 CS EU C 5350 0;SIMPLE_INSTRUMENT;BLOCK;EUR;64;97.00000000;3642;EXCHANGE_LAST;;1;1;XEUR;12452332;1210;
02.01.2025;12:57:21.528;OESX.O.250102.STG.000298;STANDARD_OPTION_STRATEGY;BLOCK;EUR;71;349.00000000;2000;EXCHANGE_LAST;;1;2;XEUR;72062790950185369;1210;
02.01.2025;12:57:21.528;OESX SI 20250620 CS EU P 4800 0;SIMPLE_INSTRUMENT;BLOCK;EUR;71;188.00000000;2000;PRC_DECOMP_MEMBER;;;;XEUR;7834895;1210;MEMBER
02.01.2025;12:57:21.528;OESX SI 20250620 CS EU C 4900 0;SIMPLE_INSTRUMENT;BLOCK;EUR;71;161.00000000;2000;PRC_DECOMP_MEMBER;;;;XEUR;8653350;1210;MEMBER
02.01.2025;13:08:18.620;OESX.O.250102.PDIA.000301;STANDARD_OPTION_STRATEGY;BLOCK;EUR;72;3.80000000;3000;EXCHANGE_LAST;;2;2;XEUR;72062790950185372;1210;
02.01.2025;13:08:18.620;OESX SI 20250417 CS EU P 4400 0;SIMPLE_INSTRUMENT;BLOCK;EUR;72;43.90000000;3000;PRC_DECOMP_MEMBER;;;;XEUR;10849773;1210;MEMBER
02.01.2025;13:08:18.620;OESX SI 20250321 CS EU P 4500 0;SIMPLE_INSTRUMENT;BLOCK;EUR;72;40.10000000;3000;PRC_DECOMP_MEMBER;;;;XEUR;7798492;1210;MEMBER
02.01.2025;12:59:30.779;OESX SI 20251219 CS EU P 4000 0;SIMPLE_INSTRUMENT;BLOCK;EUR;73;88.60000000;2000;EXCHANGE_LAST;;1;1;XEUR;2165700;1210;
02.01.2025;13:00:15.809;OESX SI 20250321 CS EU P 4100 0;SIMPLE_INSTRUMENT;BLOCK;EUR;74;14.90000000;2000;EXCHANGE_LAST;;1;1;XEUR;7798171;1210;
02.01.2025;13:00:36.319;OESX SI 20250620 CS EU P 4000 0;SIMPLE_INSTRUMENT;BLOCK;EUR;75;38.50000000;1000;EXCHANGE_LAST;;1;1;XEUR;7798360;1210;
02.01.2025;13:00:55.946;OESX SI 20250620 CS EU P 4000 0;SIMPLE_INSTRUMENT;BLOCK;EUR;76;38.30000000;5000;EXCHANGE_LAST;;1;1;XEUR;7798360;1210;
02.01.2025;13:31:30.788;OESX SI 20250620 CS EU C 4950 0;SIMPLE_INSTRUMENT;BLOCK;EUR;80;144.20000000;2500;EXCHANGE_LAST;;1;1;XEUR;10933311;1210;
02.01.2025;13:31:51.518;OESX SI 20250620 CS EU C 5500 0;SIMPLE_INSTRUMENT;BLOCK;EUR;81;13.90000000;7500;EXCHANGE_LAST;;1;1;XEUR;9746591;1210;
02.01.2025;13:40:24.921;OESX.O.250102.PDIA.000318;STANDARD_OPTION_STRATEGY;BLOCK;EUR;85;12.10000000;25000;EXCHANGE_LAST;;1;1;XEUR;72062790950185389;1210;
02.01.2025;13:40:24.921;OESX SI 20250221 CS EU P 4450 0;SIMPLE_INSTRUMENT;BLOCK;EUR;85;17.90000000;25000;PRC_DECOMP_EXCHANGE;;;;XEUR;10641497;1210;EXCHANGE
02.01.2025;13:40:24.921;OESX SI 20250117 CS EU P 4600 0;SIMPLE_INSTRUMENT;BLOCK;EUR;85;5.80000000;25000;PRC_DECOMP_EXCHANGE;;;;XEUR;10416542;1210;EXCHANGE
02.01.2025;13:41:46.049;OESX.O.250102.PDIA.000318;STANDARD_OPTION_STRATEGY;BLOCK;EUR;86;12.70000000;1197;EXCHANGE_LAST;;1;1;XEUR;72062790950185389;1210;
02.01.2025;13:41:46.049;OESX SI 20250221 CS EU P 4450 0;SIMPLE_INSTRUMENT;BLOCK;EUR;86;18.00000000;1197;PRC_DECOMP_EXCHANGE;;;;XEUR;10641497;1210;EXCHANGE
02.01.2025;13:41:46.049;OESX SI 20250117 CS EU P 4600 0;SIMPLE_INSTRUMENT;BLOCK;EUR;86;5.30000000;1197;PRC_DECOMP_EXCHANGE;;;;XEUR;10416542;1210;EXCHANGE
02.01.2025;13:41:53.047;OESX.O.250102.PDIA.000318;STANDARD_OPTION_STRATEGY;BLOCK;EUR;87;12.60000000;1196;EXCHANGE_LAST;;1;1;XEUR;72062790950185389;1210;
02.01.2025;13:41:53.047;OESX SI 20250221 CS EU P 4450 0;SIMPLE_INSTRUMENT;BLOCK;EUR;87;18.10000000;1196;PRC_DECOMP_EXCHANGE;;;;XEUR;10641497;1210;EXCHANGE
02.01.2025;13:41:53.047;OESX SI 20250117 CS EU P 4600 0;SIMPLE_INSTRUMENT;BLOCK;EUR;87;5.50000000;1196;PRC_DECOMP_EXCHANGE;;;;XEUR;10416542;1210;EXCHANGE
02.01.2025;14:25:35.465;OESX SI 20250117 CS EU P 3800 0;SIMPLE_INSTRUMENT;BLOCK;EUR;96;0.70000000;1771;EXCHANGE_LAST;;1;1;XEUR;10416498;1210;
02.01.2025;14:25:44.683;OESX SI 20250117 CS EU P 4000 0;SIMPLE_INSTRUMENT;BLOCK;EUR;97;1.00000000;1599;EXCHANGE_LAST;;1;1;XEUR;10416514;1210;
02.01.2025;14:25:50.370;OESX SI 20250117 CS EU P 4200 0;SIMPLE_INSTRUMENT;BLOCK;EUR;98;1.70000000;1450;EXCHANGE_LAST;;1;1;XEUR;10416510;1210;
02.01.2025;14:25:55.586;OESX SI 20250117 CS EU P 4400 0;SIMPLE_INSTRUMENT;BLOCK;EUR;99;3.00000000;1321;EXCHANGE_LAST;;1;1;XEUR;10416531;1210;
02.01.2025;14:26:01.510;OESX SI 20250117 CS EU P 4600 0;SIMPLE_INSTRUMENT;BLOCK;EUR;100;6.40000000;1209;EXCHANGE_LAST;;1;1;XEUR;10416542;1210;
02.01.2025;14:26:06.779;OESX SI 20250117 CS EU P 4800 0;SIMPLE_INSTRUMENT;BLOCK;EUR;101;28.30000000;1110;EXCHANGE_LAST;;1;1;XEUR;10416562;1210;
02.01.2025;14:26:12.099;OESX SI 20250117 CS EU C 5000 0;SIMPLE_INSTRUMENT;BLOCK;EUR;102;12.80000000;1023;EXCHANGE_LAST;;1;1;XEUR;10415904;1210;
02.01.2025;14:34:19.432;OESX.O.250102.PDIA.000320;STANDARD_OPTION_STRATEGY;BLOCK;EUR;103;3.40000000;1500;EXCHANGE_LAST;;1;1;XEUR;72062790950185391;1210;
02.01.2025;14:34:19.432;OESX SI 20250919 CS EU P 2000 0;SIMPLE_INSTRUMENT;BLOCK;EUR;103;4.40000000;1500;PRC_DECOMP_MEMBER;;;;XEUR;11890868;1210;MEMBER
02.01.2025;14:34:19.432;OESX SI 20250321 CS EU P 2500 0;SIMPLE_INSTRUMENT;BLOCK;EUR;103;1.00000000;1500;PRC_DECOMP_MEMBER;;;;XEUR;7873508;1210;MEMBER
02.01.2025;14:53:41.639;OESX SI 20250620 CS EU P 4500 0;SIMPLE_INSTRUMENT;BLOCK;EUR;109;98.50000000;1020;EXCHANGE_LAST;;1;1;XEUR;7798342;1210;
02.01.2025;14:53:46.581;OESX SI 20250620 CS EU P 4500 0;SIMPLE_INSTRUMENT;BLOCK;EUR;110;98.00000000;1133;EXCHANGE_LAST;;1;1;XEUR;7798342;1210;
02.01.2025;14:59:10.001;OESX SI 20250620 CS EU P 4500 0;SIMPLE_INSTRUMENT;BLOCK;EUR;111;96.00000000;2237;EXCHANGE_LAST;;1;1;XEUR;7798342;1210;
02.01.2025;14:59:16.051;OESX SI 20250919 CS EU P 4400 0;SIMPLE_INSTRUMENT;BLOCK;EUR;112;116.00000000;2288;EXCHANGE_LAST;;1;1;XEUR;8238255;1210;
02.01.2025;14:57:03.421;OESX.O.250102.BER.000380;STANDARD_OPTION_STRATEGY;BLOCK;EUR;113;101.70000000;2150;EXCHANGE_LAST;;1;1;XEUR;72062790950185451;1210;
02.01.2025;14:57:03.421;OESX SI 20251219 CS EU P 3600 0;SIMPLE_INSTRUMENT;BLOCK;EUR;113;49.50000000;2150;PRC_DECOMP_EXCHANGE;;;;XEUR;1596380;1210;EXCHANGE
02.01.2025;14:57:03.421;OESX SI 20251219 CS EU P 4400 0;SIMPLE_INSTRUMENT;BLOCK;EUR;113;151.20000000;2150;PRC_DECOMP_EXCHANGE;;;;XEUR;2413964;1210;EXCHANGE
02.01.2025;14:59:22.389;OESX SI 20251219 CS EU P 4400 0;SIMPLE_INSTRUMENT;BLOCK;EUR;114;152.00000000;2288;EXCHANGE_LAST;;1;1;XEUR;2413964;1210;
02.01.2025;15:01:51.049;OESX SI 20260320 CS EU P 4300 0;SIMPLE_INSTRUMENT;BLOCK;EUR;115;166.70000000;1698;EXCHANGE_LAST;;1;1;XEUR;9057247;1210;
02.01.2025;15:01:57.157;OESX SI 20260320 CS EU P 4300 0;SIMPLE_INSTRUMENT;BLOCK;EUR;116;166.50000000;1200;EXCHANGE_LAST;;1;1;XEUR;9057247;1210;
02.01.2025;15:12:11.426;OESX.O.250102.PBUT.000382;STANDARD_OPTION_STRATEGY;BLOCK;EUR;117;14.90000000;2400;EXCHANGE_LAST;;1;1;XEUR;72062790950185453;1210;
02.01.2025;15:12:11.426;OESX SI 20251219 CS EU P 4400 0;SIMPLE_INSTRUMENT;BLOCK;EUR;117;150.10000000;4800;PRC_DECOMP_EXCHANGE;;;;XEUR;2413964;1210;EXCHANGE
02.01.2025;15:12:11.426;OESX SI 20251219 CS EU P 4000 0;SIMPLE_INSTRUMENT;BLOCK;EUR;117;86.10000000;2400;PRC_DECOMP_EXCHANGE;;;;XEUR;2165700;1210;EXCHANGE
02.01.2025;15:12:11.426;OESX SI 20251219 CS EU P 4700 0;SIMPLE_INSTRUMENT;BLOCK;EUR;117;229.00000000;2400;PRC_DECOMP_EXCHANGE;;;;XEUR;2926973;1210;EXCHANGE
02.01.2025;15:10:36.279;OESX.O.250102.BOX.000025;STANDARD_OPTION_STRATEGY;BLOCK;EUR;119;4894.00000000;2000;EXCHANGE_LAST;;1;1;XEUR;72062790950185096;1210;
02.01.2025;15:10:36.279;OESX SI 20251219 CS EU P 1000 0;SIMPLE_INSTRUMENT;BLOCK;EUR;119;3.20000000;2000;PRC_DECOMP_EXCHANGE;;;;XEUR;1820001;1210;EXCHANGE
02.01.2025;15:10:36.279;OESX SI 20251219 CS EU C 1000 0;SIMPLE_INSTRUMENT;BLOCK;EUR;119;3803.90000000;2000;PRC_DECOMP_EXCHANGE;;;;XEUR;1819998;1210;EXCHANGE
02.01.2025;15:10:36.279;OESX SI 20251219 CS EU C 6000 0;SIMPLE_INSTRUMENT;BLOCK;EUR;119;17.60000000;2000;PRC_DECOMP_EXCHANGE;;;;XEUR;3323327;1210;EXCHANGE
02.01.2025;15:10:36.279;OESX SI 20251219 CS EU P 6000 0;SIMPLE_INSTRUMENT;BLOCK;EUR;119;1110.90000000;2000;PRC_DECOMP_EXCHANGE;;;;XEUR;3323329;1210;EXCHANGE
02.01.2025;15:47:50.529;OESX.O.250102.BOX.000025;STANDARD_OPTION_STRATEGY;BLOCK;EUR;129;4895.50000000;4500;EXCHANGE_LAST;;2;2;XEUR;72062790950185096;1210;
02.01.2025;15:47:50.529;OESX SI 20251219 CS EU P 1000 0;SIMPLE_INSTRUMENT;BLOCK;EUR;129;1.50000000;4500;PRC_DECOMP_MEMBER;;;;XEUR;1820001;1210;MEMBER
02.01.2025;15:47:50.529;OESX SI 20251219 CS EU C 6000 0;SIMPLE_INSTRUMENT;BLOCK;EUR;129;15.50000000;4500;PRC_DECOMP_MEMBER;;;;XEUR;3323327;1210;MEMBER
02.01.2025;15:47:50.529;OESX SI 20251219 CS EU C 1000 0;SIMPLE_INSTRUMENT;BLOCK;EUR;129;3794.50000000;4500;PRC_DECOMP_MEMBER;;;;XEUR;1819998;1210;MEMBER
02.01.2025;15:47:50.529;OESX SI 20251219 CS EU P 6000 0;SIMPLE_INSTRUMENT;BLOCK;EUR;129;1118.00000000;4500;PRC_DECOMP_MEMBER;;;;XEUR;3323329;1210;MEMBER
02.01.2025;15:58:41.361;OESX.O.250102.STD.000417;STANDARD_OPTION_STRATEGY;BLOCK;EUR;130;264.00000000;1800;EXCHANGE_LAST;;1;1;XEUR;72062790950185488;1210;
02.01.2025;15:58:41.361;OESX SI 20250321 CS EU P 4950 0;SIMPLE_INSTRUMENT;BLOCK;EUR;130;147.00000000;1800;PRC_DECOMP_MEMBER;;;;XEUR;10794062;1210;MEMBER
02.01.2025;15:58:41.361;OESX SI 20250321 CS EU C 4950 0;SIMPLE_INSTRUMENT;BLOCK;EUR;130;117.00000000;1800;PRC_DECOMP_MEMBER;;;;XEUR;10794076;1210;MEMBER
02.01.2025;16:16:20.275;OESX SI 20250117 CS EU P 4775 0;SIMPLE_INSTRUMENT;BLOCK;EUR;132;17.00000000;1117;EXCHANGE_LAST;;1;1;XEUR;11282702;1210;
02.01.2025;16:17:02.837;OESX SI 20251219 CS EU P 3800 0;SIMPLE_INSTRUMENT;BLOCK;EUR;134;64.00000000;1589;EXCHANGE_LAST;;1;1;XEUR;1861505;1210;
02.01.2025;16:29:29.770;OESX SI 20250321 CS EU P 4500 0;SIMPLE_INSTRUMENT;BLOCK;EUR;138;35.70000000;3000;EXCHANGE_LAST;;1;1;XEUR;7798492;1210;
02.01.2025;08:53:00.117;OESX.V.250102.PDIA-U.000115;OPTION_VOLATILITY_STRATEGY;BLOCK;EUR;637534212;-18.50000000;10;EXCHANGE_LAST;;1;1;XEUR;72062790950185186;1210;
02.01.2025;08:53:00.117;OESX SI 20250321 CS EU P 4600 0;SIMPLE_INSTRUMENT;BLOCK;EUR;637534212;52.60000000;1000;PRC_DECOMP_MEMBER;;;;XEUR;7798482;1210;MEMBER
02.01.2025;08:53:00.117;FESX SI 20250321 CS;SIMPLE_INSTRUMENT;BLOCK;EUR;637534212;4900.00000000;100;PRC_DECOMP_MEMBER;;;;XEUR;7793482;1210;MEMBER
02.01.2025;08:53:00.117;OESX SI 20250417 CS EU P 4300 0;SIMPLE_INSTRUMENT;BLOCK;EUR;637534212;34.10000000;1000;PRC_DECOMP_MEMBER;;;;XEUR;10849769;1210;MEMBER
02.01.2025;08:42:28.000;OESX.V.250102.BER+U.000117;OPTION_VOLATILITY_STRATEGY;BLOCK;EUR;637534213;20.70000000;10;EXCHANGE_LAST;;1;1;XEUR;72062790950185188;1210;
02.01.2025;08:42:28.000;FESX SI 20250321 CS;SIMPLE_INSTRUMENT;BLOCK;EUR;637534213;4905.00000000;90;PRC_DECOMP_EXCHANGE;;;;XEUR;7793482;1210;EXCHANGE
02.01.2025;08:42:28.000;OESX SI 20250321 CS EU P 3800 0;SIMPLE_INSTRUMENT;BLOCK;EUR;637534213;9.00000000;1000;PRC_DECOMP_EXCHANGE;;;;XEUR;7798207;1210;EXCHANGE
02.01.2025;08:42:28.000;OESX SI 20250321 CS EU P 4400 0;SIMPLE_INSTRUMENT;BLOCK;EUR;637534213;29.70000000;1000;PRC_DECOMP_EXCHANGE;;;;XEUR;7798498;1210;EXCHANGE
02.01.2025;09:13:42.596;OESX.V.250102.PUT+U.000133;OPTION_VOLATILITY_STRATEGY;BLOCK;EUR;637534214;208.50000000;10;EXCHANGE_LAST;;1;1;XEUR;72062790950185204;1210;
02.01.2025;09:13:42.596;OESX SI 20261218 CS EU P 4200 0;SIMPLE_INSTRUMENT;BLOCK;EUR;637534214;208.50000000;1000;PRC_DECOMP_MEMBER;;;;XEUR;2340992;1210;MEMBER
02.01.2025;09:13:42.596;FESX SI 20250321 CS;SIMPLE_INSTRUMENT;BLOCK;EUR;637534214;4920.00000000;240;PRC_DECOMP_MEMBER;;;;XEUR;7793482;1210;MEMBER
02.01.2025;09:25:27.072;OESX.V.250102.RBER-U.000146;OPTION_VOLATILITY_STRATEGY;BLOCK;EUR;637534215;-141.80000000;45;EXCHANGE_LAST;;1;1;XEUR;72062790950185217;1210;
02.01.2025;09:25:27.072;OESX SI 20250620 CS EU P 4950 0;SIMPLE_INSTRUMENT;BLOCK;EUR;637534215;250.80000000;4500;PRC_DECOMP_MEMBER;;;;XEUR;10933310;1210;MEMBER
02.01.2025;09:25:27.072;FESX SI 20250321 CS;SIMPLE_INSTRUMENT;BLOCK;EUR;637534215;4900.00000000;1350;PRC_DECOMP_MEMBER;;;;XEUR;7793482;1210;MEMBER
02.01.2025;09:25:27.072;OESX SI 20250620 CS EU P 4200 0;SIMPLE_INSTRUMENT;BLOCK;EUR;637534215;54.50000000;9000;PRC_DECOMP_MEMBER;;;;XEUR;7798353;1210;MEMBER
02.01.2025;09:24:47.565;OESX.V.250102.CDIA+U.000142;OPTION_VOLATILITY_STRATEGY;BLOCK;EUR;637534216;-1.70000000;35;EXCHANGE_LAST;;1;1;XEUR;72062790950185213;1210;
02.01.2025;09:24:47.565;OESX SI 20250117 CS EU C 4900 0;SIMPLE_INSTRUMENT;BLOCK;EUR;637534216;48.00000000;3500;PRC_DECOMP_MEMBER;;;;XEUR;10416566;1210;MEMBER
02.01.2025;09:24:47.565;OESX SI 20250321 CS EU C 5100 0;SIMPLE_INSTRUMENT;BLOCK;EUR;637534216;46.30000000;3500;PRC_DECOMP_MEMBER;;;;XEUR;8903915;1210;MEMBER
02.01.2025;09:24:47.565;FESX SI 20250321 CS;SIMPLE_INSTRUMENT;BLOCK;EUR;637534216;4895.00000000;700;PRC_DECOMP_MEMBER;;;;XEUR;7793482;1210;MEMBER
02.01.2025;09:18:08.676;OESX.V.250102.BLT-U.000151;OPTION_VOLATILITY_STRATEGY;BLOCK;EUR;637534217;110.00000000;10;EXCHANGE_LAST;;1;1;XEUR;72062790950185222;1210;
02.01.2025;09:18:08.676;OESX SI 20250919 CS EU C 5100 0;SIMPLE_INSTRUMENT;BLOCK;EUR;637534217;134.40000000;1000;PRC_DECOMP_EXCHANGE;;;;XEUR;8903911;1210;EXCHANGE
02.01.2025;09:18:08.676;FESX SI 20250321 CS;SIMPLE_INSTRUMENT;BLOCK;EUR;637534217;4898.00000000;160;PRC_DECOMP_EXCHANGE;;;;XEUR;7793482;1210;EXCHANGE
02.01.2025;09:18:08.676;OESX SI 20250221 CS EU C 5100 0;SIMPLE_INSTRUMENT;BLOCK;EUR;637534217;24.40000000;1000;PRC_DECOMP_EXCHANGE;;;;XEUR;10575909;1210;EXCHANGE
02.01.2025;09:34:42.723;OESX.V.250102.RBER-U.000155;OPTION_VOLATILITY_STRATEGY;BLOCK;EUR;637534222;-29.70000000;30;EXCHANGE_LAST;;1;1;XEUR;72062790950185226;1210;
02.01.2025;09:34:42.723;OESX SI 20250117 CS EU P 4600 0;SIMPLE_INSTRUMENT;BLOCK;EUR;637534222;6.90000000;6000;PRC_DECOMP_MEMBER;;;;XEUR;10416542;1210;MEMBER
02.01.2025;09:34:42.723;FESX SI 20250321 CS;SIMPLE_INSTRUMENT;BLOCK;EUR;637534222;4900.00000000;810;PRC_DECOMP_MEMBER;;;;XEUR;7793482;1210;MEMBER
02.01.2025;09:34:42.723;OESX SI 20250117 CS EU P 4850 0;SIMPLE_INSTRUMENT;BLOCK;EUR;637534222;43.50000000;3000;PRC_DECOMP_MEMBER;;;;XEUR;10575810;1210;MEMBER
02.01.2025;09:44:29.759;OESX.V.250102.PDIA+U.000158;OPTION_VOLATILITY_STRATEGY;BLOCK;EUR;637534225;49.90000000;10;EXCHANGE_LAST;;1;1;XEUR;72062790950185229;1210;
02.01.2025;09:44:29.759;OESX SI 20250117 CS EU P 4300 0;SIMPLE_INSTRUMENT;BLOCK;EUR;637534225;2.60000000;1000;PRC_DECOMP_MEMBER;;;;XEUR;10416538;1210;MEMBER
02.01.2025;09:44:29.759;FESX SI 20250321 CS;SIMPLE_INSTRUMENT;BLOCK;EUR;637534225;4900.00000000;190;PRC_DECOMP_MEMBER;;;;XEUR;7793482;1210;MEMBER
02.01.2025;09:44:29.759;OESX SI 20250321 CS EU P 4600 0;SIMPLE_INSTRUMENT;BLOCK;EUR;637534225;52.50000000;1000;PRC_DECOMP_MEMBER;;;;XEUR;7798482;1210;MEMBER
02.01.2025;09:47:00.695;OESX.V.250102.PUT+U.000169;OPTION_VOLATILITY_STRATEGY;BLOCK;EUR;637534228;34.80000000;20;EXCHANGE_LAST;;1;1;XEUR;72062790950185240;1210;
02.01.2025;09:47:00.695;FESX SI 20250321 CS;SIMPLE_INSTRUMENT;BLOCK;EUR;637534228;4880.00000000;660;PRC_DECOMP_EXCHANGE;;;;XEUR;7793482;1210;EXCHANGE
02.01.2025;09:47:00.695;OESX SI 20250117 CS EU P 4800 0;SIMPLE_INSTRUMENT;BLOCK;EUR;637534228;34.80000000;2000;PRC_DECOMP_EXCHANGE;;;;XEUR;10416562;1210;EXCHANGE
02.01.2025;10:10:24.361;OESX.V.250102.RBER-U.000178;OPTION_VOLATILITY_STRATEGY;BLOCK;EUR;637534237;-97.50000000;40;EXCHANGE_LAST;;2;2;XEUR;72062790950185249;1210;
02.01.2025;10:10:24.361;OESX SI 20251219 CS EU P 4000 0;SIMPLE_INSTRUMENT;BLOCK;EUR;637534237;89.00000000;8000;PRC_DECOMP_MEMBER;;;;XEUR;2165700;1210;MEMBER
02.01.2025;10:10:24.361;FESX SI 20250321 CS;SIMPLE_INSTRUMENT;BLOCK;EUR;637534237;4890.00000000;560;PRC_DECOMP_MEMBER;;;;XEUR;7793482;1210;MEMBER
02.01.2025;10:10:24.361;OESX SI 20251219 CS EU P 4800 0;SIMPLE_INSTRUMENT;BLOCK;EUR;637534237;275.50000000;4000;PRC_DECOMP_MEMBER;;;;XEUR;2926965;1210;MEMBER
02.01.2025;10:12:03.300;OESX.V.250102.PUT+U.000192;OPTION_VOLATILITY_STRATEGY;BLOCK;EUR;637534244;15.20000000;3;EXCHANGE_LAST;;1;1;XEUR;72062790950185263;1210;
02.01.2025;10:12:03.300;OESX SI 20250321 CS EU P 4100 0;SIMPLE_INSTRUMENT;BLOCK;EUR;637534244;15.20000000;1014;PRC_DECOMP_EXCHANGE;;;;XEUR;7798171;1210;EXCHANGE
02.01.2025;10:12:03.300;FESX SI 20250321 CS;SIMPLE_INSTRUMENT;BLOCK;EUR;637534244;4885.00000000;105;PRC_DECOMP_EXCHANGE;;;;XEUR;7793482;1210;EXCHANGE
02.01.2025;10:12:08.925;OESX.V.250102.PUT+U.000194;OPTION_VOLATILITY_STRATEGY;BLOCK;EUR;637534246;15.30000000;2;EXCHANGE_LAST;;1;1;XEUR;72062790950185265;1210;
02.01.2025;10:12:08.925;FESX SI 20250321 CS;SIMPLE_INSTRUMENT;BLOCK;EUR;637534246;4885.00000000;4;PRC_DECOMP_EXCHANGE;;;;XEUR;7793482;1210;EXCHANGE
02.01.2025;10:12:08.925;OESX SI 20250321 CS EU P 4100 0;SIMPLE_INSTRUMENT;BLOCK;EUR;637534246;15.30000000;1014;PRC_DECOMP_EXCHANGE;;;;XEUR;7798171;1210;EXCHANGE
02.01.2025;10:33:03.480;OESX.V.250102.BUL-U.000218;OPTION_VOLATILITY_STRATEGY;BLOCK;EUR;637534257;30.50000000;15;EXCHANGE_LAST;;1;1;XEUR;72062790950185289;1210;
02.01.2025;10:33:03.480;OESX SI 20250117 CS EU C 4925 0;SIMPLE_INSTRUMENT;BLOCK;EUR;637534257;31.20000000;1500;PRC_DECOMP_MEMBER;;;;XEUR;11282783;1210;MEMBER
02.01.2025;10:33:03.480;OESX SI 20250117 CS EU C 5200 0;SIMPLE_INSTRUMENT;BLOCK;EUR;637534257;0.70000000;1500;PRC_DECOMP_MEMBER;;;;XEUR;10415906;1210;MEMBER
02.01.2025;10:33:03.480;FESX SI 20250321 CS;SIMPLE_INSTRUMENT;BLOCK;EUR;637534257;4880.00000000;495;PRC_DECOMP_MEMBER;;;;XEUR;7793482;1210;MEMBER
02.01.2025;10:43:03.045;OESX.V.250102.BUL-U.000228;OPTION_VOLATILITY_STRATEGY;BLOCK;EUR;637534258;288.00000000;10;EXCHANGE_LAST;;1;1;XEUR;72062790950185299;1210;
02.01.2025;10:43:03.045;OESX SI 20250620 CS EU C 4400 0;SIMPLE_INSTRUMENT;BLOCK;EUR;637534258;499.00000000;1000;PRC_DECOMP_MEMBER;;;;XEUR;7798352;1210;MEMBER
02.01.2025;10:43:03.045;OESX SI 20250620 CS EU C 4800 0;SIMPLE_INSTRUMENT;BLOCK;EUR;637534258;211.00000000;1000;PRC_DECOMP_MEMBER;;;;XEUR;7834896;1210;MEMBER
02.01.2025;10:43:03.045;FESX SI 20250321 CS;SIMPLE_INSTRUMENT;BLOCK;EUR;637534258;4880.00000000;140;PRC_DECOMP_MEMBER;;;;XEUR;7793482;1210;MEMBER
02.01.2025;10:49:08.678;OESX.V.250102.CALL-U.000230;OPTION_VOLATILITY_STRATEGY;BLOCK;EUR;637534264;9.00000000;10;EXCHANGE_LAST;;1;1;XEUR;72062790950185301;1210;
02.01.2025;10:49:08.678;OESX SI 20250221 CS EU C 5200 0;SIMPLE_INSTRUMENT;BLOCK;EUR;637534264;9.00000000;1000;PRC_DECOMP_EXCHANGE;;;;XEUR;10575931;1210;EXCHANGE
02.01.2025;10:49:08.678;FESX SI 20250321 CS;SIMPLE_INSTRUMENT;BLOCK;EUR;637534264;4880.00000000;80;PRC_DECOMP_EXCHANGE;;;;XEUR;7793482;1210;EXCHANGE
02.01.2025;11:48:27.886;OESX.V.250102.BLT-U.000272;OPTION_VOLATILITY_STRATEGY;BLOCK;EUR;637534266;16.80000000;10;EXCHANGE_LAST;;1;1;XEUR;72062790950185343;1210;
02.01.2025;11:48:27.886;FESX SI 20250321 CS;SIMPLE_INSTRUMENT;BLOCK;EUR;637534266;4870.00000000;60;PRC_DECOMP_EXCHANGE;;;;XEUR;7793482;1210;EXCHANGE
02.01.2025;11:48:27.886;OESX SI 20250117 CS EU C 4900 0;SIMPLE_INSTRUMENT;BLOCK;EUR;637534266;37.50000000;1000;PRC_DECOMP_EXCHANGE;;;;XEUR;10416566;1210;EXCHANGE
02.01.2025;11:48:27.886;OESX SI 20250110 CS EU C 4900 0;SIMPLE_INSTRUMENT;BLOCK;EUR;637534266;20.70000000;1000;PRC_DECOMP_EXCHANGE;;;;XEUR;12173104;1210;EXCHANGE
02.01.2025;12:08:56.743;OESX.V.250102.CALL-U.000280;OPTION_VOLATILITY_STRATEGY;BLOCK;EUR;637534269;33.80000000;20;EXCHANGE_LAST;;1;1;XEUR;72062790950185351;1210;
02.01.2025;12:08:56.743;OESX SI 20250221 CS EU C 5050 0;SIMPLE_INSTRUMENT;BLOCK;EUR;637534269;33.80000000;2000;PRC_DECOMP_EXCHANGE;;;;XEUR;10707962;1210;EXCHANGE
02.01.2025;12:08:56.743;FESX SI 20250321 CS;SIMPLE_INSTRUMENT;BLOCK;EUR;637534269;4882.00000000;440;PRC_DECOMP_EXCHANGE;;;;XEUR;7793482;1210;EXCHANGE
02.01.2025;12:33:01.629;OESX.V.250102.PDIA+U.000275;OPTION_VOLATILITY_STRATEGY;BLOCK;EUR;637534270;9.40000000;10;EXCHANGE_LAST;;1;1;XEUR;72062790950185346;1210;
02.01.2025;12:33:01.629;FESX SI 20250321 CS;SIMPLE_INSTRUMENT;BLOCK;EUR;637534270;4880.00000000;50;PRC_DECOMP_MEMBER;;;;XEUR;7793482;1210;MEMBER
02.01.2025;12:33:01.629;OESX SI 20250110 CS EU P 4725 0;SIMPLE_INSTRUMENT;BLOCK;EUR;637534270;6.00000000;1000;PRC_DECOMP_MEMBER;;;;XEUR;12173085;1210;MEMBER
02.01.2025;12:33:01.629;OESX SI 20250117 CS EU P 4700 0;SIMPLE_INSTRUMENT;BLOCK;EUR;637534270;15.40000000;1000;PRC_DECOMP_MEMBER;;;;XEUR;10416568;1210;MEMBER
02.01.2025;12:38:18.479;OESX.V.250102.PUT+U.000291;OPTION_VOLATILITY_STRATEGY;BLOCK;EUR;637534275;4.00000000;15;EXCHANGE_LAST;;1;1;XEUR;72062790950185362;1210;
02.01.2025;12:38:18.479;OESX SI 20250131 CS EU P 4200 0;SIMPLE_INSTRUMENT;BLOCK;EUR;637534275;4.00000000;1500;PRC_DECOMP_MEMBER;;;;XEUR;12165397;1210;MEMBER
02.01.2025;12:38:18.479;FESX SI 20250321 CS;SIMPLE_INSTRUMENT;BLOCK;EUR;637534275;4900.00000000;45;PRC_DECOMP_MEMBER;;;;XEUR;7793482;1210;MEMBER
02.01.2025;12:50:57.765;OESX.V.250102.BER+U.000299;OPTION_VOLATILITY_STRATEGY;BLOCK;EUR;637534276;161.50000000;10;EXCHANGE_LAST;;1;1;XEUR;72062790950185370;1210;
02.01.2025;12:50:57.765;OESX SI 20251219 CS EU P 4900 0;SIMPLE_INSTRUMENT;BLOCK;EUR;637534276;317.40000000;1000;PRC_DECOMP_MEMBER;;;;XEUR;2926971;1210;MEMBER
02.01.2025;12:50:57.765;OESX SI 20251219 CS EU P 4400 0;SIMPLE_INSTRUMENT;BLOCK;EUR;637534276;155.90000000;1000;PRC_DECOMP_MEMBER;;;;XEUR;2413964;1210;MEMBER
02.01.2025;12:50:57.765;FESX SI 20250321 CS;SIMPLE_INSTRUMENT;BLOCK;EUR;637534276;4890.00000000;220;PRC_DECOMP_MEMBER;;;;XEUR;7793482;1210;MEMBER
02.01.2025;12:43:31.741;OESX.V.250102.BER+U.000289;OPTION_VOLATILITY_STRATEGY;BLOCK;EUR;637534277;38.50000000;10;EXCHANGE_LAST;;1;1;XEUR;72062790950185360;1210;
02.01.2025;12:43:31.741;FESX SI 20250321 CS;SIMPLE_INSTRUMENT;BLOCK;EUR;637534277;4895.00000000;160;PRC_DECOMP_MEMBER;;;;XEUR;7793482;1210;MEMBER
02.01.2025;12:43:31.741;OESX SI 20250321 CS EU P 4100 0;SIMPLE_INSTRUMENT;BLOCK;EUR;637534277;14.60000000;1000;PRC_DECOMP_MEMBER;;;;XEUR;7798171;1210;MEMBER
02.01.2025;12:43:31.741;OESX SI 20250321 CS EU P 4600 0;SIMPLE_INSTRUMENT;BLOCK;EUR;637534277;53.10000000;1000;PRC_DECOMP_MEMBER;;;;XEUR;7798482;1210;MEMBER
02.01.2025;13:25:08.092;OESX.V.250102.PDIA+U.000312;OPTION_VOLATILITY_STRATEGY;BLOCK;EUR;637534286;44.70000000;12;EXCHANGE_LAST;;1;1;XEUR;72062790950185383;1210;
02.01.2025;13:25:08.092;FESX SI 20250321 CS;SIMPLE_INSTRUMENT;BLOCK;EUR;637534286;4900.00000000;276;PRC_DECOMP_MEMBER;;;;XEUR;7793482;1210;MEMBER
02.01.2025;13:25:08.092;OESX SI 20250117 CS EU P 4300 0;SIMPLE_INSTRUMENT;BLOCK;EUR;637534286;2.30000000;1200;PRC_DECOMP_MEMBER;;;;XEUR;10416538;1210;MEMBER
02.01.2025;13:25:08.092;OESX SI 20250221 CS EU P 4700 0;SIMPLE_INSTRUMENT;BLOCK;EUR;637534286;47.00000000;1200;PRC_DECOMP_MEMBER;;;;XEUR;10575925;1210;MEMBER
02.01.2025;13:37:03.820;OESX.D.250102.000311;NON_STANDARD_OVS;BLOCK;EUR;637534292;1100.00000000;10;EXCHANGE_LAST;;1;1;XEUR;72062790950185382;1210;
02.01.2025;13:37:03.820;FESX SI 20250321 CS;SIMPLE_INSTRUMENT;BLOCK;EUR;637534292;4900.00000000;10;PRC_DECOMP_MEMBER;;;;XEUR;7793482;1210;MEMBER
