#Date;TrdTime;Contract;ContractType;TrdTyp;Currency;TesId;Prc;Qty;TrdInd;Aggressor;Buy;Sell;Exch;InstrumentId;RelatedProdId;PrcDecomp
14.11.2024;14:57:23.691;A2XA SI 20241220 CS;SIMPLE_INSTRUMENT;BLOCK;EUR;110;1.98000000;1800;EXCHANGE_LAST;;2;1;XEUR;3629711;17;
14.11.2024;14:57:48.509;A2XA SI 20251219 CS;SIMPLE_INSTRUMENT;BLOCK;EUR;111;2.06000000;1800;EXCHANGE_LAST;;2;1;XEUR;3681055;17;
14.11.2024;14:58:08.724;A2XA SI 20261218 CS;SIMPLE_INSTRUMENT;BLOCK;EUR;112;2.05000000;1800;EXCHANGE_LAST;;2;1;XEUR;4632093;17;
14.11.2024;14:59:23.339;A2XA SI 20271217 CS;SIMPLE_INSTRUMENT;BLOCK;EUR;113;1.92000000;1800;EXCHANGE_LAST;;2;1;XEUR;5914267;17;
14.11.2024;15:13:49.692;A2XA SI 20261218 CS;SIMPLE_INSTRUMENT;BLOCK;EUR;116;2.05000000;52;EXCHANGE_LAST;;1;1;XEUR;4632093;17;
14.11.2024;15:44:01.219;A2XA SI 20251219 CS;SIMPLE_INSTRUMENT;BLOCK;EUR;123;2.08000000;250;EXCHANGE_LAST;;1;1;XEUR;3681055;17;
14.11.2024;16:11:25.442;A2XA SI 20251219 CS;SIMPLE_INSTRUMENT;BLOCK;EUR;133;2.08000000;91;EXCHANGE_LAST;;1;1;XEUR;3681055;17;
14.11.2024;16:26:29.105;A2XA SI 20271217 CS;SIMPLE_INSTRUMENT;BLOCK;EUR;139;1.92000000;180;EXCHANGE_LAST;;1;1;XEUR;5914267;17;
14.11.2024;16:28:01.648;A2XA SI 20261218 CS;SIMPLE_INSTRUMENT;BLOCK;EUR;140;2.05000000;180;EXCHANGE_LAST;;1;1;XEUR;4632093;17;
14.11.2024;16:28:29.383;A2XA SI 20251219 CS;SIMPLE_INSTRUMENT;BLOCK;EUR;141;2.06000000;180;EXCHANGE_LAST;;1;1;XEUR;3681055;17;
14.11.2024;16:28:52.839;A2XA SI 20241220 CS;SIMPLE_INSTRUMENT;BLOCK;EUR;142;1.98000000;180;EXCHANGE_LAST;;1;1;XEUR;3629711;17;
14.11.2024;16:37:18.859;A2XA SI 20261218 CS;SIMPLE_INSTRUMENT;BLOCK;EUR;149;2.07000000;125;EXCHANGE_LAST;;1;1;XEUR;4632093;17;
14.11.2024;12:55:32.663;ABBN SI 20241220 PS AM P 47.00 0;SIMPLE_INSTRUMENT;BLOCK;CHF;43;0.33000000;3100;EXCHANGE_LAST;;1;1;XEUR;11848918;574517;
14.11.2024;09:11:43.309;ADEN.O.241114.STG.000007;STANDARD_OPTION_STRATEGY;BLOCK;CHF;4;2.95000000;2000;EXCHANGE_LAST;;1;1;XEUR;72057783016513532;44;
14.11.2024;09:11:43.309;ADEN SI 20250919 PS AM C 24.00 0;SIMPLE_INSTRUMENT;BLOCK;CHF;4;1.61000000;2000;PRC_DECOMP_EXCHANGE;;;;XEUR;11870204;44;EXCHANGE
14.11.2024;09:11:43.309;ADEN SI 20250919 PS AM P 20.00 0;SIMPLE_INSTRUMENT;BLOCK;CHF;4;1.34000000;2000;PRC_DECOMP_EXCHANGE;;;;XEUR;11870213;44;EXCHANGE
14.11.2024;11:51:57.255;ADEN.O.241114.RBER.000011;STANDARD_OPTION_STRATEGY;BLOCK;CHF;33;-4.52000000;2000;EXCHANGE_LAST;;1;1;XEUR;72057783016513536;44;
14.11.2024;11:51:57.255;ADEN SI 20251219 PS AM P 28.00 0;SIMPLE_INSTRUMENT;BLOCK;CHF;33;6.48000000;2000;PRC_DECOMP_EXCHANGE;;;;XEUR;7467217;44;EXCHANGE
14.11.2024;11:51:57.255;ADEN SI 20251219 PS AM P 18.00 0;SIMPLE_INSTRUMENT;BLOCK;CHF;33;0.98000000;4000;PRC_DECOMP_EXCHANGE;;;;XEUR;8107751;44;EXCHANGE
14.11.2024;12:30:56.977;ADS SI 20250321 PS AM P 200.00 0;SIMPLE_INSTRUMENT;BLOCK;EUR;8;6.85000000;500;EXCHANGE_LAST;;1;1;XEUR;10828480;50;
14.11.2024;13:16:12.715;ADS SI 20250321 PS AM P 200.00 0;SIMPLE_INSTRUMENT;BLOCK;EUR;9;6.60000000;750;EXCHANGE_LAST;;1;1;XEUR;10828480;50;
14.11.2024;14:31:40.805;ADS.O.241114.BRT.000009;STANDARD_OPTION_STRATEGY;BLOCK;EUR;10;1.20000000;500;EXCHANGE_LAST;;1;2;XEUR;72057808786330044;50;
14.11.2024;14:31:40.805;ADS SI 20241220 PS AM P 200.00 0;SIMPLE_INSTRUMENT;BLOCK;EUR;10;1.63000000;500;PRC_DECOMP_EXCHANGE;;;;XEUR;4637208;50;EXCHANGE
14.11.2024;14:31:40.805;ADS SI 20250117 PS AM P 200.00 0;SIMPLE_INSTRUMENT;BLOCK;EUR;10;2.83000000;500;PRC_DECOMP_EXCHANGE;;;;XEUR;12067155;50;EXCHANGE
14.11.2024;16:36:51.159;ADS SI 20250321 PS AM C 240.00 0;SIMPLE_INSTRUMENT;BLOCK;EUR;12;6.75000000;1500;EXCHANGE_LAST;;4;1;XEUR;10828524;50;
14.11.2024;15:10:09.153;AFX SI 20241220 PS AM P 52.00 0;SIMPLE_INSTRUMENT;BLOCK;EUR;6;1.20000000;163;EXCHANGE_LAST;;1;1;XEUR;4938312;56;
14.11.2024;14:46:54.264;AFXF SI 20241115 CS;SIMPLE_INSTRUMENT;BLOCK;EUR;103;58.30000000;320;EXCHANGE_LAST;;1;1;XEUR;10136542;31625;
14.11.2024;13:39:01.713;AIR SI 20241129 PS AM C 166.00 0;SIMPLE_INSTRUMENT;BLOCK;EUR;29;0.95000000;988;EXCHANGE_LAST;;1;1;XEUR;12067529;64;
14.11.2024;08:26:30.608;AKE SI 20241220 PS AM C 84.00 0;SIMPLE_INSTRUMENT;BLOCK;EUR;2;0.61000000;1458;EXCHANGE_LAST;;1;1;XEUR;10394964;77;
14.11.2024;14:10:22.670;ALC SI 20261218 PS AM P 60.00 0;SIMPLE_INSTRUMENT;BLOCK;CHF;50;3.22000000;500;EXCHANGE_LAST;;1;1;XEUR;7181824;130134;
14.11.2024;15:08:59.870;ALV SI 20271217 PS AM P 240.00 0;SIMPLE_INSTRUMENT;BLOCK;EUR;5;20.80000000;1000;EXCHANGE_LAST;;1;1;XEUR;8772890;74;
14.11.2024;16:07:51.539;AMS SI 20251219 PS AM P 10.00 1;SIMPLE_INSTRUMENT;BLOCK;CHF;75;4.29000000;5000;EXCHANGE_LAST;;1;1;XEUR;10430872;10807;
14.11.2024;15:39:27.691;ANN SI 20260619 PS AM C 36.00 0;SIMPLE_INSTRUMENT;BLOCK;EUR;30;1.84000000;750;EXCHANGE_LAST;;1;1;XEUR;9653509;45202;
14.11.2024;10:39:14.996;ASM SI 20241220 PS AM C 680.00 0;SIMPLE_INSTRUMENT;BLOCK;EUR;1;19.65000000;300;EXCHANGE_LAST;;1;1;XEUR;10395665;107;
14.11.2024;14:13:50.950;AXA.O.241114.PDIA.000002;STANDARD_OPTION_STRATEGY;BLOCK;EUR;31;1.20000000;1250;EXCHANGE_LAST;;1;1;XEUR;72058139498793081;127;
14.11.2024;14:13:50.950;AXA SI 20250321 PS AM P 26.00 0;SIMPLE_INSTRUMENT;BLOCK;EUR;31;0.27000000;1250;PRC_DECOMP_MEMBER;;;;XEUR;10830428;127;MEMBER
14.11.2024;14:13:50.950;AXA SI 20250919 PS AM P 30.00 0;SIMPLE_INSTRUMENT;BLOCK;EUR;31;1.47000000;1250;PRC_DECOMP_MEMBER;;;;XEUR;11872456;127;MEMBER
14.11.2024;15:02:36.552;AXA FI 20271217 PS EU P 34.0000 0;FLEXIBLE_INSTRUMENT;BLOCK;EUR;37;6.00000000;10000;EXCHANGE_LAST;;1;1;XEUR;1152922050067702725;127;
14.11.2024;15:03:03.353;AXA FI 20271217 PS EU P 34.0000 0;FLEXIBLE_INSTRUMENT;BLOCK;EUR;38;6.00000000;10000;EXCHANGE_LAST;;1;1;XEUR;1152922050067702725;127;
14.11.2024;15:03:58.880;AXA FI 20271217 PS EU C 34.0000 0;FLEXIBLE_INSTRUMENT;BLOCK;EUR;39;2.65000000;10000;EXCHANGE_LAST;;1;1;XEUR;1152922050067702726;127;
14.11.2024;15:04:20.207;AXA FI 20271217 PS EU C 34.0000 0;FLEXIBLE_INSTRUMENT;BLOCK;EUR;40;2.65000000;10000;EXCHANGE_LAST;;1;1;XEUR;1152922050067702726;127;
14.11.2024;16:25:07.671;AXA FI 20271217 PS EU C 34.0000 0;FLEXIBLE_INSTRUMENT;BLOCK;EUR;45;2.65000000;2000;EXCHANGE_LAST;;1;1;XEUR;1152922050067702726;127;
14.11.2024;16:25:35.913;AXA FI 20271217 PS EU P 34.0000 0;FLEXIBLE_INSTRUMENT;BLOCK;EUR;46;6.00000000;2000;EXCHANGE_LAST;;1;1;XEUR;1152922050067702725;127;
14.11.2024;12:37:36.809;AXAP.S.DEC24.MAR25.SPD;FUTURES_SPREAD;BLOCK;EUR;72;-0.24650000;6000;EXCHANGE_LAST;;1;1;XEUR;72591445587918928;124297;
14.11.2024;12:37:36.809;AXAP SI 20250321 PS;SIMPLE_INSTRUMENT;BLOCK;EUR;72;33.74650000;6000;PRC_DECOMP_MEMBER;;;;XEUR;10725386;124297;MEMBER
14.11.2024;12:37:36.809;AXAP SI 20241220 PS;SIMPLE_INSTRUMENT;BLOCK;EUR;72;33.50000000;6000;PRC_DECOMP_MEMBER;;;;XEUR;7052669;124297;MEMBER
14.11.2024;10:55:36.045;B2NP SI 20261218 CS;SIMPLE_INSTRUMENT;BLOCK;EUR;26;4.36000000;50;EXCHANGE_LAST;;1;1;XEUR;6798320;131;
14.11.2024;10:48:03.514;B2NP SI 20251219 CS;SIMPLE_INSTRUMENT;BLOCK;EUR;27;4.82000000;400;EXCHANGE_LAST;;1;1;XEUR;5914355;131;
14.11.2024;11:29:30.055;B2NP SI 20271217 CS;SIMPLE_INSTRUMENT;BLOCK;EUR;35;3.93000000;180;EXCHANGE_LAST;;1;2;XEUR;7086925;131;
14.11.2024;11:39:23.220;B2NP SI 20251219 CS;SIMPLE_INSTRUMENT;BLOCK;EUR;36;4.82000000;100;EXCHANGE_LAST;;1;1;XEUR;5914355;131;
14.11.2024;11:55:37.791;B2NP SI 20271217 CS;SIMPLE_INSTRUMENT;BLOCK;EUR;44;3.93000000;275;EXCHANGE_LAST;;1;2;XEUR;7086925;131;
14.11.2024;12:11:31.322;B2NP SI 20251219 CS;SIMPLE_INSTRUMENT;BLOCK;EUR;58;4.82500000;50;EXCHANGE_LAST;;1;1;XEUR;5914355;131;
14.11.2024;12:26:59.102;B2NP SI 20251219 CS;SIMPLE_INSTRUMENT;BLOCK;EUR;68;4.82500000;150;EXCHANGE_LAST;;1;1;XEUR;5914355;131;
14.11.2024;12:38:38.620;B2NP SI 20281215 CS;SIMPLE_INSTRUMENT;BLOCK;EUR;73;3.53000000;100;EXCHANGE_LAST;;1;1;XEUR;7086921;131;
14.11.2024;13:16:05.905;B2NP SI 20281215 CS;SIMPLE_INSTRUMENT;BLOCK;EUR;85;3.50000000;600;EXCHANGE_LAST;;2;2;XEUR;7086921;131;
14.11.2024;13:21:47.081;B2NP SI 20251219 CS;SIMPLE_INSTRUMENT;BLOCK;EUR;86;4.83000000;150;EXCHANGE_LAST;;1;1;XEUR;5914355;131;
14.11.2024;16:37:10.290;B2NP SI 20251219 CS;SIMPLE_INSTRUMENT;BLOCK;EUR;151;4.84000000;300;EXCHANGE_LAST;;1;1;XEUR;5914355;131;
14.11.2024;16:13:01.079;B2P SI 20261218 CS;SIMPLE_INSTRUMENT;BLOCK;GBX;132;23.50000000;4000;EXCHANGE_LAST;;1;1;XEUR;7153112;130;
14.11.2024;14:41:14.744;B2PV SI 20241220 CS;SIMPLE_INSTRUMENT;BLOCK;EUR;101;0.96000000;1100;EXCHANGE_LAST;;1;1;XEUR;12178599;949834;
14.11.2024;11:43:01.846;B2YG SI 20261218 CS;SIMPLE_INSTRUMENT;BLOCK;EUR;37;1.69000000;75;EXCHANGE_LAST;;1;1;XEUR;6820081;45713;
14.11.2024;12:23:04.415;B3AY SI 20251219 CS;SIMPLE_INSTRUMENT;BLOCK;EUR;61;0.14000000;450;EXCHANGE_LAST;;1;1;XEUR;3681129;76035;
14.11.2024;12:23:21.120;B3AY SI 20261218 CS;SIMPLE_INSTRUMENT;BLOCK;EUR;62;0.20000000;450;EXCHANGE_LAST;;1;1;XEUR;4632176;76035;
14.11.2024;12:23:32.053;B3AY SI 20271217 CS;SIMPLE_INSTRUMENT;BLOCK;EUR;64;0.61000000;450;EXCHANGE_LAST;;1;1;XEUR;5914368;76035;
14.11.2024;15:43:49.912;BAEN.O.241114.PDIA.000002;STANDARD_OPTION_STRATEGY;BLOCK;CHF;69;1.26000000;1200;EXCHANGE_LAST;;1;1;XEUR;72058276937742531;159;
14.11.2024;15:43:49.912;BAEN SI 20250117 PS AM P 52.00 0;SIMPLE_INSTRUMENT;BLOCK;CHF;69;1.52000000;1200;PRC_DECOMP_EXCHANGE;;;;XEUR;12068837;159;EXCHANGE
14.11.2024;15:43:49.912;BAEN SI 20241220 PS AM P 44.00 0;SIMPLE_INSTRUMENT;BLOCK;CHF;69;0.26000000;1200;PRC_DECOMP_EXCHANGE;;;;XEUR;4639030;159;EXCHANGE
14.11.2024;08:26:04.860;BAS SI 20241220 PS AM C 47.00 0;SIMPLE_INSTRUMENT;BLOCK;EUR;1;0.22000000;4120;EXCHANGE_LAST;;1;1;XEUR;7509953;150;
14.11.2024;10:29:03.005;BAS.N.241114.000003;NON_STANDARD_OPTION_STRATEGY;BLOCK;EUR;5;1.71000000;1000;EXCHANGE_LAST;;1;1;XEUR;72058238283088591;150;
14.11.2024;10:29:03.005;BAS SI 20250117 PS AM C 46.00 0;SIMPLE_INSTRUMENT;BLOCK;EUR;5;0.65000000;1000;PRC_DECOMP_EXCHANGE;;;;XEUR;12068829;150;EXCHANGE
14.11.2024;10:29:03.005;BAS SI 20241220 PS AM P 42.00 0;SIMPLE_INSTRUMENT;BLOCK;EUR;5;1.18000000;2000;PRC_DECOMP_EXCHANGE;;;;XEUR;7509964;150;EXCHANGE
14.11.2024;11:28:16.391;BAS SI 20241220 PS AM P 42.00 0;SIMPLE_INSTRUMENT;BLOCK;EUR;9;1.25000000;2000;EXCHANGE_LAST;;2;2;XEUR;7509964;150;
14.11.2024;14:16:58.234;BAS SI 20241220 PS AM P 44.00 0;SIMPLE_INSTRUMENT;BLOCK;EUR;13;2.30000000;1000;EXCHANGE_LAST;;1;1;XEUR;4705204;150;
14.11.2024;14:17:32.757;BAS SI 20260619 PS AM P 36.00 0;SIMPLE_INSTRUMENT;BLOCK;EUR;14;2.88000000;1000;EXCHANGE_LAST;;1;1;XEUR;9539328;150;
14.11.2024;09:52:15.160;BAY SI 20250919 PS AM P 20.00 0;SIMPLE_INSTRUMENT;BLOCK;EUR;3;2.52000000;1500;EXCHANGE_LAST;;1;1;XEUR;11873110;168;
14.11.2024;11:55:24.207;BAY SI 20250117 PS AM C 21.50 0;SIMPLE_INSTRUMENT;BLOCK;EUR;10;0.72000000;750;EXCHANGE_LAST;;1;1;XEUR;12069240;168;
14.11.2024;11:55:33.285;BAY SI 20250117 PS AM C 21.50 0;SIMPLE_INSTRUMENT;BLOCK;EUR;11;0.73000000;750;EXCHANGE_LAST;;1;1;XEUR;12069240;168;
14.11.2024;16:25:47.635;BAY SI 20251219 PS AM C 30.00 0;SIMPLE_INSTRUMENT;BLOCK;EUR;15;0.93000000;2000;EXCHANGE_LAST;;2;1;XEUR;10804252;168;
14.11.2024;09:56:47.639;BMW SI 20271217 PS AM C 100.00 0;SIMPLE_INSTRUMENT;BLOCK;EUR;3;2.22000000;500;EXCHANGE_LAST;;1;1;XEUR;8775881;210;
14.11.2024;13:01:36.769;BMW SI 20250321 PS AM P 60.00 0;SIMPLE_INSTRUMENT;BLOCK;EUR;11;1.72000000;1000;EXCHANGE_LAST;;1;1;XEUR;10832573;210;
14.11.2024;15:18:17.251;BMW.O.241114.PDIA.000024;STANDARD_OPTION_STRATEGY;BLOCK;EUR;23;-18.00000000;1000;EXCHANGE_LAST;;1;1;XEUR;72058495981106460;210;
14.11.2024;15:18:17.251;BMW SI 20250321 PS AM P 92.00 0;SIMPLE_INSTRUMENT;BLOCK;EUR;23;24.43000000;1000;PRC_DECOMP_EXCHANGE;;;;XEUR;10832535;210;EXCHANGE
14.11.2024;15:18:17.251;BMW SI 20241220 PS AM P 110.00 0;SIMPLE_INSTRUMENT;BLOCK;EUR;23;42.43000000;1000;PRC_DECOMP_EXCHANGE;;;;XEUR;10358056;210;EXCHANGE
14.11.2024;16:16:15.604;BMW.O.241114.STD.000025;STANDARD_OPTION_STRATEGY;BLOCK;EUR;27;13.11000000;500;EXCHANGE_LAST;;1;1;XEUR;72058495981106461;210;
14.11.2024;16:16:15.604;BMW SI 20250919 PS AM P 68.00 0;SIMPLE_INSTRUMENT;BLOCK;EUR;27;7.12000000;500;PRC_DECOMP_EXCHANGE;;;;XEUR;11874410;210;EXCHANGE
14.11.2024;16:16:15.604;BMW SI 20250919 PS AM C 68.00 0;SIMPLE_INSTRUMENT;BLOCK;EUR;27;5.99000000;500;PRC_DECOMP_EXCHANGE;;;;XEUR;11874408;210;EXCHANGE
14.11.2024;14:56:30.946;BMWF.S.DEC24.MAR25.SPD;FUTURES_SPREAD;BLOCK;EUR;109;-0.52000000;8000;EXCHANGE_LAST;;1;2;XEUR;72058620535111961;239;
14.11.2024;14:56:30.946;BMWF SI 20241220 CS;SIMPLE_INSTRUMENT;BLOCK;EUR;109;66.18790000;8000;PRC_DECOMP_EXCHANGE;;;;XEUR;7032665;239;EXCHANGE
14.11.2024;14:56:30.946;BMWF SI 20250321 CS;SIMPLE_INSTRUMENT;BLOCK;EUR;109;66.70790000;8000;PRC_DECOMP_EXCHANGE;;;;XEUR;10695616;239;EXCHANGE
14.11.2024;14:27:39.290;BNP.O.241114.BR23.000004;STANDARD_OPTION_STRATEGY;BLOCK;EUR;35;-8.30000000;2500;EXCHANGE_LAST;;2;4;XEUR;72058611945197519;237;
14.11.2024;14:27:39.290;BNP SI 20281215 PS AM P 36.00 0;SIMPLE_INSTRUMENT;BLOCK;EUR;35;4.40000000;7500;PRC_DECOMP_MEMBER;;;;XEUR;10398953;237;MEMBER
14.11.2024;14:27:39.290;BNP SI 20281215 PS AM P 52.00 0;SIMPLE_INSTRUMENT;BLOCK;EUR;35;10.75000000;5000;PRC_DECOMP_MEMBER;;;;XEUR;10398963;237;MEMBER
14.11.2024;14:56:19.699;BNPH.S.DEC24.MAR25.SPD;FUTURES_SPREAD;BLOCK;EUR;108;-0.47500000;6000;EXCHANGE_LAST;;1;1;XEUR;72058607650211058;236;
14.11.2024;14:56:19.699;BNPH SI 20241220 CS;SIMPLE_INSTRUMENT;BLOCK;EUR;108;59.31970000;6000;PRC_DECOMP_EXCHANGE;;;;XEUR;7032636;236;EXCHANGE
14.11.2024;14:56:19.699;BNPH SI 20250321 CS;SIMPLE_INSTRUMENT;BLOCK;EUR;108;59.79470000;6000;PRC_DECOMP_EXCHANGE;;;;XEUR;10695531;236;EXCHANGE
14.11.2024;14:19:27.222;BNRG SI 20241115 CS;SIMPLE_INSTRUMENT;BLOCK;EUR;98;58.35000000;250;EXCHANGE_LAST;;1;1;XEUR;10136936;44360;
14.11.2024;14:40:46.735;BPVJ SI 20241219 CS;SIMPLE_INSTRUMENT;BLOCK;EUR;100;6.58690000;1250;EXCHANGE_LAST;;1;1;XEUR;7029761;48715;
14.11.2024;11:26:19.890;BSI.O.241114.RBUL.000004;STANDARD_OPTION_STRATEGY;BLOCK;EUR;2;-0.04000000;400;EXCHANGE_LAST;;1;1;XEUR;72385373057059318;76317;
14.11.2024;11:26:19.890;BSI SI 20241220 PS AM C 140.00 0;SIMPLE_INSTRUMENT;BLOCK;EUR;2;1.09000000;800;PRC_DECOMP_EXCHANGE;;;;XEUR;9390627;76317;EXCHANGE
14.11.2024;11:26:19.890;BSI SI 20241220 PS AM C 130.00 0;SIMPLE_INSTRUMENT;BLOCK;EUR;2;2.22000000;400;PRC_DECOMP_EXCHANGE;;;;XEUR;10439928;76317;EXCHANGE
14.11.2024;11:19:39.657;BYG.O.241114.BER.000003;STANDARD_OPTION_STRATEGY;BLOCK;EUR;19;2.55000000;3000;EXCHANGE_LAST;;2;1;XEUR;72058796628777067;280;
14.11.2024;11:19:39.657;BYG SI 20271217 PS AM P 22.00 0;SIMPLE_INSTRUMENT;BLOCK;EUR;19;1.94000000;3000;PRC_DECOMP_EXCHANGE;;;;XEUR;8777262;280;EXCHANGE
14.11.2024;11:19:39.657;BYG SI 20271217 PS AM P 28.00 0;SIMPLE_INSTRUMENT;BLOCK;EUR;19;4.49000000;3000;PRC_DECOMP_EXCHANGE;;;;XEUR;8777259;280;EXCHANGE
14.11.2024;11:41:31.723;C2RT SI 20241220 CS;SIMPLE_INSTRUMENT;BLOCK;EUR;39;0.54100000;12372;EXCHANGE_LAST;;1;1;XEUR;4632257;151297;
14.11.2024;11:41:32.934;C2RT SI 20241220 CS;SIMPLE_INSTRUMENT;BLOCK;EUR;40;0.54000000;5303;EXCHANGE_LAST;;1;1;XEUR;4632257;151297;
14.11.2024;11:47:04.208;C2RT SI 20241220 CS;SIMPLE_INSTRUMENT;BLOCK;EUR;42;0.54100000;6195;EXCHANGE_LAST;;1;1;XEUR;4632257;151297;
14.11.2024;11:47:20.509;C2RT SI 20241220 CS;SIMPLE_INSTRUMENT;BLOCK;EUR;43;0.54000000;2655;EXCHANGE_LAST;;1;1;XEUR;4632257;151297;
14.11.2024;11:53:14.393;C2RT SI 20241220 CS;SIMPLE_INSTRUMENT;BLOCK;EUR;46;0.54000000;2655;EXCHANGE_LAST;;1;1;XEUR;4632257;151297;
14.11.2024;11:54:08.961;C2RT SI 20241220 CS;SIMPLE_INSTRUMENT;BLOCK;EUR;49;0.54100000;6195;EXCHANGE_LAST;;1;1;XEUR;4632257;151297;
14.11.2024;12:19:22.850;C2RT SI 20241220 CS;SIMPLE_INSTRUMENT;BLOCK;EUR;66;0.54100000;4336;EXCHANGE_LAST;;1;1;XEUR;4632257;151297;
14.11.2024;12:20:08.437;C2RT SI 20241220 CS;SIMPLE_INSTRUMENT;BLOCK;EUR;67;0.54000000;1859;EXCHANGE_LAST;;1;1;XEUR;4632257;151297;
14.11.2024;11:55:32.632;C4RI SI 20251219 CS;SIMPLE_INSTRUMENT;BLOCK;EUR;52;2.77000000;100;EXCHANGE_LAST;;1;1;XEUR;5914459;50862;
14.11.2024;08:26:51.536;CFR SI 20241220 PS AM C 130.00 0;SIMPLE_INSTRUMENT;BLOCK;CHF;2;0.86000000;878;EXCHANGE_LAST;;1;1;XEUR;10400575;313;
14.11.2024;11:21:16.634;CFR SI 20250620 PS AM C 130.00 0;SIMPLE_INSTRUMENT;BLOCK;CHF;23;6.05000000;300;EXCHANGE_LAST;;1;1;XEUR;11273454;313;
14.11.2024;12:54:24.602;CFR SI 20241115 PS AM C 120.00 0;SIMPLE_INSTRUMENT;BLOCK;CHF;42;1.05000000;300;EXCHANGE_LAST;;1;1;XEUR;11702468;313;
14.11.2024;14:49:56.671;CFR SI 20250117 PS AM C 130.00 0;SIMPLE_INSTRUMENT;BLOCK;CHF;61;2.50000000;1000;EXCHANGE_LAST;;1;1;XEUR;12071409;313;
14.11.2024;09:24:20.890;CLN.O.241114.PDIA.000001;STANDARD_OPTION_STRATEGY;BLOCK;CHF;6;-0.79000000;2000;EXCHANGE_LAST;;1;1;XEUR;72058865348264323;296;
14.11.2024;09:24:20.890;CLN SI 20250620 PS AM P 9.00 0;SIMPLE_INSTRUMENT;BLOCK;CHF;6;0.21000000;2000;PRC_DECOMP_EXCHANGE;;;;XEUR;10619810;296;EXCHANGE
14.11.2024;09:24:20.890;CLN SI 20241220 PS AM P 12.00 0;SIMPLE_INSTRUMENT;BLOCK;CHF;6;1.00000000;2000;PRC_DECOMP_EXCHANGE;;;;XEUR;5408644;296;EXCHANGE
14.11.2024;09:45:49.007;CLN SI 20260619 PS AM P 10.00 0;SIMPLE_INSTRUMENT;BLOCK;CHF;9;0.94000000;2000;EXCHANGE_LAST;;1;1;XEUR;9542925;296;
14.11.2024;14:38:06.448;CON SI 20241220 PS AM C 67.00 0;SIMPLE_INSTRUMENT;BLOCK;EUR;18;0.75000000;700;EXCHANGE_LAST;;1;2;XEUR;11989531;414620;
14.11.2024;16:33:04.515;CONI SI 20250117 CS;SIMPLE_INSTRUMENT;BLOCK;EUR;143;61.79150000;100;EXCHANGE_LAST;;1;1;XEUR;10453622;414627;
14.11.2024;14:50:08.687;COT SI 20251219 PS AM P 240.00 0;SIMPLE_INSTRUMENT;BLOCK;CHF;60;18.75000000;100;EXCHANGE_LAST;;1;2;XEUR;10445209;199899;
14.11.2024;09:13:47.259;CR5J SI 20241114 CS;SIMPLE_INSTRUMENT;BLOCK;EUR;7;41.00000000;3000;EXCHANGE_LAST;;1;1;XEUR;10106038;50861;
14.11.2024;11:41:29.424;CRTG SI 20241220 CS;SIMPLE_INSTRUMENT;BLOCK;EUR;38;5.55150000;200000;EXCHANGE_LAST;;1;1;XEUR;7033481;335;
14.11.2024;11:46:31.278;CRTG SI 20241220 CS;SIMPLE_INSTRUMENT;BLOCK;EUR;41;5.53750000;100000;EXCHANGE_LAST;;1;1;XEUR;7033481;335;
14.11.2024;11:51:45.478;CRTG SI 20241220 CS;SIMPLE_INSTRUMENT;BLOCK;EUR;45;5.51540000;100000;EXCHANGE_LAST;;1;1;XEUR;7033481;335;
14.11.2024;12:18:07.595;CRTG SI 20241220 CS;SIMPLE_INSTRUMENT;BLOCK;EUR;65;5.55550000;70000;EXCHANGE_LAST;;1;1;XEUR;7033481;335;
14.11.2024;11:36:19.565;DAI SI 20281215 PS AM P 48.00 0;SIMPLE_INSTRUMENT;BLOCK;EUR;8;9.35000000;1500;EXCHANGE_LAST;;1;1;XEUR;10455590;443196;
14.11.2024;11:40:34.558;DAI.O.241114.BR23.000016;STANDARD_OPTION_STRATEGY;BLOCK;EUR;9;-9.34000000;1250;EXCHANGE_LAST;;1;3;XEUR;73961106363660779;443196;
14.11.2024;11:40:34.558;DAI SI 20281215 PS AM P 36.00 0;SIMPLE_INSTRUMENT;BLOCK;EUR;9;4.64000000;3750;PRC_DECOMP_MEMBER;;;;XEUR;10455502;443196;MEMBER
14.11.2024;11:40:34.558;DAI SI 20281215 PS AM P 52.00 0;SIMPLE_INSTRUMENT;BLOCK;EUR;9;11.63000000;2500;PRC_DECOMP_MEMBER;;;;XEUR;10455577;443196;MEMBER
14.11.2024;12:10:43.112;DAI SI 20250919 PS AM P 46.00 0;SIMPLE_INSTRUMENT;BLOCK;EUR;10;3.26000000;1500;EXCHANGE_LAST;;1;1;XEUR;11925593;443196;
14.11.2024;14:12:40.009;DAI SI 20250620 PS AM C 68.00 0;SIMPLE_INSTRUMENT;BLOCK;EUR;16;0.33000000;750;EXCHANGE_LAST;;1;1;XEUR;7934303;443196;
14.11.2024;15:15:59.954;DAIE SI 20261218 PS EU C 52.00 0;SIMPLE_INSTRUMENT;BLOCK;EUR;19;5.52000000;1500;EXCHANGE_LAST;;1;1;XEUR;7190277;443202;
14.11.2024;15:15:48.146;DAIE SI 20281215 PS EU P 36.00 0;SIMPLE_INSTRUMENT;BLOCK;EUR;20;4.27000000;3000;EXCHANGE_LAST;;1;1;XEUR;10455482;443202;
14.11.2024;15:15:21.876;DAIE SI 20281215 PS EU P 48.00 0;SIMPLE_INSTRUMENT;BLOCK;EUR;21;8.87000000;6000;EXCHANGE_LAST;;1;1;XEUR;10455486;443202;
14.11.2024;15:15:36.099;DAIE SI 20261218 PS EU P 52.00 0;SIMPLE_INSTRUMENT;BLOCK;EUR;22;8.04000000;1500;EXCHANGE_LAST;;1;1;XEUR;7190211;443202;
14.11.2024;16:51:26.654;DAIG SI 20241220 CS;SIMPLE_INSTRUMENT;BLOCK;EUR;164;52.39410000;4000;EXCHANGE_LAST;;1;1;XEUR;7144297;443203;
14.11.2024;16:05:31.343;DBK.O.241114.STD.000024;STANDARD_OPTION_STRATEGY;BLOCK;EUR;11;1.08000000;2500;EXCHANGE_LAST;;1;1;XEUR;72059148816157686;362;
14.11.2024;16:05:31.343;DBK SI 20241220 PS AM C 16.00 0;SIMPLE_INSTRUMENT;BLOCK;EUR;11;0.52000000;2500;PRC_DECOMP_EXCHANGE;;;;XEUR;4772330;362;EXCHANGE
14.11.2024;16:05:31.343;DBK SI 20241220 PS AM P 16.00 0;SIMPLE_INSTRUMENT;BLOCK;EUR;11;0.56000000;2500;PRC_DECOMP_EXCHANGE;;;;XEUR;4772331;362;EXCHANGE
14.11.2024;09:42:10.215;DHE SI 20250117 PS AM C 33.00 0;SIMPLE_INSTRUMENT;BLOCK;EUR;3;6.87000000;500;EXCHANGE_LAST;;1;1;XEUR;12096322;57135;
14.11.2024;16:26:37.108;DHE SI 20250117 PS AM C 44.00 0;SIMPLE_INSTRUMENT;BLOCK;EUR;33;1.42000000;200;EXCHANGE_LAST;;1;1;XEUR;12096182;57135;
14.11.2024;13:27:08.115;DPW SI 20241220 PS AM P 36.00 0;SIMPLE_INSTRUMENT;BLOCK;EUR;13;1.65000000;1900;EXCHANGE_LAST;;1;1;XEUR;4643148;445;
14.11.2024;15:42:17.024;DPW.O.241114.RTRIS.000010;STANDARD_OPTION_STRATEGY;BLOCK;EUR;31;0.21000000;1000;EXCHANGE_LAST;;1;2;XEUR;72059505298412949;445;
14.11.2024;15:42:17.024;DPW SI 20241220 PS AM P 32.00 0;SIMPLE_INSTRUMENT;BLOCK;EUR;31;0.21000000;1000;PRC_DECOMP_MEMBER;;;;XEUR;4643146;445;MEMBER
14.11.2024;15:42:17.024;DPW SI 20241220 PS AM C 38.00 0;SIMPLE_INSTRUMENT;BLOCK;EUR;31;0.21000000;2000;PRC_DECOMP_MEMBER;;;;XEUR;10311167;445;MEMBER
14.11.2024;16:36:28.220;DPW SI 20250321 PS AM C 36.00 0;SIMPLE_INSTRUMENT;BLOCK;EUR;34;1.49000000;3500;EXCHANGE_LAST;;1;1;XEUR;10836841;445;
14.11.2024;10:20:47.941;DTE SI 20241220 PS AM P 27.50 0;SIMPLE_INSTRUMENT;BLOCK;EUR;4;0.16000000;1500;EXCHANGE_LAST;;1;1;XEUR;11813489;424;
14.11.2024;11:58:18.985;DTE SI 20250117 PS AM C 29.00 0;SIMPLE_INSTRUMENT;BLOCK;EUR;10;0.78000000;1766;EXCHANGE_LAST;;1;1;XEUR;12072872;424;
14.11.2024;11:58:19.116;DTE SI 20250117 PS AM C 29.00 0;SIMPLE_INSTRUMENT;BLOCK;EUR;11;0.75000000;1766;EXCHANGE_LAST;;1;1;XEUR;12072872;424;
14.11.2024;12:57:22.464;DTE.O.241114.BR23.000015;STANDARD_OPTION_STRATEGY;BLOCK;EUR;12;-0.30000000;1500;EXCHANGE_LAST;;1;1;XEUR;72059415104104793;424;
14.11.2024;12:57:22.464;DTE SI 20251219 PS AM P 24.00 0;SIMPLE_INSTRUMENT;BLOCK;EUR;12;0.48000000;4500;PRC_DECOMP_EXCHANGE;;;;XEUR;5927134;424;EXCHANGE
14.11.2024;12:57:22.464;DTE SI 20251219 PS AM P 26.00 0;SIMPLE_INSTRUMENT;BLOCK;EUR;12;0.87000000;3000;PRC_DECOMP_EXCHANGE;;;;XEUR;12057162;424;EXCHANGE
14.11.2024;13:53:14.984;DTE.O.241114.COMBO.000019;STANDARD_OPTION_STRATEGY;BLOCK;EUR;14;0.08000000;5000;EXCHANGE_LAST;;1;1;XEUR;72059415104104797;424;
14.11.2024;13:53:14.984;DTE SI 20250620 PS AM P 26.00 0;SIMPLE_INSTRUMENT;BLOCK;EUR;14;0.50000000;5000;PRC_DECOMP_EXCHANGE;;;;XEUR;11356795;424;EXCHANGE
14.11.2024;13:53:14.984;DTE SI 20250620 PS AM C 32.00 0;SIMPLE_INSTRUMENT;BLOCK;EUR;14;0.42000000;5000;PRC_DECOMP_EXCHANGE;;;;XEUR;7976636;424;EXCHANGE
14.11.2024;13:53:26.771;DTE.O.241114.COMBO.000019;STANDARD_OPTION_STRATEGY;BLOCK;EUR;15;0.09000000;5000;EXCHANGE_LAST;;1;1;XEUR;72059415104104797;424;
14.11.2024;13:53:26.771;DTE SI 20250620 PS AM P 26.00 0;SIMPLE_INSTRUMENT;BLOCK;EUR;15;0.51000000;5000;PRC_DECOMP_EXCHANGE;;;;XEUR;11356795;424;EXCHANGE
14.11.2024;13:53:26.771;DTE SI 20250620 PS AM C 32.00 0;SIMPLE_INSTRUMENT;BLOCK;EUR;15;0.42000000;5000;PRC_DECOMP_EXCHANGE;;;;XEUR;7976636;424;EXCHANGE
14.11.2024;14:57:51.511;DTE SI 20250117 PS AM C 30.00 0;SIMPLE_INSTRUMENT;BLOCK;EUR;27;0.33000000;1640;EXCHANGE_LAST;;1;1;XEUR;12072903;424;
14.11.2024;16:43:09.510;DTE SI 20250117 PS AM C 29.00 0;SIMPLE_INSTRUMENT;BLOCK;EUR;35;0.62000000;1550;EXCHANGE_LAST;;1;1;XEUR;12072872;424;
14.11.2024;16:43:11.798;DTE SI 20250117 PS AM C 29.00 0;SIMPLE_INSTRUMENT;BLOCK;EUR;36;0.65000000;1764;EXCHANGE_LAST;;1;1;XEUR;12072872;424;
14.11.2024;16:14:08.078;DVC SI 20251218 PS AM P 5.60 0;SIMPLE_INSTRUMENT;BLOCK;EUR;11;0.55000000;800;EXCHANGE_LAST;;2;1;XEUR;10380891;420;
14.11.2024;09:29:45.366;E2NL SI 20251219 CS;SIMPLE_INSTRUMENT;BLOCK;EUR;9;0.46500000;2000;EXCHANGE_LAST;;1;1;XEUR;3681293;471;
14.11.2024;09:52:16.297;E2NL SI 20251219 CS;SIMPLE_INSTRUMENT;BLOCK;EUR;15;0.46500000;2000;EXCHANGE_LAST;;1;2;XEUR;3681293;471;
14.11.2024;11:08:35.064;E2NL SI 20251219 CS;SIMPLE_INSTRUMENT;BLOCK;EUR;31;0.46500000;500;EXCHANGE_LAST;;1;1;XEUR;3681293;471;
14.11.2024;11:31:19.991;E2NL SI 20261218 CS;SIMPLE_INSTRUMENT;BLOCK;EUR;32;0.46200000;1993;EXCHANGE_LAST;;2;3;XEUR;4632356;471;
14.11.2024;11:31:32.992;E2NL SI 20261218 CS;SIMPLE_INSTRUMENT;BLOCK;EUR;33;0.46300000;1993;EXCHANGE_LAST;;2;3;XEUR;4632356;471;
14.11.2024;12:06:43.506;E2NL SI 20281215 CS;SIMPLE_INSTRUMENT;BLOCK;EUR;55;0.39000000;5000;EXCHANGE_LAST;;4;1;XEUR;6802276;471;
14.11.2024;13:44:35.836;E2NL SI 20261218 CS;SIMPLE_INSTRUMENT;BLOCK;EUR;87;0.46200000;500;EXCHANGE_LAST;;1;1;XEUR;4632356;471;
14.11.2024;13:44:44.424;E2NL SI 20261218 CS;SIMPLE_INSTRUMENT;BLOCK;EUR;88;0.46300000;500;EXCHANGE_LAST;;1;1;XEUR;4632356;471;
14.11.2024;13:48:24.695;E2NL SI 20251219 CS;SIMPLE_INSTRUMENT;BLOCK;EUR;89;0.46500000;1600;EXCHANGE_LAST;;1;2;XEUR;3681293;471;
14.11.2024;09:08:45.178;ENR SI 20241115 PS AM P 38.50 0;SIMPLE_INSTRUMENT;BLOCK;EUR;1;0.03000000;1690;EXCHANGE_LAST;;1;1;XEUR;12103078;298530;
14.11.2024;09:08:45.904;ENR SI 20241115 PS AM P 38.50 0;SIMPLE_INSTRUMENT;BLOCK;EUR;2;0.01000000;563;EXCHANGE_LAST;;1;1;XEUR;12103078;298530;
14.11.2024;11:55:58.190;ENR SI 20250117 PS AM C 49.00 0;SIMPLE_INSTRUMENT;BLOCK;EUR;9;2.30000000;1500;EXCHANGE_LAST;;1;1;XEUR;12193186;298530;
14.11.2024;14:01:01.893;ENR SI 20241220 PS AM P 37.00 0;SIMPLE_INSTRUMENT;BLOCK;EUR;16;0.24000000;400;EXCHANGE_LAST;;1;1;XEUR;11919301;298530;
14.11.2024;13:23:56.917;ENT5.O.241114.STG.000001;STANDARD_OPTION_STRATEGY;BLOCK;EUR;3;1.21000000;500;EXCHANGE_LAST;;1;1;XEUR;72059728636683171;497;
14.11.2024;13:23:56.917;ENT5 SI 20250619 PS AM P 13.00 0;SIMPLE_INSTRUMENT;BLOCK;EUR;3;0.56550000;500;PRC_DECOMP_EXCHANGE;;;;XEUR;10742895;497;EXCHANGE
14.11.2024;13:23:56.917;ENT5 SI 20250619 PS AM C 14.00 0;SIMPLE_INSTRUMENT;BLOCK;EUR;3;0.64450000;500;PRC_DECOMP_EXCHANGE;;;;XEUR;7889863;497;EXCHANGE
14.11.2024;13:24:39.346;ENT5.O.241114.STG.000001;STANDARD_OPTION_STRATEGY;BLOCK;EUR;4;1.22000000;500;EXCHANGE_LAST;;1;1;XEUR;72059728636683171;497;
14.11.2024;13:24:39.346;ENT5 SI 20250619 PS AM C 14.00 0;SIMPLE_INSTRUMENT;BLOCK;EUR;4;0.64950000;500;PRC_DECOMP_EXCHANGE;;;;XEUR;7889863;497;EXCHANGE
14.11.2024;13:24:39.346;ENT5 SI 20250619 PS AM P 13.00 0;SIMPLE_INSTRUMENT;BLOCK;EUR;4;0.57050000;500;PRC_DECOMP_EXCHANGE;;;;XEUR;10742895;497;EXCHANGE
14.11.2024;09:06:38.234;EOA SI 20241220 PS AM C 12.40 0;SIMPLE_INSTRUMENT;BLOCK;EUR;1;0.09000000;5933;EXCHANGE_LAST;;1;1;XEUR;11514514;49065;
14.11.2024;09:06:38.336;EOA SI 20241220 PS AM C 12.40 0;SIMPLE_INSTRUMENT;BLOCK;EUR;2;0.06000000;5933;EXCHANGE_LAST;;1;1;XEUR;11514514;49065;
14.11.2024;09:44:25.196;EVK.O.241114.BER.000001;STANDARD_OPTION_STRATEGY;BLOCK;EUR;2;1.17000000;1000;EXCHANGE_LAST;;1;1;XEUR;72104005454537287;10806;
14.11.2024;09:44:25.196;EVK SI 20241115 PS AM P 18.60 0;SIMPLE_INSTRUMENT;BLOCK;EUR;2;1.07000000;1000;PRC_DECOMP_EXCHANGE;;;;XEUR;12091857;10806;EXCHANGE
14.11.2024;09:44:25.196;EVK SI 20241115 PS AM P 19.80 0;SIMPLE_INSTRUMENT;BLOCK;EUR;2;2.24000000;1000;PRC_DECOMP_EXCHANGE;;;;XEUR;12091952;10806;EXCHANGE
14.11.2024;14:43:25.239;F3IA SI 20251219 CS;SIMPLE_INSTRUMENT;BLOCK;EUR;102;0.45000000;250;EXCHANGE_LAST;;1;1;XEUR;6633988;390387;
14.11.2024;15:37:53.076;F3IA SI 20281215 CS;SIMPLE_INSTRUMENT;BLOCK;EUR;121;0.44000000;1500;EXCHANGE_LAST;;3;1;XEUR;9964653;390387;
14.11.2024;15:47:24.032;F3IA SI 20251219 CS;SIMPLE_INSTRUMENT;BLOCK;EUR;124;0.45000000;350;EXCHANGE_LAST;;1;1;XEUR;6633988;390387;
14.11.2024;16:10:08.259;F3IA SI 20251219 CS;SIMPLE_INSTRUMENT;BLOCK;EUR;129;0.45000000;500;EXCHANGE_LAST;;1;1;XEUR;6633988;390387;
14.11.2024;16:02:29.572;F3IA SI 20271217 CS;SIMPLE_INSTRUMENT;BLOCK;EUR;130;0.44000000;500;EXCHANGE_LAST;;1;1;XEUR;8422837;390387;
14.11.2024;16:57:10.690;F3IA SI 20271217 CS;SIMPLE_INSTRUMENT;BLOCK;EUR;165;0.44000000;300;EXCHANGE_LAST;;1;1;XEUR;8422837;390387;
14.11.2024;12:07:15.280;F3TE SI 20241220 CS;SIMPLE_INSTRUMENT;BLOCK;EUR;60;0.72000000;7060;EXCHANGE_LAST;;1;1;XEUR;6633907;390379;
14.11.2024;14:23:59.555;F3TE SI 20250620 CS;SIMPLE_INSTRUMENT;BLOCK;EUR;96;0.45000000;1760;EXCHANGE_LAST;;1;1;XEUR;10882016;390379;
14.11.2024;15:49:14.407;F3TE SI 20241220 CS;SIMPLE_INSTRUMENT;BLOCK;EUR;126;0.72000000;4413;EXCHANGE_LAST;;2;1;XEUR;6633907;390379;
14.11.2024;09:00:24.788;FBTP SI 20241206 PS;SIMPLE_INSTRUMENT;EFP_FIN;EUR;1;119.71000000;141;EXCHANGE_LAST;;1;1;XEUR;10804520;636;
14.11.2024;09:55:03.498;FBTP SI 20241206 PS;SIMPLE_INSTRUMENT;EFP_FIN;EUR;2;119.75000000;177;EXCHANGE_LAST;;1;1;XEUR;10804520;636;
14.11.2024;10:23:48.418;FBTP SI 20241206 PS;SIMPLE_INSTRUMENT;EFP_FIN;EUR;3;119.83000000;223;EXCHANGE_LAST;;1;1;XEUR;10804520;636;
14.11.2024;10:57:02.484;FBTP SI 20241206 PS;SIMPLE_INSTRUMENT;EFP_FIN;EUR;4;119.78000000;125;EXCHANGE_LAST;;1;1;XEUR;10804520;636;
14.11.2024;11:04:47.511;FBTP SI 20241206 PS;SIMPLE_INSTRUMENT;EFP_FIN;EUR;5;119.78000000;73;EXCHANGE_LAST;;1;1;XEUR;10804520;636;
14.11.2024;11:07:29.520;FBTP SI 20241206 PS;SIMPLE_INSTRUMENT;EFP_FIN;EUR;6;119.78000000;338;EXCHANGE_LAST;;1;1;XEUR;10804520;636;
14.11.2024;11:11:38.532;FBTP SI 20241206 PS;SIMPLE_INSTRUMENT;EFP_FIN;EUR;7;119.78000000;270;EXCHANGE_LAST;;1;1;XEUR;10804520;636;
14.11.2024;11:14:02.542;FBTP SI 20241206 PS;SIMPLE_INSTRUMENT;EFP_FIN;EUR;8;119.78000000;535;EXCHANGE_LAST;;1;1;XEUR;10804520;636;
14.11.2024;11:15:41.550;FBTP SI 20241206 PS;SIMPLE_INSTRUMENT;EFP_FIN;EUR;9;119.78000000;211;EXCHANGE_LAST;;1;1;XEUR;10804520;636;
14.11.2024;11:18:39.559;FBTP SI 20241206 PS;SIMPLE_INSTRUMENT;EFP_FIN;EUR;10;119.78000000;729;EXCHANGE_LAST;;1;1;XEUR;10804520;636;
14.11.2024;11:20:54.566;FBTP SI 20241206 PS;SIMPLE_INSTRUMENT;EFP_FIN;EUR;11;119.78000000;118;EXCHANGE_LAST;;1;1;XEUR;10804520;636;
14.11.2024;11:37:25.612;FBTP SI 20241206 PS;SIMPLE_INSTRUMENT;EFP_FIN;EUR;12;119.78000000;227;EXCHANGE_LAST;;1;1;XEUR;10804520;636;
14.11.2024;11:42:56.064;FBTP SI 20241206 PS;SIMPLE_INSTRUMENT;BLOCK;EUR;13;119.81000000;1786;EXCHANGE_LAST;;1;1;XEUR;10804520;636;
14.11.2024;11:44:54.542;FBTP SI 20241206 PS;SIMPLE_INSTRUMENT;EFP_FIN;EUR;14;119.94000000;250;EXCHANGE_LAST;;1;1;XEUR;10804520;636;
14.11.2024;12:00:02.732;FBTP SI 20241206 PS;SIMPLE_INSTRUMENT;EFP_FIN;EUR;15;119.95000000;553;EXCHANGE_LAST;;1;1;XEUR;10804520;636;
14.11.2024;12:52:25.778;FBTP SI 20241206 PS;SIMPLE_INSTRUMENT;EFP_FIN;EUR;16;119.94000000;342;EXCHANGE_LAST;;1;1;XEUR;10804520;636;
14.11.2024;12:53:05.469;FBTP SI 20241206 PS;SIMPLE_INSTRUMENT;EFP_FIN;EUR;17;119.96000000;319;EXCHANGE_LAST;;1;1;XEUR;10804520;636;
14.11.2024;12:54:26.637;FBTP SI 20241206 PS;SIMPLE_INSTRUMENT;EFP_FIN;EUR;18;119.96000000;91;EXCHANGE_LAST;;1;1;XEUR;10804520;636;
14.11.2024;13:18:07.893;FBTP SI 20241206 PS;SIMPLE_INSTRUMENT;EFP_FIN;EUR;19;119.98000000;68;EXCHANGE_LAST;;1;1;XEUR;10804520;636;
14.11.2024;13:27:18.760;FBTP SI 20241206 PS;SIMPLE_INSTRUMENT;EFP_FIN;EUR;20;120.02000000;144;EXCHANGE_LAST;;1;1;XEUR;10804520;636;
14.11.2024;13:31:28.832;FBTP SI 20241206 PS;SIMPLE_INSTRUMENT;EFP_FIN;EUR;21;119.91000000;263;EXCHANGE_LAST;;1;1;XEUR;10804520;636;
14.11.2024;13:31:48.485;FBTP SI 20241206 PS;SIMPLE_INSTRUMENT;EFP_FIN;EUR;22;119.96000000;134;EXCHANGE_LAST;;1;1;XEUR;10804520;636;
14.11.2024;13:35:23.526;FBTP SI 20241206 PS;SIMPLE_INSTRUMENT;EFP_FIN;EUR;23;119.91000000;96;EXCHANGE_LAST;;1;1;XEUR;10804520;636;
14.11.2024;15:15:50.238;FBTP SI 20241206 PS;SIMPLE_INSTRUMENT;EFP_FIN;EUR;24;120.16000000;79;EXCHANGE_LAST;;1;1;XEUR;10804520;636;
14.11.2024;16:05:59.220;FBTP SI 20241206 PS;SIMPLE_INSTRUMENT;EFP_FIN;EUR;25;120.20000000;1786;EXCHANGE_LAST;;1;1;XEUR;10804520;636;
14.11.2024;16:08:53.181;FBTP SI 20241206 PS;SIMPLE_INSTRUMENT;EFP_FIN;EUR;26;120.20000000;287;EXCHANGE_LAST;;1;1;XEUR;10804520;636;
14.11.2024;16:17:46.035;FBTP SI 20241206 PS;SIMPLE_INSTRUMENT;EFP_FIN;EUR;27;120.24000000;1339;EXCHANGE_LAST;;1;1;XEUR;10804520;636;
14.11.2024;16:21:02.933;FBTP SI 20241206 PS;SIMPLE_INSTRUMENT;EFP_FIN;EUR;28;120.26000000;71;EXCHANGE_LAST;;1;1;XEUR;10804520;636;
14.11.2024;09:36:42.328;FBTS SI 20241206 PS;SIMPLE_INSTRUMENT;EFP_FIN;EUR;4;107.23000000;940;EXCHANGE_LAST;;1;1;XEUR;10804522;639;
14.11.2024;10:24:40.696;FBTS SI 20241206 PS;SIMPLE_INSTRUMENT;EFP_FIN;EUR;12;107.25000000;279;EXCHANGE_LAST;;1;1;XEUR;10804522;639;
14.11.2024;10:29:49.446;FBTS SI 20241206 PS;SIMPLE_INSTRUMENT;EFP_FIN;EUR;13;107.24000000;508;EXCHANGE_LAST;;1;1;XEUR;10804522;639;
14.11.2024;10:34:22.876;FBTS SI 20241206 PS;SIMPLE_INSTRUMENT;EFP_FIN;EUR;15;107.23000000;242;EXCHANGE_LAST;;1;1;XEUR;10804522;639;
14.11.2024;11:00:20.494;FBTS SI 20241206 PS;SIMPLE_INSTRUMENT;EFP_FIN;EUR;18;107.24000000;260;EXCHANGE_LAST;;1;1;XEUR;10804522;639;
14.11.2024;11:05:33.563;FBTS SI 20241206 PS;SIMPLE_INSTRUMENT;EFP_FIN;EUR;21;107.23000000;2351;EXCHANGE_LAST;;1;1;XEUR;10804522;639;
14.11.2024;11:06:03.566;FBTS SI 20241206 PS;SIMPLE_INSTRUMENT;EFP_FIN;EUR;22;107.23000000;2351;EXCHANGE_LAST;;1;1;XEUR;10804522;639;
14.11.2024;11:09:24.905;FBTS SI 20241206 PS;SIMPLE_INSTRUMENT;EFP_FIN;EUR;23;107.25000000;188;EXCHANGE_LAST;;1;1;XEUR;10804522;639;
14.11.2024;11:15:00.654;FBTS SI 20241206 PS;SIMPLE_INSTRUMENT;EFP_FIN;EUR;24;107.27000000;94;EXCHANGE_LAST;;1;1;XEUR;10804522;639;
14.11.2024;11:18:14.605;FBTS SI 20241206 PS;SIMPLE_INSTRUMENT;EFP_FIN;EUR;25;107.25000000;4897;EXCHANGE_LAST;;1;1;XEUR;10804522;639;
14.11.2024;11:19:52.611;FBTS SI 20241206 PS;SIMPLE_INSTRUMENT;EFP_FIN;EUR;26;107.25000000;8970;EXCHANGE_LAST;;1;1;XEUR;10804522;639;
14.11.2024;11:30:35.313;FBTS SI 20241206 PS;SIMPLE_INSTRUMENT;EFP_FIN;EUR;27;107.29000000;610;EXCHANGE_LAST;;1;1;XEUR;10804522;639;
14.11.2024;11:30:53.013;FBTS SI 20241206 PS;SIMPLE_INSTRUMENT;EFP_FIN;EUR;28;107.27000000;611;EXCHANGE_LAST;;1;1;XEUR;10804522;639;
14.11.2024;11:39:42.645;FBTS SI 20241206 PS;SIMPLE_INSTRUMENT;EFP_FIN;EUR;29;107.25000000;235;EXCHANGE_LAST;;1;1;XEUR;10804522;639;
14.11.2024;11:54:34.166;FBTS SI 20241206 PS;SIMPLE_INSTRUMENT;EFP_FIN;EUR;30;107.28000000;940;EXCHANGE_LAST;;1;1;XEUR;10804522;639;
14.11.2024;11:55:29.718;FBTS SI 20241206 PS;SIMPLE_INSTRUMENT;EFP_FIN;EUR;31;107.26000000;480;EXCHANGE_LAST;;1;1;XEUR;10804522;639;
14.11.2024;12:44:05.257;FBTS SI 20241206 PS;SIMPLE_INSTRUMENT;EFP_FIN;EUR;33;107.25000000;279;EXCHANGE_LAST;;1;1;XEUR;10804522;639;
14.11.2024;13:00:09.401;FBTS SI 20241206 PS;SIMPLE_INSTRUMENT;BLOCK;EUR;34;107.24000000;967;EXCHANGE_LAST;;1;1;XEUR;10804522;639;
14.11.2024;14:56:36.245;FBTS SI 20241206 PS;SIMPLE_INSTRUMENT;EFP_FIN;EUR;41;107.24000000;483;EXCHANGE_LAST;;1;1;XEUR;10804522;639;
14.11.2024;15:13:51.835;FBTS SI 20241206 PS;SIMPLE_INSTRUMENT;EFS;EUR;42;107.30000000;4486;EXCHANGE_LAST;;1;1;XEUR;10804522;639;
14.11.2024;15:20:34.559;FBTS SI 20241206 PS;SIMPLE_INSTRUMENT;EFP_FIN;EUR;46;107.30000000;530;EXCHANGE_LAST;;1;1;XEUR;10804522;639;
14.11.2024;14:06:36.551;FCBU SI 20241203 CS;SIMPLE_INSTRUMENT;BLOCK;USD;8;0.17285000;200;EXCHANGE_LAST;;1;1;XEUR;10350809;570870;
14.11.2024;09:35:13.937;FCEU SI 20241216 PS;SIMPLE_INSTRUMENT;BLOCK;USD;1;1.05355000;930;EXCHANGE_LAST;;1;1;XEUR;7140363;369376;
14.11.2024;12:16:00.524;FCEU SI 20241216 PS;SIMPLE_INSTRUMENT;BLOCK;USD;5;1.05400000;501;EXCHANGE_LAST;;1;1;XEUR;7140363;369376;
14.11.2024;16:20:50.940;FCEU SI 20241216 PS;SIMPLE_INSTRUMENT;BLOCK;USD;9;1.05880000;30;EXCHANGE_LAST;;1;1;XEUR;7140363;369376;
14.11.2024;13:36:35.246;FCMU SI 20241216 CS;SIMPLE_INSTRUMENT;BLOCK;USD;7;0.04835000;100;EXCHANGE_LAST;;1;1;XEUR;10921066;570874;
14.11.2024;10:47:51.090;FCNS SI 20241216 PS;SIMPLE_INSTRUMENT;EFP_IDX;SEK;3;0.98322000;6;EXCHANGE_LAST;;1;1;XEUR;7140409;402911;
14.11.2024;10:47:51.498;FCNS SI 20241216 PS;SIMPLE_INSTRUMENT;EFP_IDX;SEK;4;0.98323000;14;EXCHANGE_LAST;;1;1;XEUR;7140409;402911;
14.11.2024;20:19:13.556;FCNS SI 20241216 PS;SIMPLE_INSTRUMENT;EFP_IDX;SEK;10;0.98536000;290;EXCHANGE_LAST;;1;1;XEUR;7140409;402911;
14.11.2024;20:19:13.988;FCNS SI 20241216 PS;SIMPLE_INSTRUMENT;EFP_IDX;SEK;11;0.98537000;47;EXCHANGE_LAST;;1;1;XEUR;7140409;402911;
14.11.2024;20:20:41.199;FCNS SI 20241216 PS;SIMPLE_INSTRUMENT;EFP_IDX;SEK;12;0.98541000;96;EXCHANGE_LAST;;1;1;XEUR;7140409;402911;
14.11.2024;20:20:41.633;FCNS SI 20241216 PS;SIMPLE_INSTRUMENT;EFP_IDX;SEK;13;0.98542000;4;EXCHANGE_LAST;;1;1;XEUR;7140409;402911;
14.11.2024;09:35:33.835;FCZU SI 20241216 CS;SIMPLE_INSTRUMENT;BLOCK;USD;2;0.05468000;100;EXCHANGE_LAST;;1;1;XEUR;10921064;570872;
14.11.2024;13:22:14.619;FCZU SI 20241216 CS;SIMPLE_INSTRUMENT;BLOCK;USD;6;0.05446000;100;EXCHANGE_LAST;;1;1;XEUR;10921064;570872;
14.11.2024;13:37:14.970;FDAX SI 20241220 CS;SIMPLE_INSTRUMENT;EFP_IDX;EUR;1;19365.00000000;150;EXCHANGE_LAST;;1;1;XEUR;7296065;589;
14.11.2024;14:52:16.408;FDAX SI 20241220 CS;SIMPLE_INSTRUMENT;EFP_IDX;EUR;2;19340.00000000;100;EXCHANGE_LAST;;1;1;XEUR;7296065;589;
14.11.2024;08:56:29.287;FDAX SI 20241220 CS;SIMPLE_INSTRUMENT;VOLA;EUR;671088643;19165.00000000;64;EXCHANGE_LAST;;1;1;XEUR;7296065;589;
14.11.2024;15:23:16.133;FDAX SI 20241220 CS;SIMPLE_INSTRUMENT;VOLA;EUR;671088658;19330.00000000;67;EXCHANGE_LAST;;1;1;XEUR;7296065;589;
14.11.2024;09:12:25.272;FEBD SI 20251219 CS;SIMPLE_INSTRUMENT;BLOCK;EUR;10;10.13000000;1000;EXCHANGE_LAST;;1;1;XEUR;5914075;597;
14.11.2024;09:36:55.179;FEBD SI 20261218 CS;SIMPLE_INSTRUMENT;BLOCK;EUR;13;9.47000000;1000;EXCHANGE_LAST;;1;1;XEUR;7158212;597;
14.11.2024;12:53:27.170;FEBD SI 20261218 CS;SIMPLE_INSTRUMENT;BLOCK;EUR;47;9.46000000;1000;EXCHANGE_LAST;;2;2;XEUR;7158212;597;
14.11.2024;16:29:35.462;FEBD.S.DEC25.DEC26.SPD;FUTURES_SPREAD;BLOCK;EUR;79;0.68000000;500;EXCHANGE_LAST;;1;1;XEUR;72060158133406981;597;
14.11.2024;16:29:35.462;FEBD SI 20261218 CS;SIMPLE_INSTRUMENT;BLOCK;EUR;79;9.47000000;500;PRC_DECOMP_EXCHANGE;;;;XEUR;7158212;597;EXCHANGE
14.11.2024;16:29:35.462;FEBD SI 20251219 CS;SIMPLE_INSTRUMENT;BLOCK;EUR;79;10.15000000;500;PRC_DECOMP_EXCHANGE;;;;XEUR;5914075;597;EXCHANGE
14.11.2024;12:47:31.189;FEDV SI 20241220 CS;SIMPLE_INSTRUMENT;BLOCK;EUR;46;1603.00000000;2000;EXCHANGE_LAST;;1;1;XEUR;10838883;596;
14.11.2024;16:05:01.891;FES1 SI 20241220 PS;SIMPLE_INSTRUMENT;BLOCK;EUR;71;8.30000000;324;EXCHANGE_LAST;;1;1;XEUR;10869579;58959;
14.11.2024;12:49:52.861;FESB SI 20241220 CS;SIMPLE_INSTRUMENT;BLOCK;EUR;36;145.00000000;5850;EXCHANGE_LAST;;1;1;XEUR;10838895;605;
14.11.2024;15:27:09.736;FESB SI 20241220 CS;SIMPLE_INSTRUMENT;BLOCK;EUR;40;144.50000000;5000;EXCHANGE_LAST;;1;1;XEUR;10838895;605;
14.11.2024;15:32:46.740;FESB SI 20241220 CS;SIMPLE_INSTRUMENT;BLOCK;EUR;41;144.50000000;5000;EXCHANGE_LAST;;1;1;XEUR;10838895;605;
14.11.2024;16:57:15.671;FESB SI 20241220 CS;SIMPLE_INSTRUMENT;EFP_IDX;EUR;44;144.25000000;282;EXCHANGE_LAST;;1;1;XEUR;10838895;605;
14.11.2024;16:57:15.651;FESB SI 20241220 CS;SIMPLE_INSTRUMENT;EFP_IDX;EUR;45;144.45000000;200;EXCHANGE_LAST;;1;1;XEUR;10838895;605;
14.11.2024;08:56:20.289;FESX SI 20241220 CS;SIMPLE_INSTRUMENT;BLOCK;EUR;1;4775.00000000;4000;EXCHANGE_LAST;;1;1;XEUR;7793479;675;
14.11.2024;08:59:58.882;FESX SI 20241220 CS;SIMPLE_INSTRUMENT;BLOCK;EUR;2;4787.00000000;2000;EXCHANGE_LAST;;1;1;XEUR;7793479;675;
14.11.2024;09:03:43.714;FESX SI 20241220 CS;SIMPLE_INSTRUMENT;BLOCK;EUR;3;4780.00000000;3000;EXCHANGE_LAST;;1;1;XEUR;7793479;675;
14.11.2024;09:24:22.025;FESX SI 20241220 CS;SIMPLE_INSTRUMENT;BLOCK;EUR;4;4785.00000000;7900;EXCHANGE_LAST;;1;1;XEUR;7793479;675;
14.11.2024;09:39:20.941;FESX SI 20241220 CS;SIMPLE_INSTRUMENT;BLOCK;EUR;5;4795.00000000;5000;EXCHANGE_LAST;;1;1;XEUR;7793479;675;
14.11.2024;12:26:04.155;FESX SI 20241220 CS;SIMPLE_INSTRUMENT;BLOCK;EUR;6;4816.00000000;3000;EXCHANGE_LAST;;1;1;XEUR;7793479;675;
14.11.2024;14:46:54.748;FESX SI 20241220 CS;SIMPLE_INSTRUMENT;BLOCK;EUR;9;4838.00000000;2000;EXCHANGE_LAST;;1;1;XEUR;7793479;675;
14.11.2024;15:24:22.497;FESX SI 20241220 CS;SIMPLE_INSTRUMENT;BLOCK;EUR;10;4838.00000000;2000;EXCHANGE_LAST;;1;1;XEUR;7793479;675;
14.11.2024;15:49:39.071;FESX SI 20241220 CS;SIMPLE_INSTRUMENT;BLOCK;EUR;11;4845.00000000;2000;EXCHANGE_LAST;;1;1;XEUR;7793479;675;
14.11.2024;16:14:50.128;FESX SI 20241220 CS;SIMPLE_INSTRUMENT;BLOCK;EUR;12;4841.00000000;2000;EXCHANGE_LAST;;1;1;XEUR;7793479;675;
14.11.2024;16:18:54.204;FESX SI 20241220 CS;SIMPLE_INSTRUMENT;BLOCK;EUR;13;4841.00000000;6000;EXCHANGE_LAST;;1;1;XEUR;7793479;675;
14.11.2024;16:23:48.190;FESX SI 20241220 CS;SIMPLE_INSTRUMENT;BLOCK;EUR;14;4841.00000000;4000;EXCHANGE_LAST;;1;1;XEUR;7793479;675;
14.11.2024;16:27:35.831;FESX SI 20241220 CS;SIMPLE_INSTRUMENT;BLOCK;EUR;15;4840.00000000;2000;EXCHANGE_LAST;;1;1;XEUR;7793479;675;
14.11.2024;16:44:09.767;FESX SI 20241220 CS;SIMPLE_INSTRUMENT;EFP_IDX;EUR;16;4843.00000000;420;EXCHANGE_LAST;;1;1;XEUR;7793479;675;
14.11.2024;16:44:33.927;FESX SI 20241220 CS;SIMPLE_INSTRUMENT;EFP_IDX;EUR;17;4842.00000000;1080;EXCHANGE_LAST;;1;1;XEUR;7793479;675;
14.11.2024;16:48:10.230;FESX SI 20241220 CS;SIMPLE_INSTRUMENT;EFP_IDX;EUR;18;4842.00000000;269;EXCHANGE_LAST;;1;1;XEUR;7793479;675;
14.11.2024;16:48:28.275;FESX SI 20241220 CS;SIMPLE_INSTRUMENT;EFP_IDX;EUR;19;4841.00000000;55;EXCHANGE_LAST;;1;1;XEUR;7793479;675;
14.11.2024;16:57:59.715;FESX SI 20241220 CS;SIMPLE_INSTRUMENT;BLOCK;EUR;20;4840.00000000;3000;EXCHANGE_LAST;;1;1;XEUR;7793479;675;
14.11.2024;16:55:32.732;FESX SI 20241220 CS;SIMPLE_INSTRUMENT;EFP_IDX;EUR;21;4842.00000000;235;EXCHANGE_LAST;;1;1;XEUR;7793479;675;
14.11.2024;16:55:21.503;FESX SI 20241220 CS;SIMPLE_INSTRUMENT;EFP_IDX;EUR;22;4843.00000000;265;EXCHANGE_LAST;;1;1;XEUR;7793479;675;
14.11.2024;16:51:21.208;FESX SI 20241220 CS;SIMPLE_INSTRUMENT;EFP_IDX;EUR;23;4842.00000000;893;EXCHANGE_LAST;;1;1;XEUR;7793479;675;
14.11.2024;16:51:30.762;FESX SI 20241220 CS;SIMPLE_INSTRUMENT;EFP_IDX;EUR;24;4843.00000000;607;EXCHANGE_LAST;;1;1;XEUR;7793479;675;
14.11.2024;16:51:39.399;FESX SI 20241220 CS;SIMPLE_INSTRUMENT;EFP_IDX;EUR;25;4845.00000000;1000;EXCHANGE_LAST;;1;1;XEUR;7793479;675;
14.11.2024;16:54:01.880;FESX SI 20241220 CS;SIMPLE_INSTRUMENT;EFP_IDX;EUR;26;4842.00000000;298;EXCHANGE_LAST;;1;1;XEUR;7793479;675;
14.11.2024;16:53:36.602;FESX SI 20241220 CS;SIMPLE_INSTRUMENT;EFP_IDX;EUR;27;4843.00000000;202;EXCHANGE_LAST;;1;1;XEUR;7793479;675;
14.11.2024;16:53:14.924;FESX SI 20241220 CS;SIMPLE_INSTRUMENT;EFP_IDX;EUR;28;4841.00000000;47;EXCHANGE_LAST;;1;1;XEUR;7793479;675;
14.11.2024;16:53:30.419;FESX SI 20241220 CS;SIMPLE_INSTRUMENT;EFP_IDX;EUR;29;4842.00000000;453;EXCHANGE_LAST;;1;1;XEUR;7793479;675;
14.11.2024;17:28:17.422;FESX SI 20241220 CS;SIMPLE_INSTRUMENT;EFP_IDX;EUR;30;4837.00000000;1500;EXCHANGE_LAST;;1;1;XEUR;7793479;675;
14.11.2024;17:28:27.868;FESX SI 20241220 CS;SIMPLE_INSTRUMENT;EFP_IDX;EUR;31;4837.00000000;1000;EXCHANGE_LAST;;1;1;XEUR;7793479;675;
14.11.2024;09:32:25.662;FESX SI 20241220 CS;SIMPLE_INSTRUMENT;VOLA;EUR;637534235;4775.00000000;860;EXCHANGE_LAST;;1;1;XEUR;7793479;675;
14.11.2024;09:44:55.119;FESX SI 20241220 CS;SIMPLE_INSTRUMENT;VOLA;EUR;637534246;4805.00000000;590;EXCHANGE_LAST;;1;1;XEUR;7793479;675;
14.11.2024;09:50:43.954;FESX SI 20241220 CS;SIMPLE_INSTRUMENT;VOLA;EUR;637534252;4802.00000000;9;EXCHANGE_LAST;;1;1;XEUR;7793479;675;
14.11.2024;09:54:36.570;FESX SI 20241220 CS;SIMPLE_INSTRUMENT;VOLA;EUR;637534258;4805.00000000;114;EXCHANGE_LAST;;1;1;XEUR;7793479;675;
14.11.2024;10:54:14.718;FESX SI 20241220 CS;SIMPLE_INSTRUMENT;VOLA;EUR;637534283;4810.00000000;110;EXCHANGE_LAST;;1;1;XEUR;7793479;675;
14.11.2024;12:04:04.926;FESX SI 20241220 CS;SIMPLE_INSTRUMENT;VOLA;EUR;637534305;4808.00000000;177;EXCHANGE_LAST;;1;1;XEUR;7793479;675;
14.11.2024;13:18:33.518;FESX SI 20241220 CS;SIMPLE_INSTRUMENT;VOLA;EUR;637534335;4825.00000000;1120;EXCHANGE_LAST;;1;1;XEUR;7793479;675;
14.11.2024;13:42:04.470;FESX SI 20241220 CS;SIMPLE_INSTRUMENT;VOLA;EUR;637534344;4830.00000000;627;EXCHANGE_LAST;;1;1;XEUR;7793479;675;
14.11.2024;14:24:30.977;FESX SI 20241220 CS;SIMPLE_INSTRUMENT;VOLA;EUR;637534362;4835.00000000;48;EXCHANGE_LAST;;1;1;XEUR;7793479;675;
14.11.2024;15:58:54.715;FESX SI 20241220 CS;SIMPLE_INSTRUMENT;VOLA;EUR;637534400;4830.00000000;10;EXCHANGE_LAST;;1;1;XEUR;7793479;675;
14.11.2024;11:50:59.180;FESY SI 20241220 CS;SIMPLE_INSTRUMENT;VOLA;EUR;603979797;1019.00000000;80;EXCHANGE_LAST;;1;1;XEUR;10839149;674;
14.11.2024;08:53:00.721;FEXD.S.DEC25.DEC26.SPD;FUTURES_SPREAD;BLOCK;EUR;3;5.50000000;200;EXCHANGE_LAST;;1;1;XEUR;72060570450264144;693;
14.11.2024;08:53:00.721;FEXD SI 20251219 CS;SIMPLE_INSTRUMENT;BLOCK;EUR;3;158.70000000;200;PRC_DECOMP_MEMBER;;;;XEUR;1548120;693;MEMBER
14.11.2024;08:53:00.721;FEXD SI 20261218 CS;SIMPLE_INSTRUMENT;BLOCK;EUR;3;153.20000000;200;PRC_DECOMP_MEMBER;;;;XEUR;2163053;693;MEMBER
14.11.2024;08:57:53.398;FEXD.S.DEC25.DEC26.SPD;FUTURES_SPREAD;BLOCK;EUR;4;5.50000000;1500;EXCHANGE_LAST;;1;1;XEUR;72060570450264144;693;
14.11.2024;08:57:53.398;FEXD SI 20261218 CS;SIMPLE_INSTRUMENT;BLOCK;EUR;4;153.20000000;1500;PRC_DECOMP_MEMBER;;;;XEUR;2163053;693;MEMBER
14.11.2024;08:57:53.398;FEXD SI 20251219 CS;SIMPLE_INSTRUMENT;BLOCK;EUR;4;158.70000000;1500;PRC_DECOMP_MEMBER;;;;XEUR;1548120;693;MEMBER
14.11.2024;08:59:00.171;FEXD SI 20291221 CS;SIMPLE_INSTRUMENT;BLOCK;EUR;5;136.00000000;230;EXCHANGE_LAST;;1;1;XEUR;4631968;693;
14.11.2024;08:59:03.086;FEXD SI 20281215 CS;SIMPLE_INSTRUMENT;BLOCK;EUR;6;141.00000000;230;EXCHANGE_LAST;;1;1;XEUR;3680985;693;
14.11.2024;09:00:38.965;FEXD.S.DEC26.DEC27.SPD;FUTURES_SPREAD;BLOCK;EUR;7;6.20000000;150;EXCHANGE_LAST;;1;1;XEUR;72060570450264153;693;
14.11.2024;09:00:38.965;FEXD SI 20271217 CS;SIMPLE_INSTRUMENT;BLOCK;EUR;7;146.90000000;150;PRC_DECOMP_EXCHANGE;;;;XEUR;2848338;693;EXCHANGE
14.11.2024;09:00:38.965;FEXD SI 20261218 CS;SIMPLE_INSTRUMENT;BLOCK;EUR;7;153.10000000;150;PRC_DECOMP_EXCHANGE;;;;XEUR;2163053;693;EXCHANGE
14.11.2024;09:07:00.807;FEXD.S.DEC25.DEC26.SPD;FUTURES_SPREAD;BLOCK;EUR;8;5.50000000;100;EXCHANGE_LAST;;1;1;XEUR;72060570450264144;693;
14.11.2024;09:07:00.807;FEXD SI 20261218 CS;SIMPLE_INSTRUMENT;BLOCK;EUR;8;153.20000000;100;PRC_DECOMP_MEMBER;;;;XEUR;2163053;693;MEMBER
14.11.2024;09:07:00.807;FEXD SI 20251219 CS;SIMPLE_INSTRUMENT;BLOCK;EUR;8;158.70000000;100;PRC_DECOMP_MEMBER;;;;XEUR;1548120;693;MEMBER
14.11.2024;09:34:16.929;FEXD.S.DEC27.DEC28.SPD;FUTURES_SPREAD;BLOCK;EUR;12;5.50000000;100;EXCHANGE_LAST;;1;1;XEUR;72060570450264162;693;
14.11.2024;09:34:16.929;FEXD SI 20271217 CS;SIMPLE_INSTRUMENT;BLOCK;EUR;12;147.30000000;100;PRC_DECOMP_EXCHANGE;;;;XEUR;2848338;693;EXCHANGE
14.11.2024;09:34:16.929;FEXD SI 20281215 CS;SIMPLE_INSTRUMENT;BLOCK;EUR;12;141.80000000;100;PRC_DECOMP_EXCHANGE;;;;XEUR;3680985;693;EXCHANGE
14.11.2024;09:37:49.436;FEXD SI 20251219 CS;SIMPLE_INSTRUMENT;BLOCK;EUR;14;159.00000000;1929;EXCHANGE_LAST;;1;1;XEUR;1548120;693;
14.11.2024;11:01:17.928;FEXD SI 20251219 CS;SIMPLE_INSTRUMENT;BLOCK;EUR;26;159.20000000;200;EXCHANGE_LAST;;1;1;XEUR;1548120;693;
14.11.2024;11:01:12.320;FEXD SI 20251219 CS;SIMPLE_INSTRUMENT;BLOCK;EUR;27;159.30000000;200;EXCHANGE_LAST;;1;1;XEUR;1548120;693;
14.11.2024;11:04:48.033;FEXD SI 20261218 CS;SIMPLE_INSTRUMENT;BLOCK;EUR;28;153.80000000;1000;EXCHANGE_LAST;;1;1;XEUR;2163053;693;
14.11.2024;12:08:25.665;FEXD SI 20251219 CS;SIMPLE_INSTRUMENT;BLOCK;EUR;37;158.90000000;913;EXCHANGE_LAST;;1;1;XEUR;1548120;693;
14.11.2024;12:14:00.971;FEXD.S.DEC28.DEC29.SPD;FUTURES_SPREAD;BLOCK;EUR;38;5.00000000;1000;EXCHANGE_LAST;;1;1;XEUR;72060570450264171;693;
14.11.2024;12:14:00.971;FEXD SI 20291221 CS;SIMPLE_INSTRUMENT;BLOCK;EUR;38;137.40000000;1000;PRC_DECOMP_MEMBER;;;;XEUR;4631968;693;MEMBER
14.11.2024;12:14:00.971;FEXD SI 20281215 CS;SIMPLE_INSTRUMENT;BLOCK;EUR;38;142.40000000;1000;PRC_DECOMP_MEMBER;;;;XEUR;3680985;693;MEMBER
14.11.2024;12:09:38.360;FEXD SI 20251219 CS;SIMPLE_INSTRUMENT;BLOCK;EUR;39;159.20000000;100;EXCHANGE_LAST;;1;1;XEUR;1548120;693;
14.11.2024;12:21:42.593;FEXD SI 20271217 CS;SIMPLE_INSTRUMENT;BLOCK;EUR;42;147.60000000;300;EXCHANGE_LAST;;1;1;XEUR;2848338;693;
14.11.2024;12:27:39.013;FEXD.S.DEC28.DEC29.SPD;FUTURES_SPREAD;BLOCK;EUR;44;5.00000000;250;EXCHANGE_LAST;;1;1;XEUR;72060570450264171;693;
14.11.2024;12:27:39.013;FEXD SI 20291221 CS;SIMPLE_INSTRUMENT;BLOCK;EUR;44;137.30000000;250;PRC_DECOMP_MEMBER;;;;XEUR;4631968;693;MEMBER
14.11.2024;12:27:39.013;FEXD SI 20281215 CS;SIMPLE_INSTRUMENT;BLOCK;EUR;44;142.30000000;250;PRC_DECOMP_MEMBER;;;;XEUR;3680985;693;MEMBER
14.11.2024;13:26:01.815;FEXD.S.DEC28.DEC29.SPD;FUTURES_SPREAD;BLOCK;EUR;54;5.00000000;750;EXCHANGE_LAST;;1;1;XEUR;72060570450264171;693;
14.11.2024;13:26:01.815;FEXD SI 20281215 CS;SIMPLE_INSTRUMENT;BLOCK;EUR;54;142.30000000;750;PRC_DECOMP_MEMBER;;;;XEUR;3680985;693;MEMBER
14.11.2024;13:26:01.815;FEXD SI 20291221 CS;SIMPLE_INSTRUMENT;BLOCK;EUR;54;137.30000000;750;PRC_DECOMP_MEMBER;;;;XEUR;4631968;693;MEMBER
14.11.2024;13:26:08.351;FEXD.S.DEC28.DEC29.SPD;FUTURES_SPREAD;BLOCK;EUR;55;5.00000000;250;EXCHANGE_LAST;;1;1;XEUR;72060570450264171;693;
14.11.2024;13:26:08.351;FEXD SI 20291221 CS;SIMPLE_INSTRUMENT;BLOCK;EUR;55;137.30000000;250;PRC_DECOMP_MEMBER;;;;XEUR;4631968;693;MEMBER
14.11.2024;13:26:08.351;FEXD SI 20281215 CS;SIMPLE_INSTRUMENT;BLOCK;EUR;55;142.30000000;250;PRC_DECOMP_MEMBER;;;;XEUR;3680985;693;MEMBER
14.11.2024;14:43:33.972;FEXD SI 20261218 CS;SIMPLE_INSTRUMENT;BLOCK;EUR;60;153.70000000;250;EXCHANGE_LAST;;1;1;XEUR;2163053;693;
14.11.2024;14:43:34.136;FEXD SI 20261218 CS;SIMPLE_INSTRUMENT;BLOCK;EUR;61;153.80000000;250;EXCHANGE_LAST;;1;1;XEUR;2163053;693;
14.11.2024;15:14:19.430;FEXD SI 20291221 CS;SIMPLE_INSTRUMENT;BLOCK;EUR;64;137.50000000;250;EXCHANGE_LAST;;1;1;XEUR;4631968;693;
14.11.2024;15:46:05.664;FEXD SI 20251219 CS;SIMPLE_INSTRUMENT;BLOCK;EUR;69;159.00000000;500;EXCHANGE_LAST;;1;1;XEUR;1548120;693;
14.11.2024;16:17:42.718;FEXD SI 20271217 CS;SIMPLE_INSTRUMENT;BLOCK;EUR;78;147.80000000;110;EXCHANGE_LAST;;1;1;XEUR;2848338;693;
14.11.2024;16:53:23.845;FEXD.S.DEC25.DEC26.SPD;FUTURES_SPREAD;BLOCK;EUR;89;5.20000000;350;EXCHANGE_LAST;;1;1;XEUR;72060570450264144;693;
14.11.2024;16:53:23.845;FEXD SI 20251219 CS;SIMPLE_INSTRUMENT;BLOCK;EUR;89;159.00000000;350;PRC_DECOMP_EXCHANGE;;;;XEUR;1548120;693;EXCHANGE
14.11.2024;16:53:23.845;FEXD SI 20261218 CS;SIMPLE_INSTRUMENT;BLOCK;EUR;89;153.80000000;350;PRC_DECOMP_EXCHANGE;;;;XEUR;2163053;693;EXCHANGE
14.11.2024;16:55:30.368;FEXD SI 20261218 CS;SIMPLE_INSTRUMENT;BLOCK;EUR;94;153.70000000;112;EXCHANGE_LAST;;1;1;XEUR;2163053;693;
14.11.2024;08:24:43.543;FGBL SI 20241206 PS;SIMPLE_INSTRUMENT;EFP_FIN;EUR;1;131.59000000;194;EXCHANGE_LAST;;1;1;XEUR;10804524;688;
14.11.2024;08:35:45.441;FGBL SI 20241206 PS;SIMPLE_INSTRUMENT;EFS;EUR;2;131.57000000;218;EXCHANGE_LAST;;1;1;XEUR;10804524;688;
14.11.2024;08:35:38.670;FGBL SI 20241206 PS;SIMPLE_INSTRUMENT;EFS;EUR;3;131.57000000;218;EXCHANGE_LAST;;1;1;XEUR;10804524;688;
14.11.2024;08:35:30.211;FGBL SI 20241206 PS;SIMPLE_INSTRUMENT;EFS;EUR;4;131.57000000;436;EXCHANGE_LAST;;1;1;XEUR;10804524;688;
14.11.2024;08:29:12.375;FGBL SI 20241206 PS;SIMPLE_INSTRUMENT;EFS;EUR;5;131.62000000;490;EXCHANGE_LAST;;1;1;XEUR;10804524;688;
14.11.2024;08:30:24.636;FGBL SI 20241206 PS;SIMPLE_INSTRUMENT;EFS;EUR;6;131.62000000;436;EXCHANGE_LAST;;1;1;XEUR;10804524;688;
14.11.2024;08:31:00.934;FGBL SI 20241206 PS;SIMPLE_INSTRUMENT;EFS;EUR;7;131.62000000;436;EXCHANGE_LAST;;1;1;XEUR;10804524;688;
14.11.2024;08:33:06.167;FGBL SI 20241206 PS;SIMPLE_INSTRUMENT;EFP_FIN;EUR;8;131.60000000;723;EXCHANGE_LAST;;1;1;XEUR;10804524;688;
14.11.2024;08:43:15.664;FGBL SI 20241206 PS;SIMPLE_INSTRUMENT;EFS;EUR;9;131.63000000;492;EXCHANGE_LAST;;1;1;XEUR;10804524;688;
14.11.2024;08:44:47.098;FGBL SI 20241206 PS;SIMPLE_INSTRUMENT;EFS;EUR;10;131.64000000;210;EXCHANGE_LAST;;1;1;XEUR;10804524;688;
14.11.2024;08:45:27.134;FGBL SI 20241206 PS;SIMPLE_INSTRUMENT;EFS;EUR;11;131.64000000;218;EXCHANGE_LAST;;1;1;XEUR;10804524;688;
14.11.2024;08:45:37.144;FGBL SI 20241206 PS;SIMPLE_INSTRUMENT;EFS;EUR;12;131.64000000;218;EXCHANGE_LAST;;1;1;XEUR;10804524;688;
14.11.2024;08:52:10.625;FGBL SI 20241206 PS;SIMPLE_INSTRUMENT;EFP_FIN;EUR;13;131.61000000;499;EXCHANGE_LAST;;1;1;XEUR;10804524;688;
14.11.2024;08:55:41.318;FGBL SI 20241206 PS;SIMPLE_INSTRUMENT;EFP_FIN;EUR;14;131.68000000;969;EXCHANGE_LAST;;1;1;XEUR;10804524;688;
14.11.2024;08:58:04.298;FGBL SI 20241206 PS;SIMPLE_INSTRUMENT;EFS;EUR;15;131.70000000;436;EXCHANGE_LAST;;1;1;XEUR;10804524;688;
14.11.2024;08:58:44.935;FGBL SI 20241206 PS;SIMPLE_INSTRUMENT;EFS;EUR;16;131.70000000;218;EXCHANGE_LAST;;1;1;XEUR;10804524;688;
14.11.2024;08:59:15.541;FGBL SI 20241206 PS;SIMPLE_INSTRUMENT;EFS;EUR;17;131.70000000;218;EXCHANGE_LAST;;1;1;XEUR;10804524;688;
14.11.2024;09:02:11.917;FGBL SI 20241206 PS;SIMPLE_INSTRUMENT;EFS;EUR;18;131.71000000;492;EXCHANGE_LAST;;1;1;XEUR;10804524;688;
14.11.2024;09:02:26.596;FGBL SI 20241206 PS;SIMPLE_INSTRUMENT;EFS;EUR;19;131.60000000;493;EXCHANGE_LAST;;1;1;XEUR;10804524;688;
14.11.2024;09:03:12.508;FGBL SI 20241206 PS;SIMPLE_INSTRUMENT;EFP_FIN;EUR;20;131.71000000;618;EXCHANGE_LAST;;1;1;XEUR;10804524;688;
14.11.2024;09:12:43.932;FGBL SI 20241206 PS;SIMPLE_INSTRUMENT;EFS;EUR;21;131.72000000;1476;EXCHANGE_LAST;;1;1;XEUR;10804524;688;
14.11.2024;09:24:00.640;FGBL SI 20241206 PS;SIMPLE_INSTRUMENT;EFS;EUR;22;131.76000000;436;EXCHANGE_LAST;;1;1;XEUR;10804524;688;
14.11.2024;09:24:45.677;FGBL SI 20241206 PS;SIMPLE_INSTRUMENT;EFS;EUR;23;131.76000000;218;EXCHANGE_LAST;;1;1;XEUR;10804524;688;
14.11.2024;09:25:05.692;FGBL SI 20241206 PS;SIMPLE_INSTRUMENT;EFS;EUR;24;131.77000000;436;EXCHANGE_LAST;;1;1;XEUR;10804524;688;
14.11.2024;09:25:15.700;FGBL SI 20241206 PS;SIMPLE_INSTRUMENT;EFS;EUR;25;131.77000000;436;EXCHANGE_LAST;;1;1;XEUR;10804524;688;
14.11.2024;09:36:32.159;FGBL SI 20241206 PS;SIMPLE_INSTRUMENT;EFS;EUR;26;131.68000000;218;EXCHANGE_LAST;;1;1;XEUR;10804524;688;
14.11.2024;09:38:59.533;FGBL SI 20241206 PS;SIMPLE_INSTRUMENT;EFP_FIN;EUR;27;131.74000000;778;EXCHANGE_LAST;;1;1;XEUR;10804524;688;
14.11.2024;09:40:50.883;FGBL SI 20241206 PS;SIMPLE_INSTRUMENT;EFS;EUR;28;131.76000000;1000;EXCHANGE_LAST;;1;1;XEUR;10804524;688;
14.11.2024;09:48:41.148;FGBL SI 20241206 PS;SIMPLE_INSTRUMENT;EFS;EUR;29;131.70000000;436;EXCHANGE_LAST;;1;1;XEUR;10804524;688;
14.11.2024;09:50:13.684;FGBL SI 20241206 PS;SIMPLE_INSTRUMENT;EFS;EUR;30;131.69000000;436;EXCHANGE_LAST;;1;1;XEUR;10804524;688;
14.11.2024;10:00:24.118;FGBL SI 20241206 PS;SIMPLE_INSTRUMENT;EFS;EUR;32;131.69000000;436;EXCHANGE_LAST;;1;1;XEUR;10804524;688;
14.11.2024;10:00:39.132;FGBL SI 20241206 PS;SIMPLE_INSTRUMENT;EFS;EUR;33;131.70000000;305;EXCHANGE_LAST;;1;1;XEUR;10804524;688;
14.11.2024;10:01:43.889;FGBL SI 20241206 PS;SIMPLE_INSTRUMENT;EFS;EUR;34;131.69000000;218;EXCHANGE_LAST;;1;1;XEUR;10804524;688;
14.11.2024;10:04:35.362;FGBL SI 20241206 PS;SIMPLE_INSTRUMENT;EFP_FIN;EUR;35;131.68000000;1476;EXCHANGE_LAST;;1;1;XEUR;10804524;688;
14.11.2024;10:10:41.850;FGBL SI 20241206 PS;SIMPLE_INSTRUMENT;EFS;EUR;36;131.74000000;246;EXCHANGE_LAST;;1;1;XEUR;10804524;688;
14.11.2024;10:11:53.937;FGBL SI 20241206 PS;SIMPLE_INSTRUMENT;EFS;EUR;37;131.68000000;468;EXCHANGE_LAST;;1;1;XEUR;10804524;688;
14.11.2024;10:13:45.009;FGBL SI 20241206 PS;SIMPLE_INSTRUMENT;EFS;EUR;38;131.78000000;435;EXCHANGE_LAST;;1;1;XEUR;10804524;688;
14.11.2024;10:17:05.404;FGBL SI 20241206 PS;SIMPLE_INSTRUMENT;EFP_FIN;EUR;39;131.69000000;146;EXCHANGE_LAST;;1;1;XEUR;10804524;688;
14.11.2024;10:18:10.071;FGBL SI 20241206 PS;SIMPLE_INSTRUMENT;EFS;EUR;40;131.75000000;436;EXCHANGE_LAST;;1;1;XEUR;10804524;688;
14.11.2024;10:18:57.067;FGBL SI 20241206 PS;SIMPLE_INSTRUMENT;EFS;EUR;41;131.79000000;435;EXCHANGE_LAST;;1;1;XEUR;10804524;688;
14.11.2024;10:19:23.664;FGBL SI 20241206 PS;SIMPLE_INSTRUMENT;EFS;EUR;42;131.79000000;435;EXCHANGE_LAST;;1;1;XEUR;10804524;688;
14.11.2024;10:21:20.142;FGBL SI 20241206 PS;SIMPLE_INSTRUMENT;EFP_FIN;EUR;43;131.76000000;205;EXCHANGE_LAST;;1;1;XEUR;10804524;688;
14.11.2024;10:23:36.300;FGBL SI 20241206 PS;SIMPLE_INSTRUMENT;EFP_FIN;EUR;44;131.76000000;205;EXCHANGE_LAST;;1;1;XEUR;10804524;688;
14.11.2024;10:24:58.445;FGBL SI 20241206 PS;SIMPLE_INSTRUMENT;EFS;EUR;45;131.75000000;423;EXCHANGE_LAST;;1;1;XEUR;10804524;688;
14.11.2024;10:26:10.664;FGBL SI 20241206 PS;SIMPLE_INSTRUMENT;EFS;EUR;46;131.70000000;275;EXCHANGE_LAST;;1;1;XEUR;10804524;688;
14.11.2024;10:32:05.109;FGBL SI 20241206 PS;SIMPLE_INSTRUMENT;EFS;EUR;47;131.75000000;674;EXCHANGE_LAST;;1;1;XEUR;10804524;688;
14.11.2024;10:34:21.426;FGBL SI 20241206 PS;SIMPLE_INSTRUMENT;EFS;EUR;48;131.76000000;246;EXCHANGE_LAST;;1;1;XEUR;10804524;688;
14.11.2024;10:37:37.221;FGBL SI 20241206 PS;SIMPLE_INSTRUMENT;EFP_FIN;EUR;49;131.72000000;283;EXCHANGE_LAST;;1;1;XEUR;10804524;688;
14.11.2024;10:40:50.439;FGBL SI 20241206 PS;SIMPLE_INSTRUMENT;EFP_FIN;EUR;50;131.76000000;1440;EXCHANGE_LAST;;1;1;XEUR;10804524;688;
14.11.2024;10:41:59.577;FGBL SI 20241206 PS;SIMPLE_INSTRUMENT;EFS;EUR;51;131.69000000;984;EXCHANGE_LAST;;1;1;XEUR;10804524;688;
14.11.2024;10:42:49.421;FGBL SI 20241206 PS;SIMPLE_INSTRUMENT;EFS;EUR;52;131.77000000;509;EXCHANGE_LAST;;1;1;XEUR;10804524;688;
14.11.2024;10:45:23.357;FGBL SI 20241206 PS;SIMPLE_INSTRUMENT;EFS;EUR;53;131.77000000;436;EXCHANGE_LAST;;1;1;XEUR;10804524;688;
14.11.2024;10:51:33.021;FGBL SI 20241206 PS;SIMPLE_INSTRUMENT;EFS;EUR;54;131.77000000;435;EXCHANGE_LAST;;1;1;XEUR;10804524;688;
14.11.2024;10:46:50.824;FGBL SI 20241206 PS;SIMPLE_INSTRUMENT;EFS;EUR;55;131.76000000;492;EXCHANGE_LAST;;1;1;XEUR;10804524;688;
14.11.2024;10:47:28.475;FGBL SI 20241206 PS;SIMPLE_INSTRUMENT;EFS;EUR;56;131.74000000;234;EXCHANGE_LAST;;1;1;XEUR;10804524;688;
14.11.2024;10:49:23.604;FGBL SI 20241206 PS;SIMPLE_INSTRUMENT;EFS;EUR;57;131.82000000;436;EXCHANGE_LAST;;1;1;XEUR;10804524;688;
14.11.2024;10:49:33.530;FGBL SI 20241206 PS;SIMPLE_INSTRUMENT;EFP_FIN;EUR;58;131.74000000;1260;EXCHANGE_LAST;;1;1;XEUR;10804524;688;
14.11.2024;10:52:54.838;FGBL SI 20241206 PS;SIMPLE_INSTRUMENT;EFS;EUR;59;131.82000000;436;EXCHANGE_LAST;;1;1;XEUR;10804524;688;
14.11.2024;10:53:44.899;FGBL SI 20241206 PS;SIMPLE_INSTRUMENT;EFS;EUR;60;131.82000000;436;EXCHANGE_LAST;;1;1;XEUR;10804524;688;
14.11.2024;10:54:35.559;FGBL SI 20241206 PS;SIMPLE_INSTRUMENT;EFS;EUR;61;131.83000000;700;EXCHANGE_LAST;;1;1;XEUR;10804524;688;
14.11.2024;10:58:04.045;FGBL SI 20241206 PS;SIMPLE_INSTRUMENT;EFS;EUR;62;131.82000000;468;EXCHANGE_LAST;;1;1;XEUR;10804524;688;
14.11.2024;10:58:53.777;FGBL SI 20241206 PS;SIMPLE_INSTRUMENT;EFP_FIN;EUR;63;131.82000000;92;EXCHANGE_LAST;;1;1;XEUR;10804524;688;
14.11.2024;11:02:27.769;FGBL SI 20241206 PS;SIMPLE_INSTRUMENT;EFP_FIN;EUR;64;131.82000000;195;EXCHANGE_LAST;;1;1;XEUR;10804524;688;
14.11.2024;11:09:37.578;FGBL SI 20241206 PS;SIMPLE_INSTRUMENT;EFP_FIN;EUR;66;131.92000000;92;EXCHANGE_LAST;;1;1;XEUR;10804524;688;
14.11.2024;11:10:58.583;FGBL SI 20241206 PS;SIMPLE_INSTRUMENT;EFP_FIN;EUR;67;131.83000000;489;EXCHANGE_LAST;;1;1;XEUR;10804524;688;
14.11.2024;11:11:16.012;FGBL SI 20241206 PS;SIMPLE_INSTRUMENT;EFS;EUR;68;131.99000000;796;EXCHANGE_LAST;;1;1;XEUR;10804524;688;
14.11.2024;11:18:16.985;FGBL SI 20241206 PS;SIMPLE_INSTRUMENT;EFS;EUR;69;132.09000000;435;EXCHANGE_LAST;;1;1;XEUR;10804524;688;
14.11.2024;11:19:29.424;FGBL SI 20241206 PS;SIMPLE_INSTRUMENT;EFS;EUR;70;132.10000000;468;EXCHANGE_LAST;;1;1;XEUR;10804524;688;
14.11.2024;11:25:14.895;FGBL SI 20241206 PS;SIMPLE_INSTRUMENT;EFS;EUR;71;132.05000000;435;EXCHANGE_LAST;;1;1;XEUR;10804524;688;
14.11.2024;11:28:05.746;FGBL SI 20241206 PS;SIMPLE_INSTRUMENT;EFS;EUR;72;132.04000000;218;EXCHANGE_LAST;;1;1;XEUR;10804524;688;
14.11.2024;11:28:57.039;FGBL SI 20241206 PS;SIMPLE_INSTRUMENT;EFS;EUR;73;132.02000000;218;EXCHANGE_LAST;;1;1;XEUR;10804524;688;
14.11.2024;11:29:47.480;FGBL SI 20241206 PS;SIMPLE_INSTRUMENT;EFS;EUR;74;132.04000000;218;EXCHANGE_LAST;;1;1;XEUR;10804524;688;
14.11.2024;11:30:12.496;FGBL SI 20241206 PS;SIMPLE_INSTRUMENT;EFS;EUR;75;132.04000000;218;EXCHANGE_LAST;;1;1;XEUR;10804524;688;
14.11.2024;11:30:12.686;FGBL SI 20241206 PS;SIMPLE_INSTRUMENT;EFS;EUR;76;132.05000000;435;EXCHANGE_LAST;;1;1;XEUR;10804524;688;
14.11.2024;11:30:22.504;FGBL SI 20241206 PS;SIMPLE_INSTRUMENT;EFS;EUR;77;132.04000000;218;EXCHANGE_LAST;;1;1;XEUR;10804524;688;
14.11.2024;11:34:46.848;FGBL SI 20241206 PS;SIMPLE_INSTRUMENT;EFS;EUR;78;132.03000000;736;EXCHANGE_LAST;;1;1;XEUR;10804524;688;
14.11.2024;11:37:00.242;FGBL SI 20241206 PS;SIMPLE_INSTRUMENT;EFS;EUR;79;132.02000000;462;EXCHANGE_LAST;;1;1;XEUR;10804524;688;
14.11.2024;11:38:41.459;FGBL SI 20241206 PS;SIMPLE_INSTRUMENT;EFS;EUR;80;131.97000000;491;EXCHANGE_LAST;;1;1;XEUR;10804524;688;
14.11.2024;11:39:20.173;FGBL SI 20241206 PS;SIMPLE_INSTRUMENT;EFS;EUR;81;131.99000000;100;EXCHANGE_LAST;;1;1;XEUR;10804524;688;
14.11.2024;11:40:07.102;FGBL SI 20241206 PS;SIMPLE_INSTRUMENT;EFS;EUR;82;131.99000000;50;EXCHANGE_LAST;;1;1;XEUR;10804524;688;
14.11.2024;11:41:25.816;FGBL SI 20241206 PS;SIMPLE_INSTRUMENT;EFS;EUR;83;132.01000000;653;EXCHANGE_LAST;;1;1;XEUR;10804524;688;
14.11.2024;11:45:53.912;FGBL SI 20241206 PS;SIMPLE_INSTRUMENT;EFS;EUR;84;132.00000000;218;EXCHANGE_LAST;;1;1;XEUR;10804524;688;
14.11.2024;11:46:44.819;FGBL SI 20241206 PS;SIMPLE_INSTRUMENT;EFS;EUR;85;132.00000000;218;EXCHANGE_LAST;;1;1;XEUR;10804524;688;
14.11.2024;11:50:01.701;FGBL SI 20241206 PS;SIMPLE_INSTRUMENT;EFS;EUR;86;131.97000000;234;EXCHANGE_LAST;;1;1;XEUR;10804524;688;
14.11.2024;11:50:47.704;FGBL SI 20241206 PS;SIMPLE_INSTRUMENT;EFS;EUR;87;131.99000000;2082;EXCHANGE_LAST;;1;1;XEUR;10804524;688;
14.11.2024;11:51:29.347;FGBL SI 20241206 PS;SIMPLE_INSTRUMENT;EFS;EUR;88;131.99000000;466;EXCHANGE_LAST;;1;1;XEUR;10804524;688;
14.11.2024;11:53:26.669;FGBL SI 20241206 PS;SIMPLE_INSTRUMENT;EFS;EUR;89;131.99000000;779;EXCHANGE_LAST;;1;1;XEUR;10804524;688;
14.11.2024;11:54:22.225;FGBL SI 20241206 PS;SIMPLE_INSTRUMENT;EFS;EUR;90;131.99000000;98;EXCHANGE_LAST;;1;1;XEUR;10804524;688;
14.11.2024;11:56:08.542;FGBL SI 20241206 PS;SIMPLE_INSTRUMENT;EFS;EUR;91;132.02000000;250;EXCHANGE_LAST;;1;1;XEUR;10804524;688;
14.11.2024;11:57:32.763;FGBL SI 20241206 PS;SIMPLE_INSTRUMENT;EFS;EUR;92;131.99000000;463;EXCHANGE_LAST;;1;1;XEUR;10804524;688;
14.11.2024;11:58:08.545;FGBL SI 20241206 PS;SIMPLE_INSTRUMENT;EFS;EUR;93;132.06000000;271;EXCHANGE_LAST;;1;1;XEUR;10804524;688;
14.11.2024;12:04:10.841;FGBL SI 20241206 PS;SIMPLE_INSTRUMENT;EFP_FIN;EUR;95;131.97000000;778;EXCHANGE_LAST;;1;1;XEUR;10804524;688;
14.11.2024;12:05:52.963;FGBL SI 20241206 PS;SIMPLE_INSTRUMENT;EFS;EUR;96;131.99000000;467;EXCHANGE_LAST;;1;1;XEUR;10804524;688;
14.11.2024;12:18:17.616;FGBL SI 20241206 PS;SIMPLE_INSTRUMENT;EFP_FIN;EUR;97;131.76000000;851;EXCHANGE_LAST;;1;1;XEUR;10804524;688;
14.11.2024;12:21:47.875;FGBL SI 20241206 PS;SIMPLE_INSTRUMENT;EFS;EUR;98;131.97000000;245;EXCHANGE_LAST;;1;1;XEUR;10804524;688;
14.11.2024;12:22:18.983;FGBL SI 20241206 PS;SIMPLE_INSTRUMENT;EFP_FIN;EUR;99;131.76000000;426;EXCHANGE_LAST;;1;1;XEUR;10804524;688;
14.11.2024;12:29:38.797;FGBL SI 20241206 PS;SIMPLE_INSTRUMENT;EFP_FIN;EUR;100;132.01000000;495;EXCHANGE_LAST;;1;1;XEUR;10804524;688;
14.11.2024;12:31:11.878;FGBL SI 20241206 PS;SIMPLE_INSTRUMENT;EFP_FIN;EUR;101;132.01000000;297;EXCHANGE_LAST;;1;1;XEUR;10804524;688;
14.11.2024;12:34:20.050;FGBL SI 20241206 PS;SIMPLE_INSTRUMENT;EFS;EUR;102;131.95000000;218;EXCHANGE_LAST;;1;1;XEUR;10804524;688;
14.11.2024;12:35:29.774;FGBL SI 20241206 PS;SIMPLE_INSTRUMENT;EFS;EUR;103;131.93000000;150;EXCHANGE_LAST;;1;1;XEUR;10804524;688;
14.11.2024;12:35:53.666;FGBL SI 20241206 PS;SIMPLE_INSTRUMENT;EFP_FIN;EUR;104;131.98000000;436;EXCHANGE_LAST;;1;1;XEUR;10804524;688;
14.11.2024;12:36:22.844;FGBL SI 20241206 PS;SIMPLE_INSTRUMENT;EFS;EUR;105;131.93000000;218;EXCHANGE_LAST;;1;1;XEUR;10804524;688;
14.11.2024;12:37:22.634;FGBL SI 20241206 PS;SIMPLE_INSTRUMENT;EFS;EUR;106;131.94000000;246;EXCHANGE_LAST;;1;1;XEUR;10804524;688;
14.11.2024;12:39:20.818;FGBL SI 20241206 PS;SIMPLE_INSTRUMENT;EFS;EUR;107;131.96000000;461;EXCHANGE_LAST;;1;1;XEUR;10804524;688;
14.11.2024;12:47:36.887;FGBL SI 20241206 PS;SIMPLE_INSTRUMENT;EFS;EUR;108;131.94000000;933;EXCHANGE_LAST;;1;1;XEUR;10804524;688;
14.11.2024;12:47:42.045;FGBL SI 20241206 PS;SIMPLE_INSTRUMENT;EFS;EUR;109;131.94000000;589;EXCHANGE_LAST;;1;1;XEUR;10804524;688;
14.11.2024;12:48:52.118;FGBL SI 20241206 PS;SIMPLE_INSTRUMENT;EFS;EUR;110;131.94000000;466;EXCHANGE_LAST;;1;1;XEUR;10804524;688;
14.11.2024;12:52:40.751;FGBL SI 20241206 PS;SIMPLE_INSTRUMENT;EFS;EUR;111;131.85000000;436;EXCHANGE_LAST;;1;1;XEUR;10804524;688;
14.11.2024;12:54:20.898;FGBL SI 20241206 PS;SIMPLE_INSTRUMENT;EFP_FIN;EUR;112;131.95000000;98;EXCHANGE_LAST;;1;1;XEUR;10804524;688;
14.11.2024;12:55:57.903;FGBL SI 20241206 PS;SIMPLE_INSTRUMENT;EFP_FIN;EUR;113;131.90000000;436;EXCHANGE_LAST;;1;1;XEUR;10804524;688;
14.11.2024;12:58:19.232;FGBL SI 20241206 PS;SIMPLE_INSTRUMENT;EFS;EUR;114;131.86000000;491;EXCHANGE_LAST;;1;1;XEUR;10804524;688;
14.11.2024;13:05:56.289;FGBL SI 20241206 PS;SIMPLE_INSTRUMENT;EFS;EUR;115;131.92000000;436;EXCHANGE_LAST;;1;1;XEUR;10804524;688;
14.11.2024;13:06:46.330;FGBL SI 20241206 PS;SIMPLE_INSTRUMENT;EFS;EUR;116;131.91000000;436;EXCHANGE_LAST;;1;1;XEUR;10804524;688;
14.11.2024;13:07:57.407;FGBL SI 20241206 PS;SIMPLE_INSTRUMENT;EFS;EUR;117;131.91000000;218;EXCHANGE_LAST;;1;1;XEUR;10804524;688;
14.11.2024;13:10:22.522;FGBL SI 20241206 PS;SIMPLE_INSTRUMENT;EFS;EUR;118;131.88000000;218;EXCHANGE_LAST;;1;1;XEUR;10804524;688;
14.11.2024;13:10:37.536;FGBL SI 20241206 PS;SIMPLE_INSTRUMENT;EFS;EUR;119;131.93000000;218;EXCHANGE_LAST;;1;1;XEUR;10804524;688;
14.11.2024;13:17:42.871;FGBL SI 20241206 PS;SIMPLE_INSTRUMENT;EFS;EUR;120;131.91000000;436;EXCHANGE_LAST;;1;1;XEUR;10804524;688;
14.11.2024;13:18:25.744;FGBL SI 20241206 PS;SIMPLE_INSTRUMENT;EFS;EUR;121;131.93000000;1000;EXCHANGE_LAST;;1;1;XEUR;10804524;688;
14.11.2024;13:26:33.877;FGBL SI 20241206 PS;SIMPLE_INSTRUMENT;EFP_FIN;EUR;122;131.90000000;451;EXCHANGE_LAST;;1;1;XEUR;10804524;688;
14.11.2024;13:45:21.422;FGBL SI 20241206 PS;SIMPLE_INSTRUMENT;EFP_FIN;EUR;123;131.68000000;232;EXCHANGE_LAST;;1;1;XEUR;10804524;688;
14.11.2024;13:46:13.665;FGBL SI 20241206 PS;SIMPLE_INSTRUMENT;EFS;EUR;124;131.86000000;436;EXCHANGE_LAST;;1;1;XEUR;10804524;688;
14.11.2024;13:49:57.986;FGBL SI 20241206 PS;SIMPLE_INSTRUMENT;EFP_FIN;EUR;125;131.98000000;1162;EXCHANGE_LAST;;1;1;XEUR;10804524;688;
14.11.2024;13:50:31.138;FGBL SI 20241206 PS;SIMPLE_INSTRUMENT;EFS;EUR;126;131.86000000;872;EXCHANGE_LAST;;1;1;XEUR;10804524;688;
14.11.2024;13:50:36.144;FGBL SI 20241206 PS;SIMPLE_INSTRUMENT;EFS;EUR;127;131.86000000;218;EXCHANGE_LAST;;1;1;XEUR;10804524;688;
14.11.2024;13:50:56.161;FGBL SI 20241206 PS;SIMPLE_INSTRUMENT;EFS;EUR;128;131.86000000;436;EXCHANGE_LAST;;1;1;XEUR;10804524;688;
14.11.2024;13:51:01.166;FGBL SI 20241206 PS;SIMPLE_INSTRUMENT;EFS;EUR;129;131.86000000;218;EXCHANGE_LAST;;1;1;XEUR;10804524;688;
14.11.2024;13:53:01.493;FGBL SI 20241206 PS;SIMPLE_INSTRUMENT;EFS;EUR;130;131.86000000;193;EXCHANGE_LAST;;1;1;XEUR;10804524;688;
14.11.2024;13:56:34.775;FGBL SI 20241206 PS;SIMPLE_INSTRUMENT;EFS;EUR;131;131.76000000;332;EXCHANGE_LAST;;1;1;XEUR;10804524;688;
14.11.2024;13:58:03.728;FGBL SI 20241206 PS;SIMPLE_INSTRUMENT;EFS;EUR;132;131.92000000;492;EXCHANGE_LAST;;1;1;XEUR;10804524;688;
14.11.2024;14:04:41.617;FGBL SI 20241206 PS;SIMPLE_INSTRUMENT;EFS;EUR;133;131.95000000;166;EXCHANGE_LAST;;1;1;XEUR;10804524;688;
14.11.2024;14:13:31.944;FGBL SI 20241206 PS;SIMPLE_INSTRUMENT;EFS;EUR;134;132.00000000;475;EXCHANGE_LAST;;1;1;XEUR;10804524;688;
14.11.2024;14:14:40.653;FGBL SI 20241206 PS;SIMPLE_INSTRUMENT;EFS;EUR;135;132.10000000;107;EXCHANGE_LAST;;1;1;XEUR;10804524;688;
14.11.2024;14:20:13.749;FGBL SI 20241206 PS;SIMPLE_INSTRUMENT;EFS;EUR;136;132.16000000;436;EXCHANGE_LAST;;1;1;XEUR;10804524;688;
14.11.2024;14:23:18.910;FGBL SI 20241206 PS;SIMPLE_INSTRUMENT;EFS;EUR;137;132.14000000;436;EXCHANGE_LAST;;1;1;XEUR;10804524;688;
14.11.2024;14:23:38.933;FGBL SI 20241206 PS;SIMPLE_INSTRUMENT;EFS;EUR;138;132.17000000;436;EXCHANGE_LAST;;1;1;XEUR;10804524;688;
14.11.2024;14:24:35.587;FGBL SI 20241206 PS;SIMPLE_INSTRUMENT;EFP_FIN;EUR;139;132.10000000;871;EXCHANGE_LAST;;1;1;XEUR;10804524;688;
14.11.2024;14:24:54.028;FGBL SI 20241206 PS;SIMPLE_INSTRUMENT;EFS;EUR;140;132.11000000;436;EXCHANGE_LAST;;1;1;XEUR;10804524;688;
14.11.2024;14:25:44.091;FGBL SI 20241206 PS;SIMPLE_INSTRUMENT;EFS;EUR;141;132.16000000;436;EXCHANGE_LAST;;1;1;XEUR;10804524;688;
14.11.2024;14:33:17.888;FGBL SI 20241206 PS;SIMPLE_INSTRUMENT;EFS;EUR;142;132.10000000;252;EXCHANGE_LAST;;1;1;XEUR;10804524;688;
14.11.2024;14:38:07.731;FGBL SI 20241206 PS;SIMPLE_INSTRUMENT;EFS;EUR;143;132.13000000;245;EXCHANGE_LAST;;1;1;XEUR;10804524;688;
14.11.2024;14:41:38.730;FGBL SI 20241206 PS;SIMPLE_INSTRUMENT;EFS;EUR;144;132.18000000;19;EXCHANGE_LAST;;1;1;XEUR;10804524;688;
14.11.2024;14:42:36.049;FGBL SI 20241206 PS;SIMPLE_INSTRUMENT;EFS;EUR;145;132.14000000;436;EXCHANGE_LAST;;1;1;XEUR;10804524;688;
14.11.2024;14:45:30.743;FGBL SI 20241206 PS;SIMPLE_INSTRUMENT;EFP_FIN;EUR;146;132.14000000;195;EXCHANGE_LAST;;1;1;XEUR;10804524;688;
14.11.2024;14:47:26.341;FGBL SI 20241206 PS;SIMPLE_INSTRUMENT;EFS;EUR;147;132.11000000;218;EXCHANGE_LAST;;1;1;XEUR;10804524;688;
14.11.2024;14:50:22.355;FGBL SI 20241206 PS;SIMPLE_INSTRUMENT;EFS;EUR;148;132.10000000;929;EXCHANGE_LAST;;1;1;XEUR;10804524;688;
14.11.2024;14:59:12.007;FGBL SI 20241206 PS;SIMPLE_INSTRUMENT;EFS;EUR;149;132.10000000;325;EXCHANGE_LAST;;1;1;XEUR;10804524;688;
14.11.2024;14:59:58.387;FGBL SI 20241206 PS;SIMPLE_INSTRUMENT;EFP_FIN;EUR;150;132.10000000;168;EXCHANGE_LAST;;1;1;XEUR;10804524;688;
14.11.2024;15:01:53.028;FGBL SI 20241206 PS;SIMPLE_INSTRUMENT;EFS;EUR;151;132.12000000;871;EXCHANGE_LAST;;1;1;XEUR;10804524;688;
14.11.2024;15:06:46.101;FGBL SI 20241206 PS;SIMPLE_INSTRUMENT;EFS;EUR;152;132.15000000;980;EXCHANGE_LAST;;1;1;XEUR;10804524;688;
14.11.2024;15:12:05.829;FGBL SI 20241206 PS;SIMPLE_INSTRUMENT;EFS;EUR;153;132.12000000;232;EXCHANGE_LAST;;1;1;XEUR;10804524;688;
14.11.2024;15:12:27.724;FGBL SI 20241206 PS;SIMPLE_INSTRUMENT;EFS;EUR;154;132.12000000;870;EXCHANGE_LAST;;1;1;XEUR;10804524;688;
14.11.2024;15:13:02.639;FGBL SI 20241206 PS;SIMPLE_INSTRUMENT;EFP_FIN;EUR;155;132.11000000;393;EXCHANGE_LAST;;1;1;XEUR;10804524;688;
14.11.2024;15:13:37.097;FGBL SI 20241206 PS;SIMPLE_INSTRUMENT;EFS;EUR;156;132.12000000;100;EXCHANGE_LAST;;1;1;XEUR;10804524;688;
14.11.2024;15:18:49.947;FGBL SI 20241206 PS;SIMPLE_INSTRUMENT;EFS;EUR;157;132.08000000;697;EXCHANGE_LAST;;1;1;XEUR;10804524;688;
14.11.2024;15:22:15.287;FGBL SI 20241206 PS;SIMPLE_INSTRUMENT;EFS;EUR;158;132.07000000;232;EXCHANGE_LAST;;1;1;XEUR;10804524;688;
14.11.2024;15:24:54.449;FGBL SI 20241206 PS;SIMPLE_INSTRUMENT;EFS;EUR;159;132.10000000;435;EXCHANGE_LAST;;1;1;XEUR;10804524;688;
14.11.2024;15:25:51.730;FGBL SI 20241206 PS;SIMPLE_INSTRUMENT;EFS;EUR;160;132.10000000;217;EXCHANGE_LAST;;1;1;XEUR;10804524;688;
14.11.2024;15:26:46.271;FGBL SI 20241206 PS;SIMPLE_INSTRUMENT;EFP_FIN;EUR;161;132.07000000;887;EXCHANGE_LAST;;1;1;XEUR;10804524;688;
14.11.2024;15:26:55.108;FGBL SI 20241206 PS;SIMPLE_INSTRUMENT;EFS;EUR;162;132.09000000;652;EXCHANGE_LAST;;1;1;XEUR;10804524;688;
14.11.2024;15:29:20.188;FGBL SI 20241206 PS;SIMPLE_INSTRUMENT;EFS;EUR;163;132.08000000;217;EXCHANGE_LAST;;1;1;XEUR;10804524;688;
14.11.2024;15:30:07.222;FGBL SI 20241206 PS;SIMPLE_INSTRUMENT;EFP_FIN;EUR;164;132.13000000;387;EXCHANGE_LAST;;1;1;XEUR;10804524;688;
14.11.2024;15:30:10.036;FGBL SI 20241206 PS;SIMPLE_INSTRUMENT;EFS;EUR;165;132.08000000;217;EXCHANGE_LAST;;1;1;XEUR;10804524;688;
14.11.2024;15:36:02.790;FGBL SI 20241206 PS;SIMPLE_INSTRUMENT;EFP_FIN;EUR;166;132.08000000;842;EXCHANGE_LAST;;1;1;XEUR;10804524;688;
14.11.2024;15:39:57.572;FGBL SI 20241206 PS;SIMPLE_INSTRUMENT;EFS;EUR;167;132.09000000;232;EXCHANGE_LAST;;1;1;XEUR;10804524;688;
14.11.2024;15:47:22.697;FGBL SI 20241206 PS;SIMPLE_INSTRUMENT;EFP_FIN;EUR;168;132.02000000;84;EXCHANGE_LAST;;1;1;XEUR;10804524;688;
14.11.2024;15:48:54.753;FGBL SI 20241206 PS;SIMPLE_INSTRUMENT;EFS;EUR;169;132.02000000;435;EXCHANGE_LAST;;1;1;XEUR;10804524;688;
14.11.2024;15:49:55.119;FGBL SI 20241206 PS;SIMPLE_INSTRUMENT;EFS;EUR;170;132.01000000;465;EXCHANGE_LAST;;1;1;XEUR;10804524;688;
14.11.2024;15:50:38.274;FGBL SI 20241206 PS;SIMPLE_INSTRUMENT;EFS;EUR;171;132.02000000;566;EXCHANGE_LAST;;1;1;XEUR;10804524;688;
14.11.2024;15:51:17.140;FGBL SI 20241206 PS;SIMPLE_INSTRUMENT;EFS;EUR;172;132.08000000;436;EXCHANGE_LAST;;1;1;XEUR;10804524;688;
14.11.2024;15:51:28.948;FGBL SI 20241206 PS;SIMPLE_INSTRUMENT;EFP_FIN;EUR;173;132.08000000;145;EXCHANGE_LAST;;1;1;XEUR;10804524;688;
14.11.2024;15:51:52.506;FGBL SI 20241206 PS;SIMPLE_INSTRUMENT;EFS;EUR;174;132.04000000;305;EXCHANGE_LAST;;1;1;XEUR;10804524;688;
14.11.2024;15:52:20.787;FGBL SI 20241206 PS;SIMPLE_INSTRUMENT;EFS;EUR;175;132.01000000;435;EXCHANGE_LAST;;1;1;XEUR;10804524;688;
14.11.2024;15:52:57.978;FGBL SI 20241206 PS;SIMPLE_INSTRUMENT;EFS;EUR;176;132.00000000;218;EXCHANGE_LAST;;1;1;XEUR;10804524;688;
14.11.2024;15:53:54.687;FGBL SI 20241206 PS;SIMPLE_INSTRUMENT;EFS;EUR;177;132.06000000;435;EXCHANGE_LAST;;1;1;XEUR;10804524;688;
14.11.2024;15:56:33.374;FGBL SI 20241206 PS;SIMPLE_INSTRUMENT;EFP_FIN;EUR;178;132.02000000;399;EXCHANGE_LAST;;1;1;XEUR;10804524;688;
14.11.2024;16:02:42.643;FGBL SI 20241206 PS;SIMPLE_INSTRUMENT;EFS;EUR;179;132.10000000;436;EXCHANGE_LAST;;1;1;XEUR;10804524;688;
14.11.2024;16:04:08.708;FGBL SI 20241206 PS;SIMPLE_INSTRUMENT;EFS;EUR;180;132.14000000;436;EXCHANGE_LAST;;1;1;XEUR;10804524;688;
14.11.2024;16:08:17.609;FGBL SI 20241206 PS;SIMPLE_INSTRUMENT;EFP_FIN;EUR;181;131.57000000;672;EXCHANGE_LAST;;1;1;XEUR;10804524;688;
14.11.2024;16:10:06.426;FGBL SI 20241206 PS;SIMPLE_INSTRUMENT;EFP_FIN;EUR;182;132.12000000;1995;EXCHANGE_LAST;;1;1;XEUR;10804524;688;
14.11.2024;16:15:20.741;FGBL SI 20241206 PS;SIMPLE_INSTRUMENT;EFP_FIN;EUR;183;132.12000000;189;EXCHANGE_LAST;;1;1;XEUR;10804524;688;
14.11.2024;16:14:41.664;FGBL SI 20241206 PS;SIMPLE_INSTRUMENT;EFP_FIN;EUR;184;132.12000000;784;EXCHANGE_LAST;;1;1;XEUR;10804524;688;
14.11.2024;16:20:07.587;FGBL SI 20241206 PS;SIMPLE_INSTRUMENT;EFS;EUR;185;132.19000000;881;EXCHANGE_LAST;;1;1;XEUR;10804524;688;
14.11.2024;16:26:09.371;FGBL SI 20241206 PS;SIMPLE_INSTRUMENT;EFP_FIN;EUR;186;132.07000000;776;EXCHANGE_LAST;;1;1;XEUR;10804524;688;
14.11.2024;16:26:56.764;FGBL SI 20241206 PS;SIMPLE_INSTRUMENT;EFS;EUR;187;132.26000000;435;EXCHANGE_LAST;;1;1;XEUR;10804524;688;
14.11.2024;16:27:23.758;FGBL SI 20241206 PS;SIMPLE_INSTRUMENT;EFS;EUR;188;132.11000000;218;EXCHANGE_LAST;;1;1;XEUR;10804524;688;
14.11.2024;16:27:47.718;FGBL SI 20241206 PS;SIMPLE_INSTRUMENT;EFS;EUR;189;132.24000000;217;EXCHANGE_LAST;;1;1;XEUR;10804524;688;
14.11.2024;16:29:16.493;FGBL SI 20241206 PS;SIMPLE_INSTRUMENT;EFS;EUR;190;132.26000000;435;EXCHANGE_LAST;;1;1;XEUR;10804524;688;
14.11.2024;16:29:31.083;FGBL SI 20241206 PS;SIMPLE_INSTRUMENT;EFS;EUR;191;132.25000000;435;EXCHANGE_LAST;;1;1;XEUR;10804524;688;
14.11.2024;16:31:35.105;FGBL SI 20241206 PS;SIMPLE_INSTRUMENT;EFP_FIN;EUR;192;132.21000000;221;EXCHANGE_LAST;;1;1;XEUR;10804524;688;
14.11.2024;16:33:30.931;FGBL SI 20241206 PS;SIMPLE_INSTRUMENT;EFS;EUR;193;132.23000000;435;EXCHANGE_LAST;;1;1;XEUR;10804524;688;
14.11.2024;16:44:29.415;FGBL SI 20250306 PS;SIMPLE_INSTRUMENT;EFP_FIN;EUR;195;133.66000000;371;EXCHANGE_LAST;;1;1;XEUR;11286679;688;
14.11.2024;16:46:43.887;FGBL SI 20241206 PS;SIMPLE_INSTRUMENT;EFS;EUR;196;132.15000000;926;EXCHANGE_LAST;;1;1;XEUR;10804524;688;
14.11.2024;16:46:56.299;FGBL SI 20241206 PS;SIMPLE_INSTRUMENT;EFS;EUR;197;132.25000000;1000;EXCHANGE_LAST;;1;1;XEUR;10804524;688;
14.11.2024;16:47:12.427;FGBL SI 20241206 PS;SIMPLE_INSTRUMENT;EFS;EUR;198;132.24000000;435;EXCHANGE_LAST;;1;1;XEUR;10804524;688;
14.11.2024;16:51:30.139;FGBL SI 20241206 PS;SIMPLE_INSTRUMENT;EFS;EUR;199;132.24000000;695;EXCHANGE_LAST;;1;1;XEUR;10804524;688;
14.11.2024;16:51:30.274;FGBL SI 20241206 PS;SIMPLE_INSTRUMENT;EFS;EUR;200;132.23000000;929;EXCHANGE_LAST;;1;1;XEUR;10804524;688;
14.11.2024;16:54:07.912;FGBL SI 20241206 PS;SIMPLE_INSTRUMENT;EFS;EUR;201;132.15000000;464;EXCHANGE_LAST;;1;1;XEUR;10804524;688;
14.11.2024;17:00:38.909;FGBL SI 20241206 PS;SIMPLE_INSTRUMENT;EFS;EUR;202;132.28000000;244;EXCHANGE_LAST;;1;1;XEUR;10804524;688;
14.11.2024;17:03:59.038;FGBL SI 20241206 PS;SIMPLE_INSTRUMENT;EFS;EUR;203;132.27000000;244;EXCHANGE_LAST;;1;1;XEUR;10804524;688;
14.11.2024;17:30:00.371;FGBL SI 20241206 PS;SIMPLE_INSTRUMENT;EFS;EUR;204;132.26000000;464;EXCHANGE_LAST;;1;1;XEUR;10804524;688;
14.11.2024;17:34:23.333;FGBL SI 20250306 PS;SIMPLE_INSTRUMENT;EFP_FIN;EUR;205;133.66000000;1486;EXCHANGE_LAST;;1;1;XEUR;11286679;688;
14.11.2024;10:34:52.466;FGBL SI 20241206 PS;SIMPLE_INSTRUMENT;VOLA;EUR;268435472;131.70000000;9;EXCHANGE_LAST;;1;1;XEUR;10804524;688;
14.11.2024;10:34:43.466;FGBL SI 20241206 PS;SIMPLE_INSTRUMENT;VOLA;EUR;268435473;131.70000000;9;EXCHANGE_LAST;;1;1;XEUR;10804524;688;
14.11.2024;08:13:02.324;FGBM SI 20241206 PS;SIMPLE_INSTRUMENT;EFS;EUR;1;118.28000000;1402;EXCHANGE_LAST;;1;1;XEUR;10804525;689;
14.11.2024;08:23:34.537;FGBM SI 20241206 PS;SIMPLE_INSTRUMENT;EFS;EUR;2;118.29000000;934;EXCHANGE_LAST;;1;1;XEUR;10804525;689;
14.11.2024;08:37:29.311;FGBM SI 20241206 PS;SIMPLE_INSTRUMENT;EFS;EUR;3;118.36000000;868;EXCHANGE_LAST;;1;1;XEUR;10804525;689;
14.11.2024;08:54:08.832;FGBM SI 20241206 PS;SIMPLE_INSTRUMENT;EFS;EUR;4;118.36000000;193;EXCHANGE_LAST;;1;1;XEUR;10804525;689;
14.11.2024;09:02:05.189;FGBM SI 20241206 PS;SIMPLE_INSTRUMENT;EFS;EUR;5;118.40000000;1401;EXCHANGE_LAST;;1;1;XEUR;10804525;689;
14.11.2024;09:17:55.967;FGBM SI 20241206 PS;SIMPLE_INSTRUMENT;EFP_FIN;EUR;6;118.39000000;317;EXCHANGE_LAST;;1;1;XEUR;10804525;689;
14.11.2024;09:12:30.852;FGBM SI 20241206 PS;SIMPLE_INSTRUMENT;EFP_FIN;EUR;7;118.39000000;111;EXCHANGE_LAST;;1;1;XEUR;10804525;689;
14.11.2024;09:12:51.181;FGBM SI 20241206 PS;SIMPLE_INSTRUMENT;EFS;EUR;8;118.40000000;2800;EXCHANGE_LAST;;1;1;XEUR;10804525;689;
14.11.2024;09:18:35.499;FGBM SI 20241206 PS;SIMPLE_INSTRUMENT;EFP_FIN;EUR;9;118.39000000;394;EXCHANGE_LAST;;1;1;XEUR;10804525;689;
14.11.2024;09:32:38.283;FGBM SI 20241206 PS;SIMPLE_INSTRUMENT;EFS;EUR;10;118.40000000;2000;EXCHANGE_LAST;;1;1;XEUR;10804525;689;
14.11.2024;09:37:46.783;FGBM SI 20241206 PS;SIMPLE_INSTRUMENT;EFS;EUR;11;118.35000000;1401;EXCHANGE_LAST;;1;1;XEUR;10804525;689;
14.11.2024;09:41:47.405;FGBM SI 20241206 PS;SIMPLE_INSTRUMENT;EFS;EUR;12;118.26000000;1402;EXCHANGE_LAST;;1;1;XEUR;10804525;689;
14.11.2024;09:49:27.336;FGBM SI 20241206 PS;SIMPLE_INSTRUMENT;EFS;EUR;13;118.35000000;2683;EXCHANGE_LAST;;1;1;XEUR;10804525;689;
14.11.2024;09:54:27.424;FGBM SI 20241206 PS;SIMPLE_INSTRUMENT;EFS;EUR;14;118.34000000;1775;EXCHANGE_LAST;;1;1;XEUR;10804525;689;
14.11.2024;09:55:46.044;FGBM SI 20241206 PS;SIMPLE_INSTRUMENT;EFS;EUR;15;118.36000000;887;EXCHANGE_LAST;;1;1;XEUR;10804525;689;
14.11.2024;09:59:45.483;FGBM SI 20241206 PS;SIMPLE_INSTRUMENT;EFS;EUR;16;118.35000000;435;EXCHANGE_LAST;;1;1;XEUR;10804525;689;
14.11.2024;09:57:28.312;FGBM SI 20241206 PS;SIMPLE_INSTRUMENT;EFP_FIN;EUR;17;118.37000000;215;EXCHANGE_LAST;;1;1;XEUR;10804525;689;
14.11.2024;10:00:14.109;FGBM SI 20241206 PS;SIMPLE_INSTRUMENT;EFS;EUR;19;118.35000000;261;EXCHANGE_LAST;;1;1;XEUR;10804525;689;
14.11.2024;10:00:19.113;FGBM SI 20241206 PS;SIMPLE_INSTRUMENT;EFS;EUR;20;118.35000000;609;EXCHANGE_LAST;;1;1;XEUR;10804525;689;
14.11.2024;10:03:10.224;FGBM SI 20241206 PS;SIMPLE_INSTRUMENT;EFS;EUR;21;118.37000000;869;EXCHANGE_LAST;;1;1;XEUR;10804525;689;
14.11.2024;10:05:00.292;FGBM SI 20241206 PS;SIMPLE_INSTRUMENT;EFS;EUR;22;118.38000000;869;EXCHANGE_LAST;;1;1;XEUR;10804525;689;
14.11.2024;10:05:59.384;FGBM SI 20241206 PS;SIMPLE_INSTRUMENT;EFS;EUR;23;118.35000000;934;EXCHANGE_LAST;;1;1;XEUR;10804525;689;
14.11.2024;10:25:24.524;FGBM SI 20241206 PS;SIMPLE_INSTRUMENT;EFP_FIN;EUR;24;118.40000000;212;EXCHANGE_LAST;;1;1;XEUR;10804525;689;
14.11.2024;10:07:31.373;FGBM SI 20241206 PS;SIMPLE_INSTRUMENT;EFS;EUR;25;118.36000000;934;EXCHANGE_LAST;;1;1;XEUR;10804525;689;
14.11.2024;10:07:28.857;FGBM SI 20241206 PS;SIMPLE_INSTRUMENT;EFS;EUR;26;118.34000000;887;EXCHANGE_LAST;;1;1;XEUR;10804525;689;
14.11.2024;10:13:05.725;FGBM SI 20241206 PS;SIMPLE_INSTRUMENT;EFS;EUR;27;118.39000000;869;EXCHANGE_LAST;;1;1;XEUR;10804525;689;
14.11.2024;10:21:58.424;FGBM SI 20241206 PS;SIMPLE_INSTRUMENT;EFS;EUR;28;118.36000000;1401;EXCHANGE_LAST;;1;1;XEUR;10804525;689;
14.11.2024;10:22:24.162;FGBM SI 20241206 PS;SIMPLE_INSTRUMENT;EFS;EUR;29;118.38000000;4668;EXCHANGE_LAST;;1;1;XEUR;10804525;689;
14.11.2024;10:23:03.437;FGBM SI 20241206 PS;SIMPLE_INSTRUMENT;EFS;EUR;30;118.36000000;1920;EXCHANGE_LAST;;1;1;XEUR;10804525;689;
14.11.2024;10:34:49.830;FGBM SI 20241206 PS;SIMPLE_INSTRUMENT;EFP_FIN;EUR;31;118.37000000;1071;EXCHANGE_LAST;;1;1;XEUR;10804525;689;
14.11.2024;10:38:42.382;FGBM SI 20241206 PS;SIMPLE_INSTRUMENT;EFS;EUR;32;118.35000000;1870;EXCHANGE_LAST;;1;1;XEUR;10804525;689;
14.11.2024;10:38:51.341;FGBM SI 20241206 PS;SIMPLE_INSTRUMENT;EFP_FIN;EUR;33;118.35000000;212;EXCHANGE_LAST;;1;1;XEUR;10804525;689;
14.11.2024;10:42:31.603;FGBM SI 20241206 PS;SIMPLE_INSTRUMENT;EFP_FIN;EUR;34;118.39000000;214;EXCHANGE_LAST;;1;1;XEUR;10804525;689;
14.11.2024;10:44:08.820;FGBM SI 20241206 PS;SIMPLE_INSTRUMENT;EFP_FIN;EUR;35;118.39000000;2569;EXCHANGE_LAST;;1;1;XEUR;10804525;689;
14.11.2024;10:49:28.427;FGBM SI 20241206 PS;SIMPLE_INSTRUMENT;EFP_FIN;EUR;36;118.38000000;428;EXCHANGE_LAST;;1;1;XEUR;10804525;689;
14.11.2024;10:58:58.061;FGBM SI 20241206 PS;SIMPLE_INSTRUMENT;EFS;EUR;37;118.38000000;1867;EXCHANGE_LAST;;1;1;XEUR;10804525;689;
14.11.2024;11:12:58.470;FGBM SI 20241206 PS;SIMPLE_INSTRUMENT;EFP_FIN;EUR;38;118.49000000;342;EXCHANGE_LAST;;1;1;XEUR;10804525;689;
14.11.2024;11:12:14.862;FGBM SI 20241206 PS;SIMPLE_INSTRUMENT;BLOCK;EUR;40;118.52000000;4661;EXCHANGE_LAST;;1;1;XEUR;10804525;689;
14.11.2024;11:14:24.361;FGBM SI 20241206 PS;SIMPLE_INSTRUMENT;EFP_FIN;EUR;41;118.49000000;428;EXCHANGE_LAST;;1;1;XEUR;10804525;689;
14.11.2024;11:20:46.574;FGBM SI 20241206 PS;SIMPLE_INSTRUMENT;EFS;EUR;42;118.56000000;434;EXCHANGE_LAST;;1;1;XEUR;10804525;689;
14.11.2024;11:24:32.352;FGBM SI 20241206 PS;SIMPLE_INSTRUMENT;EFS;EUR;43;118.57000000;434;EXCHANGE_LAST;;1;1;XEUR;10804525;689;
14.11.2024;11:35:25.726;FGBM SI 20241206 PS;SIMPLE_INSTRUMENT;EFS;EUR;44;118.54000000;934;EXCHANGE_LAST;;1;1;XEUR;10804525;689;
14.11.2024;11:38:56.569;FGBM SI 20241206 PS;SIMPLE_INSTRUMENT;EFS;EUR;45;118.58000000;932;EXCHANGE_LAST;;1;1;XEUR;10804525;689;
14.11.2024;11:40:47.627;FGBM SI 20241206 PS;SIMPLE_INSTRUMENT;EFS;EUR;46;118.52000000;746;EXCHANGE_LAST;;1;1;XEUR;10804525;689;
14.11.2024;11:59:32.957;FGBM SI 20241206 PS;SIMPLE_INSTRUMENT;EFP_FIN;EUR;47;118.50000000;369;EXCHANGE_LAST;;1;1;XEUR;10804525;689;
14.11.2024;12:01:33.687;FGBM SI 20241206 PS;SIMPLE_INSTRUMENT;EFS;EUR;48;118.52000000;93;EXCHANGE_LAST;;1;1;XEUR;10804525;689;
14.11.2024;12:13:27.641;FGBM SI 20241206 PS;SIMPLE_INSTRUMENT;EFP_FIN;EUR;49;118.53000000;63;EXCHANGE_LAST;;1;1;XEUR;10804525;689;
14.11.2024;12:23:44.883;FGBM SI 20241206 PS;SIMPLE_INSTRUMENT;EFP_FIN;EUR;50;118.53000000;892;EXCHANGE_LAST;;1;1;XEUR;10804525;689;
14.11.2024;12:25:55.211;FGBM SI 20241206 PS;SIMPLE_INSTRUMENT;EFP_FIN;EUR;51;118.50000000;858;EXCHANGE_LAST;;1;1;XEUR;10804525;689;
14.11.2024;12:30:08.782;FGBM SI 20241206 PS;SIMPLE_INSTRUMENT;EFS;EUR;52;118.50000000;869;EXCHANGE_LAST;;1;1;XEUR;10804525;689;
14.11.2024;12:30:28.257;FGBM SI 20241206 PS;SIMPLE_INSTRUMENT;EFS;EUR;53;118.49000000;1492;EXCHANGE_LAST;;1;1;XEUR;10804525;689;
14.11.2024;12:31:43.851;FGBM SI 20241206 PS;SIMPLE_INSTRUMENT;EFS;EUR;54;118.50000000;869;EXCHANGE_LAST;;1;1;XEUR;10804525;689;
14.11.2024;12:40:33.856;FGBM SI 20241206 PS;SIMPLE_INSTRUMENT;EFP_FIN;EUR;55;118.50000000;876;EXCHANGE_LAST;;1;1;XEUR;10804525;689;
14.11.2024;12:48:49.586;FGBM SI 20241206 PS;SIMPLE_INSTRUMENT;EFP_FIN;EUR;56;118.49000000;308;EXCHANGE_LAST;;1;1;XEUR;10804525;689;
14.11.2024;12:49:52.801;FGBM SI 20241206 PS;SIMPLE_INSTRUMENT;EFS;EUR;57;118.50000000;333;EXCHANGE_LAST;;1;1;XEUR;10804525;689;
14.11.2024;12:52:13.364;FGBM SI 20241206 PS;SIMPLE_INSTRUMENT;EFS;EUR;58;118.50000000;1868;EXCHANGE_LAST;;1;1;XEUR;10804525;689;
14.11.2024;12:54:26.065;FGBM SI 20241206 PS;SIMPLE_INSTRUMENT;EFS;EUR;59;118.46000000;868;EXCHANGE_LAST;;1;1;XEUR;10804525;689;
14.11.2024;13:05:10.757;FGBM SI 20241206 PS;SIMPLE_INSTRUMENT;EFS;EUR;60;118.47000000;434;EXCHANGE_LAST;;1;1;XEUR;10804525;689;
14.11.2024;13:06:06.299;FGBM SI 20241206 PS;SIMPLE_INSTRUMENT;EFS;EUR;61;118.47000000;434;EXCHANGE_LAST;;1;1;XEUR;10804525;689;
14.11.2024;13:07:30.940;FGBM SI 20241206 PS;SIMPLE_INSTRUMENT;EFS;EUR;62;118.47000000;2656;EXCHANGE_LAST;;1;1;XEUR;10804525;689;
14.11.2024;13:11:42.577;FGBM SI 20241206 PS;SIMPLE_INSTRUMENT;EFS;EUR;63;118.49000000;434;EXCHANGE_LAST;;1;1;XEUR;10804525;689;
14.11.2024;13:13:27.642;FGBM SI 20241206 PS;SIMPLE_INSTRUMENT;EFS;EUR;64;118.49000000;434;EXCHANGE_LAST;;1;1;XEUR;10804525;689;
14.11.2024;13:13:37.652;FGBM SI 20241206 PS;SIMPLE_INSTRUMENT;EFS;EUR;65;118.49000000;434;EXCHANGE_LAST;;1;1;XEUR;10804525;689;
14.11.2024;13:13:47.666;FGBM SI 20241206 PS;SIMPLE_INSTRUMENT;EFS;EUR;66;118.52000000;868;EXCHANGE_LAST;;1;1;XEUR;10804525;689;
14.11.2024;13:13:52.672;FGBM SI 20241206 PS;SIMPLE_INSTRUMENT;EFS;EUR;67;118.52000000;868;EXCHANGE_LAST;;1;1;XEUR;10804525;689;
14.11.2024;13:29:16.720;FGBM SI 20241206 PS;SIMPLE_INSTRUMENT;EFS;EUR;68;118.53000000;434;EXCHANGE_LAST;;1;1;XEUR;10804525;689;
14.11.2024;13:33:02.791;FGBM SI 20241206 PS;SIMPLE_INSTRUMENT;EFS;EUR;69;118.50000000;933;EXCHANGE_LAST;;1;1;XEUR;10804525;689;
14.11.2024;13:34:20.512;FGBM SI 20241206 PS;SIMPLE_INSTRUMENT;EFS;EUR;70;118.53000000;869;EXCHANGE_LAST;;1;1;XEUR;10804525;689;
14.11.2024;13:45:25.909;FGBM SI 20241206 PS;SIMPLE_INSTRUMENT;EFS;EUR;71;118.40000000;869;EXCHANGE_LAST;;1;1;XEUR;10804525;689;
14.11.2024;13:46:40.962;FGBM SI 20241206 PS;SIMPLE_INSTRUMENT;EFS;EUR;72;118.45000000;435;EXCHANGE_LAST;;1;1;XEUR;10804525;689;
14.11.2024;13:47:25.996;FGBM SI 20241206 PS;SIMPLE_INSTRUMENT;EFS;EUR;73;118.45000000;435;EXCHANGE_LAST;;1;1;XEUR;10804525;689;
14.11.2024;13:47:46.013;FGBM SI 20241206 PS;SIMPLE_INSTRUMENT;EFS;EUR;74;118.45000000;435;EXCHANGE_LAST;;1;1;XEUR;10804525;689;
14.11.2024;13:52:38.654;FGBM SI 20241206 PS;SIMPLE_INSTRUMENT;EFS;EUR;75;118.55000000;390;EXCHANGE_LAST;;1;1;XEUR;10804525;689;
14.11.2024;13:53:01.076;FGBM SI 20241206 PS;SIMPLE_INSTRUMENT;EFS;EUR;76;118.55000000;110;EXCHANGE_LAST;;1;1;XEUR;10804525;689;
14.11.2024;13:54:08.278;FGBM SI 20241206 PS;SIMPLE_INSTRUMENT;EFS;EUR;77;118.60000000;647;EXCHANGE_LAST;;1;1;XEUR;10804525;689;
14.11.2024;13:58:23.027;FGBM SI 20241206 PS;SIMPLE_INSTRUMENT;EFP_FIN;EUR;78;118.51000000;856;EXCHANGE_LAST;;1;1;XEUR;10804525;689;
14.11.2024;14:12:25.592;FGBM SI 20241206 PS;SIMPLE_INSTRUMENT;EFP_FIN;EUR;79;118.51000000;642;EXCHANGE_LAST;;1;1;XEUR;10804525;689;
14.11.2024;14:04:13.295;FGBM SI 20241206 PS;SIMPLE_INSTRUMENT;EFS;EUR;80;118.52000000;2213;EXCHANGE_LAST;;1;1;XEUR;10804525;689;
14.11.2024;14:06:41.239;FGBM SI 20241206 PS;SIMPLE_INSTRUMENT;EFS;EUR;81;118.44000000;1866;EXCHANGE_LAST;;1;1;XEUR;10804525;689;
14.11.2024;14:08:10.276;FGBM SI 20241206 PS;SIMPLE_INSTRUMENT;EFS;EUR;82;118.54000000;932;EXCHANGE_LAST;;1;1;XEUR;10804525;689;
14.11.2024;14:16:34.364;FGBM SI 20241206 PS;SIMPLE_INSTRUMENT;EFP_FIN;EUR;83;118.50000000;806;EXCHANGE_LAST;;1;1;XEUR;10804525;689;
14.11.2024;14:17:48.638;FGBM SI 20241206 PS;SIMPLE_INSTRUMENT;EFS;EUR;84;118.60000000;868;EXCHANGE_LAST;;1;1;XEUR;10804525;689;
14.11.2024;14:24:05.340;FGBM SI 20241206 PS;SIMPLE_INSTRUMENT;EFS;EUR;85;118.59000000;932;EXCHANGE_LAST;;1;1;XEUR;10804525;689;
14.11.2024;14:27:44.219;FGBM SI 20241206 PS;SIMPLE_INSTRUMENT;EFS;EUR;86;118.63000000;868;EXCHANGE_LAST;;1;1;XEUR;10804525;689;
14.11.2024;14:42:41.413;FGBM SI 20241206 PS;SIMPLE_INSTRUMENT;EFS;EUR;88;118.62000000;867;EXCHANGE_LAST;;1;1;XEUR;10804525;689;
14.11.2024;14:47:18.294;FGBM SI 20241206 PS;SIMPLE_INSTRUMENT;EFS;EUR;89;118.58000000;472;EXCHANGE_LAST;;1;1;XEUR;10804525;689;
14.11.2024;14:49:11.812;FGBM SI 20241206 PS;SIMPLE_INSTRUMENT;EFS;EUR;90;118.58000000;433;EXCHANGE_LAST;;1;1;XEUR;10804525;689;
14.11.2024;14:52:16.705;FGBM SI 20241206 PS;SIMPLE_INSTRUMENT;EFS;EUR;91;118.58000000;867;EXCHANGE_LAST;;1;1;XEUR;10804525;689;
14.11.2024;14:57:06.805;FGBM SI 20241206 PS;SIMPLE_INSTRUMENT;EFP_FIN;EUR;92;118.58000000;526;EXCHANGE_LAST;;1;1;XEUR;10804525;689;
14.11.2024;15:01:46.008;FGBM SI 20241206 PS;SIMPLE_INSTRUMENT;EFP_FIN;EUR;93;118.60000000;263;EXCHANGE_LAST;;1;1;XEUR;10804525;689;
14.11.2024;15:03:16.782;FGBM SI 20241206 PS;SIMPLE_INSTRUMENT;EFS;EUR;94;118.60000000;260;EXCHANGE_LAST;;1;1;XEUR;10804525;689;
14.11.2024;15:04:38.733;FGBM SI 20241206 PS;SIMPLE_INSTRUMENT;EFS;EUR;95;118.62000000;1863;EXCHANGE_LAST;;1;1;XEUR;10804525;689;
14.11.2024;15:06:14.096;FGBM SI 20241206 PS;SIMPLE_INSTRUMENT;EFP_FIN;EUR;96;118.62000000;2212;EXCHANGE_LAST;;1;1;XEUR;10804525;689;
14.11.2024;15:09:10.217;FGBM SI 20241206 PS;SIMPLE_INSTRUMENT;EFP_FIN;EUR;97;118.58000000;771;EXCHANGE_LAST;;1;1;XEUR;10804525;689;
14.11.2024;15:22:12.916;FGBM SI 20241206 PS;SIMPLE_INSTRUMENT;EFP_FIN;EUR;98;118.60000000;554;EXCHANGE_LAST;;1;1;XEUR;10804525;689;
14.11.2024;15:24:00.585;FGBM SI 20241206 PS;SIMPLE_INSTRUMENT;EFS;EUR;99;118.57000000;434;EXCHANGE_LAST;;1;1;XEUR;10804525;689;
14.11.2024;15:27:07.698;FGBM SI 20241206 PS;SIMPLE_INSTRUMENT;EFS;EUR;100;118.57000000;4666;EXCHANGE_LAST;;1;1;XEUR;10804525;689;
14.11.2024;15:28:30.099;FGBM SI 20241206 PS;SIMPLE_INSTRUMENT;EFS;EUR;101;118.57000000;459;EXCHANGE_LAST;;1;1;XEUR;10804525;689;
14.11.2024;15:33:06.839;FGBM SI 20241206 PS;SIMPLE_INSTRUMENT;EFS;EUR;102;118.57000000;867;EXCHANGE_LAST;;1;1;XEUR;10804525;689;
14.11.2024;15:34:09.368;FGBM SI 20241206 PS;SIMPLE_INSTRUMENT;EFS;EUR;103;118.57000000;434;EXCHANGE_LAST;;1;1;XEUR;10804525;689;
14.11.2024;15:38:35.488;FGBM SI 20241206 PS;SIMPLE_INSTRUMENT;EFS;EUR;104;118.55000000;868;EXCHANGE_LAST;;1;1;XEUR;10804525;689;
14.11.2024;15:48:06.975;FGBM SI 20241206 PS;SIMPLE_INSTRUMENT;EFS;EUR;105;118.56000000;822;EXCHANGE_LAST;;1;1;XEUR;10804525;689;
14.11.2024;15:49:50.813;FGBM SI 20241206 PS;SIMPLE_INSTRUMENT;EFS;EUR;106;118.55000000;1069;EXCHANGE_LAST;;1;1;XEUR;10804525;689;
14.11.2024;15:51:19.385;FGBM SI 20241206 PS;SIMPLE_INSTRUMENT;EFS;EUR;107;118.56000000;576;EXCHANGE_LAST;;1;1;XEUR;10804525;689;
14.11.2024;16:01:02.578;FGBM SI 20241206 PS;SIMPLE_INSTRUMENT;EFS;EUR;108;118.58000000;556;EXCHANGE_LAST;;1;1;XEUR;10804525;689;
14.11.2024;16:03:17.670;FGBM SI 20241206 PS;SIMPLE_INSTRUMENT;EFS;EUR;109;118.61000000;868;EXCHANGE_LAST;;1;1;XEUR;10804525;689;
14.11.2024;16:49:32.513;FGBM SI 20241206 PS;SIMPLE_INSTRUMENT;EFS;EUR;110;118.69000000;880;EXCHANGE_LAST;;1;1;XEUR;10804525;689;
14.11.2024;17:00:33.903;FGBM SI 20241206 PS;SIMPLE_INSTRUMENT;EFS;EUR;111;118.70000000;460;EXCHANGE_LAST;;1;1;XEUR;10804525;689;
14.11.2024;17:02:28.980;FGBM SI 20241206 PS;SIMPLE_INSTRUMENT;EFS;EUR;112;118.69000000;434;EXCHANGE_LAST;;1;1;XEUR;10804525;689;
14.11.2024;12:48:44.714;FGBM SI 20241206 PS;SIMPLE_INSTRUMENT;VOLA;EUR;268435480;118.47000000;225;EXCHANGE_LAST;;1;1;XEUR;10804525;689;
14.11.2024;09:08:33.184;FGBS SI 20241206 PS;SIMPLE_INSTRUMENT;EFS;EUR;1;106.78500000;2500;EXCHANGE_LAST;;1;1;XEUR;10804527;690;
14.11.2024;09:13:34.679;FGBS SI 20241206 PS;SIMPLE_INSTRUMENT;EFS;EUR;2;106.78000000;1291;EXCHANGE_LAST;;1;1;XEUR;10804527;690;
14.11.2024;09:25:53.129;FGBS SI 20241206 PS;SIMPLE_INSTRUMENT;EFS;EUR;3;106.78500000;2721;EXCHANGE_LAST;;1;1;XEUR;10804527;690;
14.11.2024;09:27:09.773;FGBS SI 20241206 PS;SIMPLE_INSTRUMENT;EFP_FIN;EUR;4;106.78000000;1017;EXCHANGE_LAST;;1;1;XEUR;10804527;690;
14.11.2024;09:28:41.674;FGBS SI 20241206 PS;SIMPLE_INSTRUMENT;EFP_FIN;EUR;5;106.77500000;3702;EXCHANGE_LAST;;1;1;XEUR;10804527;690;
14.11.2024;09:33:15.656;FGBS SI 20241206 PS;SIMPLE_INSTRUMENT;EFS;EUR;6;106.78000000;2500;EXCHANGE_LAST;;1;1;XEUR;10804527;690;
14.11.2024;09:38:43.763;FGBS SI 20241206 PS;SIMPLE_INSTRUMENT;EFP_FIN;EUR;7;106.78000000;379;EXCHANGE_LAST;;1;1;XEUR;10804527;690;
14.11.2024;09:55:14.049;FGBS SI 20241206 PS;SIMPLE_INSTRUMENT;EFP_FIN;EUR;8;106.78000000;556;EXCHANGE_LAST;;1;1;XEUR;10804527;690;
14.11.2024;09:57:32.360;FGBS SI 20241206 PS;SIMPLE_INSTRUMENT;EFS;EUR;9;106.75000000;2722;EXCHANGE_LAST;;1;1;XEUR;10804527;690;
14.11.2024;10:00:16.860;FGBS SI 20241206 PS;SIMPLE_INSTRUMENT;EFP_FIN;EUR;10;106.77000000;6677;EXCHANGE_LAST;;1;1;XEUR;10804527;690;
14.11.2024;10:04:37.994;FGBS SI 20241206 PS;SIMPLE_INSTRUMENT;EFS;EUR;11;106.76000000;2721;EXCHANGE_LAST;;1;1;XEUR;10804527;690;
14.11.2024;10:08:23.124;FGBS SI 20241206 PS;SIMPLE_INSTRUMENT;EFP_FIN;EUR;12;106.77500000;748;EXCHANGE_LAST;;1;1;XEUR;10804527;690;
14.11.2024;10:11:26.278;FGBS SI 20241206 PS;SIMPLE_INSTRUMENT;EFS;EUR;13;106.77000000;993;EXCHANGE_LAST;;1;1;XEUR;10804527;690;
14.11.2024;10:22:28.452;FGBS SI 20241206 PS;SIMPLE_INSTRUMENT;EFS;EUR;14;106.78000000;4081;EXCHANGE_LAST;;1;1;XEUR;10804527;690;
14.11.2024;10:25:15.162;FGBS SI 20241206 PS;SIMPLE_INSTRUMENT;EFS;EUR;15;106.77000000;1520;EXCHANGE_LAST;;1;1;XEUR;10804527;690;
14.11.2024;10:29:43.822;FGBS SI 20241206 PS;SIMPLE_INSTRUMENT;EFS;EUR;16;106.77000000;2721;EXCHANGE_LAST;;1;1;XEUR;10804527;690;
14.11.2024;10:33:15.214;FGBS SI 20241206 PS;SIMPLE_INSTRUMENT;EFS;EUR;17;106.77000000;2586;EXCHANGE_LAST;;1;1;XEUR;10804527;690;
14.11.2024;10:49:31.490;FGBS SI 20241206 PS;SIMPLE_INSTRUMENT;EFP_FIN;EUR;18;106.78000000;378;EXCHANGE_LAST;;1;1;XEUR;10804527;690;
14.11.2024;10:47:20.475;FGBS SI 20241206 PS;SIMPLE_INSTRUMENT;EFS;EUR;19;106.77000000;1295;EXCHANGE_LAST;;1;1;XEUR;10804527;690;
14.11.2024;10:51:13.926;FGBS SI 20241206 PS;SIMPLE_INSTRUMENT;EFS;EUR;20;106.77000000;2720;EXCHANGE_LAST;;1;1;XEUR;10804527;690;
14.11.2024;10:53:34.183;FGBS SI 20241206 PS;SIMPLE_INSTRUMENT;EFS;EUR;21;106.76500000;2721;EXCHANGE_LAST;;1;1;XEUR;10804527;690;
14.11.2024;10:55:06.419;FGBS SI 20241206 PS;SIMPLE_INSTRUMENT;EFS;EUR;22;106.80500000;764;EXCHANGE_LAST;;1;1;XEUR;10804527;690;
14.11.2024;10:58:01.737;FGBS SI 20241206 PS;SIMPLE_INSTRUMENT;EFS;EUR;23;106.77500000;5442;EXCHANGE_LAST;;1;1;XEUR;10804527;690;
14.11.2024;11:02:56.605;FGBS SI 20241206 PS;SIMPLE_INSTRUMENT;EFP_FIN;EUR;24;106.80000000;131;EXCHANGE_LAST;;1;1;XEUR;10804527;690;
14.11.2024;11:13:00.037;FGBS SI 20241206 PS;SIMPLE_INSTRUMENT;EFP_FIN;EUR;25;106.77000000;148;EXCHANGE_LAST;;1;1;XEUR;10804527;690;
14.11.2024;11:14:21.043;FGBS SI 20241206 PS;SIMPLE_INSTRUMENT;EFP_FIN;EUR;26;106.77000000;1335;EXCHANGE_LAST;;1;1;XEUR;10804527;690;
14.11.2024;11:17:29.836;FGBS SI 20241206 PS;SIMPLE_INSTRUMENT;EFS;EUR;27;106.80500000;750;EXCHANGE_LAST;;1;1;XEUR;10804527;690;
14.11.2024;11:48:55.696;FGBS SI 20241206 PS;SIMPLE_INSTRUMENT;EFS;EUR;28;106.81000000;1294;EXCHANGE_LAST;;1;1;XEUR;10804527;690;
14.11.2024;11:49:07.697;FGBS SI 20241206 PS;SIMPLE_INSTRUMENT;EFS;EUR;29;106.81000000;11630;EXCHANGE_LAST;;1;1;XEUR;10804527;690;
14.11.2024;12:18:39.789;FGBS SI 20241206 PS;SIMPLE_INSTRUMENT;EFS;EUR;30;106.82000000;2721;EXCHANGE_LAST;;1;1;XEUR;10804527;690;
14.11.2024;12:23:02.803;FGBS SI 20241206 PS;SIMPLE_INSTRUMENT;EFS;EUR;31;106.81000000;2722;EXCHANGE_LAST;;1;1;XEUR;10804527;690;
14.11.2024;12:26:14.033;FGBS SI 20241206 PS;SIMPLE_INSTRUMENT;EFP_FIN;EUR;32;106.80000000;4299;EXCHANGE_LAST;;1;1;XEUR;10804527;690;
14.11.2024;12:45:21.069;FGBS SI 20241206 PS;SIMPLE_INSTRUMENT;EFS;EUR;33;106.80500000;1088;EXCHANGE_LAST;;1;1;XEUR;10804527;690;
14.11.2024;12:50:57.292;FGBS SI 20241206 PS;SIMPLE_INSTRUMENT;EFP_FIN;EUR;34;106.80000000;509;EXCHANGE_LAST;;1;1;XEUR;10804527;690;
14.11.2024;12:57:45.929;FGBS SI 20241206 PS;SIMPLE_INSTRUMENT;EFS;EUR;35;106.79500000;2110;EXCHANGE_LAST;;1;1;XEUR;10804527;690;
14.11.2024;13:05:48.253;FGBS SI 20241206 PS;SIMPLE_INSTRUMENT;EFS;EUR;36;106.79500000;510;EXCHANGE_LAST;;1;1;XEUR;10804527;690;
14.11.2024;13:17:05.888;FGBS SI 20241206 PS;SIMPLE_INSTRUMENT;EFP_FIN;EUR;37;106.79500000;2317;EXCHANGE_LAST;;1;1;XEUR;10804527;690;
14.11.2024;13:41:42.111;FGBS SI 20241206 PS;SIMPLE_INSTRUMENT;EFS;EUR;38;106.77500000;2721;EXCHANGE_LAST;;1;1;XEUR;10804527;690;
14.11.2024;13:46:22.368;FGBS SI 20241206 PS;SIMPLE_INSTRUMENT;EFS;EUR;39;106.79000000;3071;EXCHANGE_LAST;;1;1;XEUR;10804527;690;
14.11.2024;13:44:23.551;FGBS SI 20241206 PS;SIMPLE_INSTRUMENT;EFS;EUR;40;106.77000000;2721;EXCHANGE_LAST;;1;1;XEUR;10804527;690;
14.11.2024;14:07:08.625;FGBS SI 20241206 PS;SIMPLE_INSTRUMENT;EFS;EUR;41;106.80000000;867;EXCHANGE_LAST;;1;1;XEUR;10804527;690;
14.11.2024;14:08:09.629;FGBS SI 20241206 PS;SIMPLE_INSTRUMENT;EFS;EUR;42;106.81000000;2581;EXCHANGE_LAST;;1;1;XEUR;10804527;690;
14.11.2024;14:14:28.070;FGBS SI 20241206 PS;SIMPLE_INSTRUMENT;EFS;EUR;43;106.81000000;2581;EXCHANGE_LAST;;1;1;XEUR;10804527;690;
14.11.2024;14:19:40.364;FGBS SI 20241206 PS;SIMPLE_INSTRUMENT;EFP_FIN;EUR;44;106.80500000;1168;EXCHANGE_LAST;;1;1;XEUR;10804527;690;
14.11.2024;14:23:06.366;FGBS SI 20241206 PS;SIMPLE_INSTRUMENT;EFS;EUR;45;106.83000000;2719;EXCHANGE_LAST;;1;1;XEUR;10804527;690;
14.11.2024;14:30:53.194;FGBS SI 20241206 PS;SIMPLE_INSTRUMENT;EFS;EUR;46;106.82000000;2719;EXCHANGE_LAST;;1;1;XEUR;10804527;690;
14.11.2024;14:31:28.208;FGBS SI 20241206 PS;SIMPLE_INSTRUMENT;EFS;EUR;47;106.82500000;1394;EXCHANGE_LAST;;1;1;XEUR;10804527;690;
14.11.2024;14:45:59.746;FGBS SI 20241206 PS;SIMPLE_INSTRUMENT;EFS;EUR;48;106.83000000;102;EXCHANGE_LAST;;1;1;XEUR;10804527;690;
14.11.2024;15:10:45.355;FGBS SI 20241206 PS;SIMPLE_INSTRUMENT;EFS;EUR;49;106.83000000;1359;EXCHANGE_LAST;;1;1;XEUR;10804527;690;
14.11.2024;15:10:52.823;FGBS SI 20241206 PS;SIMPLE_INSTRUMENT;EFS;EUR;50;106.82000000;1288;EXCHANGE_LAST;;1;1;XEUR;10804527;690;
14.11.2024;15:38:01.314;FGBS SI 20241206 PS;SIMPLE_INSTRUMENT;EFP_FIN;EUR;51;106.82000000;2837;EXCHANGE_LAST;;1;1;XEUR;10804527;690;
14.11.2024;16:05:24.339;FGBS SI 20241206 PS;SIMPLE_INSTRUMENT;EFP_FIN;EUR;52;106.81000000;1891;EXCHANGE_LAST;;1;1;XEUR;10804527;690;
14.11.2024;16:06:21.735;FGBS SI 20241206 PS;SIMPLE_INSTRUMENT;EFP_FIN;EUR;53;106.83000000;2634;EXCHANGE_LAST;;1;1;XEUR;10804527;690;
14.11.2024;16:07:54.997;FGBS SI 20241206 PS;SIMPLE_INSTRUMENT;EFP_FIN;EUR;54;106.81000000;4965;EXCHANGE_LAST;;1;1;XEUR;10804527;690;
14.11.2024;16:33:17.549;FGBS SI 20241206 PS;SIMPLE_INSTRUMENT;EFS;EUR;55;106.84000000;1869;EXCHANGE_LAST;;1;1;XEUR;10804527;690;
14.11.2024;16:36:43.748;FGBS SI 20241206 PS;SIMPLE_INSTRUMENT;EFS;EUR;56;106.81000000;1289;EXCHANGE_LAST;;1;1;XEUR;10804527;690;
14.11.2024;10:14:07.045;FGBS SI 20241206 PS;SIMPLE_INSTRUMENT;VOLA;EUR;268435467;106.74000000;150;EXCHANGE_LAST;;1;1;XEUR;10804527;690;
14.11.2024;08:06:31.743;FGBX SI 20241206 PS;SIMPLE_INSTRUMENT;EFS;EUR;1;131.56000000;47;EXCHANGE_LAST;;1;1;XEUR;10804526;691;
14.11.2024;08:36:05.002;FGBX SI 20241206 PS;SIMPLE_INSTRUMENT;EFS;EUR;2;131.70000000;50;EXCHANGE_LAST;;1;1;XEUR;10804526;691;
14.11.2024;08:50:42.232;FGBX SI 20241206 PS;SIMPLE_INSTRUMENT;EFP_FIN;EUR;3;131.94000000;742;EXCHANGE_LAST;;1;1;XEUR;10804526;691;
14.11.2024;09:43:08.316;FGBX SI 20241206 PS;SIMPLE_INSTRUMENT;EFP_FIN;EUR;5;132.32000000;580;EXCHANGE_LAST;;1;1;XEUR;10804526;691;
14.11.2024;09:45:57.161;FGBX SI 20241206 PS;SIMPLE_INSTRUMENT;BLOCK;EUR;6;132.32000000;243;EXCHANGE_LAST;;1;1;XEUR;10804526;691;
14.11.2024;09:48:03.019;FGBX SI 20241206 PS;SIMPLE_INSTRUMENT;EFS;EUR;7;132.42000000;149;EXCHANGE_LAST;;1;1;XEUR;10804526;691;
14.11.2024;09:57:00.822;FGBX SI 20241206 PS;SIMPLE_INSTRUMENT;EFP_FIN;EUR;8;133.20000000;149;EXCHANGE_LAST;;1;1;XEUR;10804526;691;
14.11.2024;10:00:05.771;FGBX SI 20241206 PS;SIMPLE_INSTRUMENT;EFP_FIN;EUR;9;132.22000000;71;EXCHANGE_LAST;;1;1;XEUR;10804526;691;
14.11.2024;10:06:30.398;FGBX SI 20241206 PS;SIMPLE_INSTRUMENT;EFP_FIN;EUR;10;132.20000000;452;EXCHANGE_LAST;;1;1;XEUR;10804526;691;
14.11.2024;10:20:35.417;FGBX SI 20241206 PS;SIMPLE_INSTRUMENT;EFP_FIN;EUR;11;132.26000000;66;EXCHANGE_LAST;;1;1;XEUR;10804526;691;
14.11.2024;10:32:05.130;FGBX SI 20241206 PS;SIMPLE_INSTRUMENT;EFS;EUR;14;132.34000000;250;EXCHANGE_LAST;;1;1;XEUR;10804526;691;
14.11.2024;10:36:56.936;FGBX SI 20241206 PS;SIMPLE_INSTRUMENT;EFP_FIN;EUR;16;132.36000000;86;EXCHANGE_LAST;;1;1;XEUR;10804526;691;
14.11.2024;10:49:18.265;FGBX SI 20241206 PS;SIMPLE_INSTRUMENT;BLOCK;EUR;17;132.34000000;468;EXCHANGE_LAST;;1;1;XEUR;10804526;691;
14.11.2024;11:01:50.908;FGBX SI 20241206 PS;SIMPLE_INSTRUMENT;EFP_FIN;EUR;19;132.38000000;86;EXCHANGE_LAST;;1;1;XEUR;10804526;691;
14.11.2024;11:04:12.992;FGBX SI 20241206 PS;SIMPLE_INSTRUMENT;EFP_FIN;EUR;20;132.64000000;423;EXCHANGE_LAST;;1;1;XEUR;10804526;691;
14.11.2024;11:58:36.784;FGBX SI 20241206 PS;SIMPLE_INSTRUMENT;EFS;EUR;32;133.12000000;100;EXCHANGE_LAST;;1;1;XEUR;10804526;691;
14.11.2024;13:11:19.413;FGBX SI 20241206 PS;SIMPLE_INSTRUMENT;EFS;EUR;35;132.84000000;75;EXCHANGE_LAST;;1;1;XEUR;10804526;691;
14.11.2024;13:52:56.581;FGBX SI 20241206 PS;SIMPLE_INSTRUMENT;EFS;EUR;36;132.76000000;185;EXCHANGE_LAST;;1;1;XEUR;10804526;691;
