#Date;TrdTime;Contract;ContractType;TrdTyp;Currency;TesId;Prc;Qty;TrdInd;Aggressor;Buy;Sell;Exch;InstrumentId;RelatedProdId;PrcDecomp
10.12.2024;10:01:42.133;7PIF SI 20241219 CS;SIMPLE_INSTRUMENT;BLOCK;EUR;4;13.63300000;2000;EXCHANGE_LAST;;1;1;XEUR;7029747;48299;
10.12.2024;12:20:22.358;A2LV SI 20271217 CS;SIMPLE_INSTRUMENT;BLOCK;EUR;32;15.05000000;65;EXCHANGE_LAST;;1;1;XEUR;5914253;12;
10.12.2024;16:28:28.711;A2LV SI 20250321 CS;SIMPLE_INSTRUMENT;BLOCK;EUR;92;0.00100000;104;EXCHANGE_LAST;;1;1;XEUR;10393040;12;
10.12.2024;12:31:40.618;A2SG SI 20251219 CS;SIMPLE_INSTRUMENT;BLOCK;EUR;40;1.51000000;250;EXCHANGE_LAST;;1;1;XEUR;5914262;14;
10.12.2024;11:57:59.829;A2SM SI 20250321 CS;SIMPLE_INSTRUMENT;BLOCK;EUR;24;1.55000000;22;EXCHANGE_LAST;;2;1;XEUR;10393042;15;
10.12.2024;15:32:59.876;A2XA SI 20250321 CS;SIMPLE_INSTRUMENT;BLOCK;EUR;80;0.00100000;90;EXCHANGE_LAST;;1;1;XEUR;10393043;17;
10.12.2024;09:48:47.048;ABBE.O.241210.JR.000001;STANDARD_OPTION_STRATEGY;BLOCK;CHF;14;0.15000000;5000;EXCHANGE_LAST;;1;1;XEUR;74525121468961264;574516;
10.12.2024;09:48:47.048;ABBE SI 20241220 PS EU C 56.00 0;SIMPLE_INSTRUMENT;BLOCK;CHF;14;0.01000000;5000;PRC_DECOMP_EXCHANGE;;;;XEUR;10457897;574516;EXCHANGE
10.12.2024;09:48:47.048;ABBE SI 20250321 PS EU C 56.00 0;SIMPLE_INSTRUMENT;BLOCK;CHF;14;0.74000000;5000;PRC_DECOMP_EXCHANGE;;;;XEUR;10886776;574516;EXCHANGE
10.12.2024;09:48:47.048;ABBE SI 20250321 PS EU P 56.00 0;SIMPLE_INSTRUMENT;BLOCK;CHF;14;5.04000000;5000;PRC_DECOMP_EXCHANGE;;;;XEUR;10886731;574516;EXCHANGE
10.12.2024;09:48:47.048;ABBE SI 20241220 PS EU P 56.00 0;SIMPLE_INSTRUMENT;BLOCK;CHF;14;4.46000000;5000;PRC_DECOMP_EXCHANGE;;;;XEUR;10457900;574516;EXCHANGE
10.12.2024;09:04:25.297;ABBN SI 20250117 PS AM C 54.00 0;SIMPLE_INSTRUMENT;BLOCK;CHF;2;0.37000000;2500;EXCHANGE_LAST;;2;1;XEUR;12109276;574517;
10.12.2024;13:44:39.545;ACC SI 20251219 PS AM P 40.00 0;SIMPLE_INSTRUMENT;BLOCK;CHF;43;2.20000000;1500;EXCHANGE_LAST;;1;2;XEUR;10459247;626616;
10.12.2024;14:09:22.873;ADEF.S.DEC24.MAR25.SPD;FUTURES_SPREAD;BLOCK;CHF;63;-0.05500000;4000;EXCHANGE_LAST;;1;2;XEUR;72057795901391053;47;
10.12.2024;14:09:22.873;ADEF SI 20241220 CS;SIMPLE_INSTRUMENT;BLOCK;CHF;63;24.37350000;4000;PRC_DECOMP_EXCHANGE;;;;XEUR;7030726;47;EXCHANGE
10.12.2024;14:09:22.873;ADEF SI 20250321 CS;SIMPLE_INSTRUMENT;BLOCK;CHF;63;24.42850000;4000;PRC_DECOMP_EXCHANGE;;;;XEUR;10692264;47;EXCHANGE
10.12.2024;12:54:56.842;ADS SI 20241220 PS AM C 240.00 0;SIMPLE_INSTRUMENT;BLOCK;EUR;10;3.75000000;1000;EXCHANGE_LAST;;1;1;XEUR;4637209;50;
10.12.2024;16:08:29.480;AFR.O.241210.PDIA.000001;STANDARD_OPTION_STRATEGY;BLOCK;EUR;30;0.11000000;2000;EXCHANGE_LAST;;1;1;XEUR;72057843146041089;58;
10.12.2024;16:08:29.480;AFR SI 20250321 PS AM P 6.80 0;SIMPLE_INSTRUMENT;BLOCK;EUR;30;0.25000000;2000;PRC_DECOMP_EXCHANGE;;;;XEUR;10828755;58;EXCHANGE
10.12.2024;16:08:29.480;AFR SI 20241220 PS AM P 7.60 0;SIMPLE_INSTRUMENT;BLOCK;EUR;30;0.14000000;2000;PRC_DECOMP_EXCHANGE;;;;XEUR;10393919;58;EXCHANGE
10.12.2024;16:35:13.232;AIR SI 20250620 PS AM P 140.00 0;SIMPLE_INSTRUMENT;BLOCK;EUR;32;2.66000000;500;EXCHANGE_LAST;;1;1;XEUR;11290292;64;
10.12.2024;08:33:57.372;AKU SI 20250117 PS AM C 63.00 0;SIMPLE_INSTRUMENT;BLOCK;EUR;1;0.83000000;321;EXCHANGE_LAST;;1;1;XEUR;12067680;78;
10.12.2024;12:33:43.983;ALC SI 20250321 PS AM P 72.00 0;SIMPLE_INSTRUMENT;BLOCK;CHF;37;1.68000000;800;EXCHANGE_LAST;;1;2;XEUR;10872515;130134;
10.12.2024;12:55:07.288;ALC SI 20250321 PS AM P 72.00 0;SIMPLE_INSTRUMENT;BLOCK;CHF;40;1.68000000;350;EXCHANGE_LAST;;1;1;XEUR;10872515;130134;
10.12.2024;10:27:56.938;ALV SI 20251219 PS AM P 260.00 0;SIMPLE_INSTRUMENT;BLOCK;EUR;3;9.80000000;300;EXCHANGE_LAST;;1;1;XEUR;10976920;74;
10.12.2024;14:04:52.370;ALVG SI 20241220 CS;SIMPLE_INSTRUMENT;BLOCK;EUR;55;299.00000000;129;EXCHANGE_LAST;;1;1;XEUR;7031281;85;
10.12.2024;14:05:04.371;ALVG SI 20250321 CS;SIMPLE_INSTRUMENT;BLOCK;EUR;56;301.78000000;129;EXCHANGE_LAST;;1;1;XEUR;10693113;85;
10.12.2024;16:19:48.873;ALVG.S.DEC24.MAR25.SPD;FUTURES_SPREAD;BLOCK;EUR;91;-2.65000000;1300;EXCHANGE_LAST;;1;1;XEUR;72057959110148364;85;
10.12.2024;16:19:48.873;ALVG SI 20250321 CS;SIMPLE_INSTRUMENT;BLOCK;EUR;91;301.48240000;1300;PRC_DECOMP_EXCHANGE;;;;XEUR;10693113;85;EXCHANGE
10.12.2024;16:19:48.873;ALVG SI 20241220 CS;SIMPLE_INSTRUMENT;BLOCK;EUR;91;298.83240000;1300;PRC_DECOMP_EXCHANGE;;;;XEUR;7031281;85;EXCHANGE
10.12.2024;14:05:24.372;ANAG SI 20241220 CS;SIMPLE_INSTRUMENT;BLOCK;EUR;58;117.30000000;253;EXCHANGE_LAST;;1;1;XEUR;7031447;92;
10.12.2024;14:05:40.373;ANAG SI 20250321 CS;SIMPLE_INSTRUMENT;BLOCK;EUR;59;118.26000000;253;EXCHANGE_LAST;;1;1;XEUR;10693314;92;
10.12.2024;11:12:40.577;ANN.O.241210.BER.000008;STANDARD_OPTION_STRATEGY;BLOCK;EUR;4;2.49000000;4000;EXCHANGE_LAST;;2;2;XEUR;72251735149668157;45202;
10.12.2024;11:12:40.577;ANN SI 20251219 PS AM P 22.00 0;SIMPLE_INSTRUMENT;BLOCK;EUR;4;0.75000000;4000;PRC_DECOMP_EXCHANGE;;;;XEUR;11520939;45202;EXCHANGE
10.12.2024;11:12:40.577;ANN SI 20251219 PS AM P 30.00 0;SIMPLE_INSTRUMENT;BLOCK;EUR;4;3.24000000;4000;PRC_DECOMP_EXCHANGE;;;;XEUR;9466240;45202;EXCHANGE
10.12.2024;12:50:12.584;ANN SI 20241220 PS AM P 29.00 0;SIMPLE_INSTRUMENT;BLOCK;EUR;10;0.13000000;2500;EXCHANGE_LAST;;1;1;XEUR;11228918;45202;
10.12.2024;12:58:40.544;ANN SI 20241220 PS AM P 29.00 0;SIMPLE_INSTRUMENT;BLOCK;EUR;11;0.13000000;2500;EXCHANGE_LAST;;1;1;XEUR;11228918;45202;
10.12.2024;15:49:47.533;ANNG SI 20250321 CS;SIMPLE_INSTRUMENT;BLOCK;EUR;85;30.94000000;5000;EXCHANGE_LAST;;1;1;XEUR;10734682;464374;
10.12.2024;13:24:36.390;ASM SI 20251219 PS AM P 520.00 0;SIMPLE_INSTRUMENT;BLOCK;EUR;6;28.02000000;150;EXCHANGE_LAST;;1;1;XEUR;6589908;107;
10.12.2024;13:41:10.869;ASM.O.241210.CNV.000003;STANDARD_OPTION_STRATEGY;BLOCK;EUR;9;-36.68000000;150;EXCHANGE_LAST;;1;1;XEUR;72058053599445179;107;
10.12.2024;13:41:10.869;ASM SI 20241220 PS AM C 710.00 0;SIMPLE_INSTRUMENT;BLOCK;EUR;9;1.56000000;150;PRC_DECOMP_EXCHANGE;;;;XEUR;11872105;107;EXCHANGE
10.12.2024;13:41:10.869;ASM SI 20241220 PS AM P 710.00 0;SIMPLE_INSTRUMENT;BLOCK;EUR;9;38.24000000;150;PRC_DECOMP_EXCHANGE;;;;XEUR;11872104;107;EXCHANGE
10.12.2024;11:57:38.709;ASMH.S.DEC24.MAR25.SPD;FUTURES_SPREAD;BLOCK;EUR;23;-4.50000000;250;EXCHANGE_LAST;;1;2;XEUR;72074683712798953;3979;
10.12.2024;11:57:38.709;ASMH SI 20250321 CS;SIMPLE_INSTRUMENT;BLOCK;EUR;23;680.07990000;250;PRC_DECOMP_EXCHANGE;;;;XEUR;10717245;3979;EXCHANGE
10.12.2024;11:57:38.709;ASMH SI 20241220 CS;SIMPLE_INSTRUMENT;BLOCK;EUR;23;675.57990000;250;PRC_DECOMP_EXCHANGE;;;;XEUR;7047762;3979;EXCHANGE
10.12.2024;14:05:52.374;ASMH SI 20241220 CS;SIMPLE_INSTRUMENT;BLOCK;EUR;60;672.60000000;170;EXCHANGE_LAST;;1;1;XEUR;7047762;3979;
10.12.2024;14:06:07.375;ASMH SI 20250321 CS;SIMPLE_INSTRUMENT;BLOCK;EUR;61;677.95000000;170;EXCHANGE_LAST;;1;1;XEUR;10717245;3979;
10.12.2024;09:24:59.249;AXA SI 20251219 PS AM P 28.00 0;SIMPLE_INSTRUMENT;BLOCK;EUR;5;1.18000000;4500;EXCHANGE_LAST;;1;2;XEUR;5921734;127;
10.12.2024;11:56:24.224;AXA.O.241210.STG.000005;STANDARD_OPTION_STRATEGY;BLOCK;EUR;18;0.54000000;2000;EXCHANGE_LAST;;1;1;XEUR;72058139498794141;127;
10.12.2024;11:56:24.224;AXA SI 20241220 PS AM C 34.00 0;SIMPLE_INSTRUMENT;BLOCK;EUR;18;0.40000000;2000;PRC_DECOMP_EXCHANGE;;;;XEUR;10396028;127;EXCHANGE
10.12.2024;11:56:24.224;AXA SI 20241220 PS AM P 32.00 0;SIMPLE_INSTRUMENT;BLOCK;EUR;18;0.14000000;2000;PRC_DECOMP_EXCHANGE;;;;XEUR;4638800;127;EXCHANGE
10.12.2024;12:35:37.092;AXA.O.241210.STG.000006;STANDARD_OPTION_STRATEGY;BLOCK;EUR;19;2.49000000;4000;EXCHANGE_LAST;;1;1;XEUR;72058139498794142;127;
10.12.2024;12:35:37.092;AXA SI 20250321 PS AM C 34.00 0;SIMPLE_INSTRUMENT;BLOCK;EUR;19;1.52000000;4000;PRC_DECOMP_MEMBER;;;;XEUR;10830419;127;MEMBER
10.12.2024;12:35:37.092;AXA SI 20250321 PS AM P 33.00 0;SIMPLE_INSTRUMENT;BLOCK;EUR;19;0.97000000;4000;PRC_DECOMP_MEMBER;;;;XEUR;11678098;127;MEMBER
10.12.2024;15:28:27.752;AXAG.S.DEC24.MAR25.SPD;FUTURES_SPREAD;BLOCK;EUR;79;-0.26000000;1000;EXCHANGE_LAST;;1;1;XEUR;72058130908840255;125;
10.12.2024;15:28:27.752;AXAG SI 20241220 CS;SIMPLE_INSTRUMENT;BLOCK;EUR;79;34.11770000;1000;PRC_DECOMP_EXCHANGE;;;;XEUR;7031589;125;EXCHANGE
10.12.2024;15:28:27.752;AXAG SI 20250321 CS;SIMPLE_INSTRUMENT;BLOCK;EUR;79;34.37770000;1000;PRC_DECOMP_EXCHANGE;;;;XEUR;10693637;125;EXCHANGE
10.12.2024;09:45:51.406;B2NP SI 20261218 CS;SIMPLE_INSTRUMENT;BLOCK;EUR;1;4.31000000;250;EXCHANGE_LAST;;1;1;XEUR;6798320;131;
10.12.2024;10:12:28.837;B2NP.S.DEC26.DEC27.SPD;FUTURES_SPREAD;BLOCK;EUR;10;0.66000000;600;EXCHANGE_LAST;;1;2;XEUR;72058156678643760;131;
10.12.2024;10:12:28.837;B2NP SI 20261218 CS;SIMPLE_INSTRUMENT;BLOCK;EUR;10;4.31000000;600;PRC_DECOMP_MEMBER;;;;XEUR;6798320;131;MEMBER
10.12.2024;10:12:28.837;B2NP SI 20271217 CS;SIMPLE_INSTRUMENT;BLOCK;EUR;10;3.65000000;600;PRC_DECOMP_MEMBER;;;;XEUR;7086925;131;MEMBER
10.12.2024;11:10:49.952;B2NP SI 20261218 CS;SIMPLE_INSTRUMENT;BLOCK;EUR;15;4.31000000;100;EXCHANGE_LAST;;1;1;XEUR;6798320;131;
10.12.2024;11:14:31.090;B2NP SI 20271217 CS;SIMPLE_INSTRUMENT;BLOCK;EUR;16;3.62000000;250;EXCHANGE_LAST;;1;1;XEUR;7086925;131;
10.12.2024;13:41:05.515;B2NP SI 20271217 CS;SIMPLE_INSTRUMENT;BLOCK;EUR;51;3.61000000;100;EXCHANGE_LAST;;1;1;XEUR;7086925;131;
10.12.2024;14:14:11.773;B2NP SI 20271217 CS;SIMPLE_INSTRUMENT;BLOCK;EUR;64;3.61000000;150;EXCHANGE_LAST;;1;1;XEUR;7086925;131;
10.12.2024;16:05:05.060;BAEE.O.241210.COMBO.000001;STANDARD_OPTION_STRATEGY;BLOCK;CHF;56;-1.40000000;1500;EXCHANGE_LAST;;1;1;XEUR;75170371585703956;724750;
10.12.2024;16:05:05.060;BAEE SI 20250620 PS EU C 60.00 0;SIMPLE_INSTRUMENT;BLOCK;CHF;56;3.09000000;1500;PRC_DECOMP_EXCHANGE;;;;XEUR;10039875;724750;EXCHANGE
10.12.2024;16:05:05.060;BAEE SI 20250620 PS EU P 50.00 0;SIMPLE_INSTRUMENT;BLOCK;CHF;56;1.69000000;1500;PRC_DECOMP_EXCHANGE;;;;XEUR;11412290;724750;EXCHANGE
10.12.2024;11:59:59.999;BAN SI 20250919 PS AM P 56.00 0;SIMPLE_INSTRUMENT;BLOCK;CHF;34;2.94000000;400;EXCHANGE_LAST;;1;1;XEUR;11919779;298535;
10.12.2024;16:31:42.386;BARN SI 20250919 PS AM P 1200.00 0;SIMPLE_INSTRUMENT;BLOCK;CHF;64;67.35000000;100;EXCHANGE_LAST;;1;1;XEUR;11872588;149;
10.12.2024;08:33:25.935;BAS SI 20250117 PS AM C 48.00 0;SIMPLE_INSTRUMENT;BLOCK;EUR;1;0.37000000;674;EXCHANGE_LAST;;1;1;XEUR;12068805;150;
10.12.2024;10:27:27.923;BAS SI 20250321 PS AM C 50.00 0;SIMPLE_INSTRUMENT;BLOCK;EUR;3;0.78000000;2500;EXCHANGE_LAST;;2;2;XEUR;10831042;150;
10.12.2024;10:19:48.408;BAS SI 20241220 PS AM P 46.00 0;SIMPLE_INSTRUMENT;BLOCK;EUR;5;1.58000000;1000;EXCHANGE_LAST;;1;1;XEUR;7509954;150;
10.12.2024;16:43:06.199;BASG SI 20250321 CS;SIMPLE_INSTRUMENT;BLOCK;EUR;96;45.27000000;5000;EXCHANGE_LAST;;1;1;XEUR;10694474;171;
10.12.2024;09:15:58.747;BAY SI 20250321 PS AM C 23.00 0;SIMPLE_INSTRUMENT;BLOCK;EUR;2;0.79000000;4000;EXCHANGE_LAST;;1;1;XEUR;11234147;168;
10.12.2024;11:04:15.737;BAY SI 20251219 PS AM P 14.00 0;SIMPLE_INSTRUMENT;BLOCK;EUR;6;0.82000000;1500;EXCHANGE_LAST;;1;1;XEUR;8456316;168;
10.12.2024;14:24:58.932;BAY.O.241210.PDIA.000014;STANDARD_OPTION_STRATEGY;BLOCK;EUR;10;-4.88000000;1750;EXCHANGE_LAST;;2;1;XEUR;72058315592506649;168;
10.12.2024;14:24:58.932;BAY SI 20261218 PS AM P 18.00 0;SIMPLE_INSTRUMENT;BLOCK;EUR;10;2.82000000;1750;PRC_DECOMP_MEMBER;;;;XEUR;8112434;168;MEMBER
10.12.2024;14:24:58.932;BAY SI 20250321 PS AM P 28.00 0;SIMPLE_INSTRUMENT;BLOCK;EUR;10;7.70000000;1750;PRC_DECOMP_MEMBER;;;;XEUR;10831556;168;MEMBER
10.12.2024;12:07:24.940;BAYG.S.DEC24.MAR25.SPD;FUTURES_SPREAD;BLOCK;EUR;30;-0.17500000;10000;EXCHANGE_LAST;;1;1;XEUR;72384157581312168;76034;
10.12.2024;12:07:24.940;BAYG SI 20241220 CS;SIMPLE_INSTRUMENT;BLOCK;EUR;30;20.24800000;10000;PRC_DECOMP_EXCHANGE;;;;XEUR;7051807;76034;EXCHANGE
10.12.2024;12:07:24.940;BAYG SI 20250321 CS;SIMPLE_INSTRUMENT;BLOCK;EUR;30;20.42300000;10000;PRC_DECOMP_EXCHANGE;;;;XEUR;10723979;76034;EXCHANGE
10.12.2024;12:08:59.977;BAYG.S.DEC24.MAR25.SPD;FUTURES_SPREAD;BLOCK;EUR;31;-0.17500000;5000;EXCHANGE_LAST;;1;1;XEUR;72384157581312168;76034;
10.12.2024;12:08:59.977;BAYG SI 20250321 CS;SIMPLE_INSTRUMENT;BLOCK;EUR;31;20.42300000;5000;PRC_DECOMP_MEMBER;;;;XEUR;10723979;76034;MEMBER
10.12.2024;12:08:59.977;BAYG SI 20241220 CS;SIMPLE_INSTRUMENT;BLOCK;EUR;31;20.24800000;5000;PRC_DECOMP_MEMBER;;;;XEUR;7051807;76034;MEMBER
10.12.2024;10:31:14.552;BBVD.O.241210.STG.000001;STANDARD_OPTION_STRATEGY;BLOCK;EUR;3;0.71000000;5000;EXCHANGE_LAST;;1;1;XEUR;72058332772304722;172;
10.12.2024;10:31:14.552;BBVD SI 20250321 PS AM P 9.00 0;SIMPLE_INSTRUMENT;BLOCK;EUR;3;0.30000000;5000;PRC_DECOMP_EXCHANGE;;;;XEUR;8373390;172;EXCHANGE
10.12.2024;10:31:14.552;BBVD SI 20250321 PS AM C 10.00 0;SIMPLE_INSTRUMENT;BLOCK;EUR;3;0.41000000;5000;PRC_DECOMP_EXCHANGE;;;;XEUR;8715622;172;EXCHANGE
10.12.2024;10:12:45.695;BMW SI 20241220 PS AM P 76.00 0;SIMPLE_INSTRUMENT;BLOCK;EUR;9;0.57000000;400;EXCHANGE_LAST;;1;1;XEUR;4640268;210;
10.12.2024;11:37:27.204;BMW SI 20261218 PS AM P 60.00 0;SIMPLE_INSTRUMENT;BLOCK;EUR;14;4.50000000;600;EXCHANGE_LAST;;1;1;XEUR;7154298;210;
10.12.2024;14:04:29.893;BMW.O.241210.BLT.000013;STANDARD_OPTION_STRATEGY;BLOCK;EUR;22;1.68000000;1250;EXCHANGE_LAST;;1;1;XEUR;72058495981107833;210;
10.12.2024;14:04:29.893;BMW SI 20241220 PS AM C 84.00 0;SIMPLE_INSTRUMENT;BLOCK;EUR;22;0.36000000;1250;PRC_DECOMP_EXCHANGE;;;;XEUR;4640269;210;EXCHANGE
10.12.2024;14:04:29.893;BMW SI 20250221 PS AM C 84.00 0;SIMPLE_INSTRUMENT;BLOCK;EUR;22;2.04000000;1250;PRC_DECOMP_EXCHANGE;;;;XEUR;12339264;210;EXCHANGE
10.12.2024;14:21:00.561;BMW SI 20271217 PS AM P 92.00 0;SIMPLE_INSTRUMENT;BLOCK;EUR;26;23.00000000;1000;EXCHANGE_LAST;;1;1;XEUR;8775885;210;
10.12.2024;15:37:52.244;BMW SI 20241220 PS AM C 84.00 0;SIMPLE_INSTRUMENT;BLOCK;EUR;28;0.32000000;400;EXCHANGE_LAST;;1;1;XEUR;4640269;210;
10.12.2024;16:27:27.256;BMW SI 20241220 PS AM C 81.00 0;SIMPLE_INSTRUMENT;BLOCK;EUR;32;0.94000000;644;EXCHANGE_LAST;;1;1;XEUR;11874575;210;
10.12.2024;16:27:28.756;BMW SI 20241220 PS AM C 81.00 0;SIMPLE_INSTRUMENT;BLOCK;EUR;33;0.96000000;486;EXCHANGE_LAST;;1;1;XEUR;11874575;210;
10.12.2024;09:28:09.236;BNP.O.241210.PDIA.000002;STANDARD_OPTION_STRATEGY;BLOCK;EUR;1;3.84000000;2000;EXCHANGE_LAST;;1;1;XEUR;72058611945198679;237;
10.12.2024;09:28:09.236;BNP SI 20251219 PS AM P 56.00 0;SIMPLE_INSTRUMENT;BLOCK;EUR;1;5.11000000;2000;PRC_DECOMP_EXCHANGE;;;;XEUR;5923366;237;EXCHANGE
10.12.2024;09:28:09.236;BNP SI 20250117 PS AM P 59.00 0;SIMPLE_INSTRUMENT;BLOCK;EUR;1;1.27000000;2000;PRC_DECOMP_EXCHANGE;;;;XEUR;12070301;237;EXCHANGE
10.12.2024;10:04:29.440;BNP SI 20241220 PS AM P 56.00 0;SIMPLE_INSTRUMENT;BLOCK;EUR;7;0.16000000;2500;EXCHANGE_LAST;;1;2;XEUR;4640394;237;
10.12.2024;10:45:54.109;BNP SI 20250620 PS AM C 68.00 0;SIMPLE_INSTRUMENT;BLOCK;EUR;11;1.06000000;1000;EXCHANGE_LAST;;1;1;XEUR;11352721;237;
10.12.2024;13:48:54.238;CBK.O.241210.PDIA.000021;STANDARD_OPTION_STRATEGY;BLOCK;EUR;11;0.93000000;3000;EXCHANGE_LAST;;1;1;XEUR;72058745089201911;268;
10.12.2024;13:48:54.238;CBK SI 20251219 PS AM P 13.00 0;SIMPLE_INSTRUMENT;BLOCK;EUR;11;1.09000000;3000;PRC_DECOMP_EXCHANGE;;;;XEUR;11262576;268;EXCHANGE
10.12.2024;13:48:54.238;CBK SI 20241220 PS AM P 15.00 0;SIMPLE_INSTRUMENT;BLOCK;EUR;11;0.16000000;3000;PRC_DECOMP_EXCHANGE;;;;XEUR;10399782;268;EXCHANGE
10.12.2024;14:35:31.907;CFR.O.241210.BER.000009;STANDARD_OPTION_STRATEGY;BLOCK;CHF;47;6.15000000;400;EXCHANGE_LAST;;1;1;XEUR;72058938362726132;313;
10.12.2024;14:35:31.907;CFR SI 20250620 PS AM P 110.00 0;SIMPLE_INSTRUMENT;BLOCK;CHF;47;2.73000000;400;PRC_DECOMP_EXCHANGE;;;;XEUR;11354574;313;EXCHANGE
10.12.2024;14:35:31.907;CFR SI 20250620 PS AM P 130.00 0;SIMPLE_INSTRUMENT;BLOCK;CHF;47;8.88000000;400;PRC_DECOMP_EXCHANGE;;;;XEUR;11273453;313;EXCHANGE
10.12.2024;10:14:10.928;CFRE SI 20241220 PS EU C 150.00 0;SIMPLE_INSTRUMENT;BLOCK;CHF;22;0.11000000;1300;EXCHANGE_LAST;;1;1;XEUR;10442578;156129;
10.12.2024;09:40:44.659;D2PW SI 20261218 CS;SIMPLE_INSTRUMENT;BLOCK;EUR;2;1.68000000;400;EXCHANGE_LAST;;1;1;XEUR;4632317;9702;
10.12.2024;11:23:23.986;D2PW SI 20261218 CS;SIMPLE_INSTRUMENT;BLOCK;EUR;17;1.70000000;300;EXCHANGE_LAST;;1;2;XEUR;4632317;9702;
10.12.2024;11:25:00.275;D2PW SI 20271217 CS;SIMPLE_INSTRUMENT;BLOCK;EUR;18;1.60000000;400;EXCHANGE_LAST;;1;2;XEUR;5914516;9702;
10.12.2024;11:33:11.450;D2PW SI 20271217 CS;SIMPLE_INSTRUMENT;BLOCK;EUR;20;1.60000000;100;EXCHANGE_LAST;;1;1;XEUR;5914516;9702;
10.12.2024;11:53:45.515;D2PW SI 20261218 CS;SIMPLE_INSTRUMENT;BLOCK;EUR;25;1.70000000;220;EXCHANGE_LAST;;1;1;XEUR;4632317;9702;
10.12.2024;12:21:54.160;D2PW SI 20271217 CS;SIMPLE_INSTRUMENT;BLOCK;EUR;36;1.60000000;300;EXCHANGE_LAST;;1;2;XEUR;5914516;9702;
10.12.2024;12:20:20.916;D2PW SI 20261218 CS;SIMPLE_INSTRUMENT;BLOCK;EUR;37;1.70000000;100;EXCHANGE_LAST;;1;1;XEUR;4632317;9702;
10.12.2024;12:24:57.933;D2PW SI 20271217 CS;SIMPLE_INSTRUMENT;BLOCK;EUR;38;1.60000000;100;EXCHANGE_LAST;;1;1;XEUR;5914516;9702;
10.12.2024;13:57:52.746;D2PW SI 20261218 CS;SIMPLE_INSTRUMENT;BLOCK;EUR;53;1.70000000;100;EXCHANGE_LAST;;1;1;XEUR;4632317;9702;
10.12.2024;16:46:19.146;D2PW SI 20251219 CS;SIMPLE_INSTRUMENT;BLOCK;EUR;98;1.81000000;750;EXCHANGE_LAST;;1;1;XEUR;3681256;9702;
10.12.2024;12:16:25.464;D2TE SI 20261218 CS;SIMPLE_INSTRUMENT;BLOCK;EUR;34;1.00000000;110;EXCHANGE_LAST;;1;1;XEUR;6800755;359;
10.12.2024;10:09:41.722;D3AI SI 20251219 CS;SIMPLE_INSTRUMENT;BLOCK;EUR;7;3.94000000;832;EXCHANGE_LAST;;3;1;XEUR;7144062;443197;
10.12.2024;10:26:56.290;D3AI SI 20251219 CS;SIMPLE_INSTRUMENT;BLOCK;EUR;11;3.94000000;168;EXCHANGE_LAST;;2;1;XEUR;7144062;443197;
10.12.2024;16:43:35.739;D3AI SI 20251219 CS;SIMPLE_INSTRUMENT;BLOCK;EUR;94;3.98500000;125;EXCHANGE_LAST;;1;1;XEUR;7144062;443197;
10.12.2024;16:48:09.868;D3AI SI 20261218 CS;SIMPLE_INSTRUMENT;BLOCK;EUR;99;3.00000000;50;EXCHANGE_LAST;;1;1;XEUR;7144051;443197;
10.12.2024;09:17:00.832;DAI SI 20250620 PS AM P 70.00 0;SIMPLE_INSTRUMENT;BLOCK;EUR;2;16.85000000;1500;EXCHANGE_LAST;;1;1;XEUR;11011730;443196;
10.12.2024;09:17:50.782;DAI SI 20250620 PS AM C 70.00 0;SIMPLE_INSTRUMENT;BLOCK;EUR;3;0.32000000;1500;EXCHANGE_LAST;;1;1;XEUR;11011731;443196;
10.12.2024;09:47:56.151;DAI SI 20251219 PS AM C 60.00 0;SIMPLE_INSTRUMENT;BLOCK;EUR;6;2.96000000;3000;EXCHANGE_LAST;;1;1;XEUR;7144524;443196;
10.12.2024;09:47:58.769;DAI SI 20251219 PS AM P 40.00 0;SIMPLE_INSTRUMENT;BLOCK;EUR;7;1.46000000;3000;EXCHANGE_LAST;;1;1;XEUR;7737740;443196;
10.12.2024;09:47:58.795;DAI SI 20251219 PS AM P 52.00 0;SIMPLE_INSTRUMENT;BLOCK;EUR;8;4.70000000;3000;EXCHANGE_LAST;;1;1;XEUR;7144530;443196;
10.12.2024;11:18:47.086;DAI SI 20241220 PS AM P 56.00 0;SIMPLE_INSTRUMENT;BLOCK;EUR;11;1.04000000;3500;EXCHANGE_LAST;;3;2;XEUR;7349884;443196;
10.12.2024;11:35:46.993;DAI.O.241210.BLT.000016;STANDARD_OPTION_STRATEGY;BLOCK;EUR;13;0.98000000;2000;EXCHANGE_LAST;;1;2;XEUR;73961106363662195;443196;
10.12.2024;11:35:46.993;DAI SI 20251219 PS AM C 60.00 0;SIMPLE_INSTRUMENT;BLOCK;EUR;13;3.13000000;2000;PRC_DECOMP_EXCHANGE;;;;XEUR;7144524;443196;EXCHANGE
10.12.2024;11:35:46.993;DAI SI 20250620 PS AM C 60.00 0;SIMPLE_INSTRUMENT;BLOCK;EUR;13;2.15000000;2000;PRC_DECOMP_EXCHANGE;;;;XEUR;7934293;443196;EXCHANGE
10.12.2024;11:46:29.401;DAI.O.241210.PDIA.000017;STANDARD_OPTION_STRATEGY;BLOCK;EUR;16;8.55000000;1000;EXCHANGE_LAST;;1;1;XEUR;73961106363662196;443196;
10.12.2024;11:46:29.401;DAI SI 20261218 PS AM P 56.00 0;SIMPLE_INSTRUMENT;BLOCK;EUR;16;8.90000000;1000;PRC_DECOMP_EXCHANGE;;;;XEUR;7362232;443196;EXCHANGE
10.12.2024;11:46:29.401;DAI SI 20241220 PS AM P 55.00 0;SIMPLE_INSTRUMENT;BLOCK;EUR;16;0.35000000;1000;PRC_DECOMP_EXCHANGE;;;;XEUR;11925519;443196;EXCHANGE
10.12.2024;11:50:53.325;DAI.O.241210.BLT.000016;STANDARD_OPTION_STRATEGY;BLOCK;EUR;17;0.98000000;1500;EXCHANGE_LAST;;1;1;XEUR;73961106363662195;443196;
10.12.2024;11:50:53.325;DAI SI 20251219 PS AM C 60.00 0;SIMPLE_INSTRUMENT;BLOCK;EUR;17;3.13000000;1500;PRC_DECOMP_MEMBER;;;;XEUR;7144524;443196;MEMBER
10.12.2024;11:50:53.325;DAI SI 20250620 PS AM C 60.00 0;SIMPLE_INSTRUMENT;BLOCK;EUR;17;2.15000000;1500;PRC_DECOMP_MEMBER;;;;XEUR;7934293;443196;MEMBER
10.12.2024;12:02:58.879;DAI SI 20241220 PS AM C 56.00 0;SIMPLE_INSTRUMENT;BLOCK;EUR;19;0.91000000;750;EXCHANGE_LAST;;1;1;XEUR;7349879;443196;
10.12.2024;12:38:03.067;DAI SI 20251219 PS AM C 64.00 0;SIMPLE_INSTRUMENT;BLOCK;EUR;20;2.00000000;1500;EXCHANGE_LAST;;1;1;XEUR;7423844;443196;
10.12.2024;13:59:32.237;DAI SI 20241220 PS AM P 56.00 0;SIMPLE_INSTRUMENT;BLOCK;EUR;23;0.88000000;5000;EXCHANGE_LAST;;1;1;XEUR;7349884;443196;
10.12.2024;14:18:52.122;DAI SI 20241220 PS AM P 56.00 0;SIMPLE_INSTRUMENT;BLOCK;EUR;24;0.88000000;2500;EXCHANGE_LAST;;1;1;XEUR;7349884;443196;
10.12.2024;14:18:51.376;DAI SI 20241220 PS AM P 56.00 0;SIMPLE_INSTRUMENT;BLOCK;EUR;25;0.89000000;2500;EXCHANGE_LAST;;1;1;XEUR;7349884;443196;
10.12.2024;15:11:16.817;DAI SI 20251219 PS AM P 60.00 0;SIMPLE_INSTRUMENT;BLOCK;EUR;27;9.23000000;2500;EXCHANGE_LAST;;1;3;XEUR;7144540;443196;
10.12.2024;15:51:42.878;DAI.O.241210.PDIA.000041;STANDARD_OPTION_STRATEGY;BLOCK;EUR;29;11.07000000;2000;EXCHANGE_LAST;;1;1;XEUR;73961106363662220;443196;
10.12.2024;15:51:42.878;DAI SI 20261218 PS AM P 60.00 0;SIMPLE_INSTRUMENT;BLOCK;EUR;29;11.40000000;2000;PRC_DECOMP_EXCHANGE;;;;XEUR;7190188;443196;EXCHANGE
10.12.2024;15:51:42.878;DAI SI 20241220 PS AM P 55.00 0;SIMPLE_INSTRUMENT;BLOCK;EUR;29;0.33000000;2000;PRC_DECOMP_EXCHANGE;;;;XEUR;11925519;443196;EXCHANGE
10.12.2024;16:36:39.201;DAI.O.241210.BR23.000045;STANDARD_OPTION_STRATEGY;BLOCK;EUR;34;-6.50000000;375;EXCHANGE_LAST;;1;1;XEUR;73961106363662224;443196;
10.12.2024;16:36:39.201;DAI SI 20251219 PS AM P 56.00 0;SIMPLE_INSTRUMENT;BLOCK;EUR;34;6.43000000;750;PRC_DECOMP_EXCHANGE;;;;XEUR;7349881;443196;EXCHANGE
10.12.2024;16:36:39.201;DAI SI 20251219 PS AM P 44.00 0;SIMPLE_INSTRUMENT;BLOCK;EUR;34;2.12000000;1125;PRC_DECOMP_EXCHANGE;;;;XEUR;7491310;443196;EXCHANGE
10.12.2024;16:46:25.395;DAI.O.241210.STG.000047;STANDARD_OPTION_STRATEGY;BLOCK;EUR;41;1.67000000;1250;EXCHANGE_LAST;;1;1;XEUR;73961106363662226;443196;
10.12.2024;16:46:25.395;DAI SI 20250117 PS AM P 54.00 0;SIMPLE_INSTRUMENT;BLOCK;EUR;41;0.83000000;1250;PRC_DECOMP_EXCHANGE;;;;XEUR;12107415;443196;EXCHANGE
10.12.2024;16:46:25.395;DAI SI 20250117 PS AM C 58.00 0;SIMPLE_INSTRUMENT;BLOCK;EUR;41;0.84000000;1250;PRC_DECOMP_EXCHANGE;;;;XEUR;12107393;443196;EXCHANGE
10.12.2024;10:41:23.797;DBK SI 20251219 PS AM P 9.00 0;SIMPLE_INSTRUMENT;BLOCK;EUR;7;0.21000000;2500;EXCHANGE_LAST;;1;1;XEUR;9027636;362;
10.12.2024;12:18:18.474;DBK SI 20241220 PS AM C 16.60 0;SIMPLE_INSTRUMENT;BLOCK;EUR;9;0.51000000;3000;EXCHANGE_LAST;;1;1;XEUR;11877196;362;
10.12.2024;15:14:01.542;DBK SI 20241220 PS AM P 17.00 0;SIMPLE_INSTRUMENT;BLOCK;EUR;13;0.30000000;3000;EXCHANGE_LAST;;1;1;XEUR;10401608;362;
10.12.2024;11:56:44.069;DPWF SI 20241220 CS;SIMPLE_INSTRUMENT;BLOCK;EUR;28;35.89810000;10000;EXCHANGE_LAST;;1;1;XEUR;7034453;444;
10.12.2024;09:25:53.802;DTE.O.241210.STD.000002;STANDARD_OPTION_STRATEGY;BLOCK;EUR;1;2.00000000;5000;EXCHANGE_LAST;;1;1;XEUR;72059415104106084;424;
10.12.2024;09:25:53.802;DTE SI 20250321 PS AM P 30.00 0;SIMPLE_INSTRUMENT;BLOCK;EUR;1;0.93000000;5000;PRC_DECOMP_MEMBER;;;;XEUR;10836583;424;MEMBER
10.12.2024;09:25:53.802;DTE SI 20250321 PS AM C 30.00 0;SIMPLE_INSTRUMENT;BLOCK;EUR;1;1.07000000;5000;PRC_DECOMP_MEMBER;;;;XEUR;10836585;424;MEMBER
10.12.2024;11:56:39.852;DTE SI 20251219 PS AM P 24.00 0;SIMPLE_INSTRUMENT;BLOCK;EUR;7;0.38000000;5000;EXCHANGE_LAST;;2;1;XEUR;5927134;424;
10.12.2024;15:51:35.517;DUFN SI 20251219 PS AM P 28.00 0;SIMPLE_INSTRUMENT;BLOCK;CHF;54;1.20000000;200;EXCHANGE_LAST;;1;1;XEUR;10402262;418;
10.12.2024;16:12:57.464;DUFN SI 20250919 PS AM C 30.00 0;SIMPLE_INSTRUMENT;BLOCK;CHF;57;7.06000000;503;EXCHANGE_LAST;;1;1;XEUR;11877991;418;
10.12.2024;16:13:04.987;DUFN SI 20250919 PS AM P 38.00 0;SIMPLE_INSTRUMENT;BLOCK;CHF;58;4.66000000;754;EXCHANGE_LAST;;1;1;XEUR;11878048;418;
10.12.2024;13:35:30.077;EAD SI 20241220 PS AM C 150.00 0;SIMPLE_INSTRUMENT;BLOCK;EUR;21;7.40000000;500;EXCHANGE_LAST;;1;1;XEUR;11013838;465;
10.12.2024;13:36:02.069;EAD SI 20250221 PS AM C 165.00 0;SIMPLE_INSTRUMENT;BLOCK;EUR;22;3.90000000;500;EXCHANGE_LAST;;1;1;XEUR;12244217;465;
10.12.2024;13:36:41.126;EAD SI 20250221 PS AM C 180.00 0;SIMPLE_INSTRUMENT;BLOCK;EUR;23;0.75000000;500;EXCHANGE_LAST;;1;1;XEUR;12244190;465;
10.12.2024;16:11:45.384;ELVH SI 20250321 CS;SIMPLE_INSTRUMENT;BLOCK;EUR;90;45.35320000;50;EXCHANGE_LAST;;1;1;XEUR;10720458;47535;
10.12.2024;11:10:34.661;ENT5 SI 20250619 PS AM P 11.00 0;SIMPLE_INSTRUMENT;BLOCK;EUR;4;0.13500000;600;EXCHANGE_LAST;;1;1;XEUR;11337811;497;
10.12.2024;16:05:25.789;EOA.O.241210.PDIA.000004;STANDARD_OPTION_STRATEGY;BLOCK;EUR;31;0.15000000;5000;EXCHANGE_LAST;;1;1;XEUR;72268326608330416;49065;
10.12.2024;16:05:25.789;EOA SI 20241220 PS AM P 11.40 0;SIMPLE_INSTRUMENT;BLOCK;EUR;31;0.02000000;5000;PRC_DECOMP_EXCHANGE;;;;XEUR;10241565;49065;EXCHANGE
10.12.2024;16:05:25.789;EOA SI 20250321 PS AM P 11.00 0;SIMPLE_INSTRUMENT;BLOCK;EUR;31;0.17000000;5000;PRC_DECOMP_EXCHANGE;;;;XEUR;10867708;49065;EXCHANGE
10.12.2024;13:22:08.908;F3IA SI 20251219 CS;SIMPLE_INSTRUMENT;BLOCK;EUR;49;0.48000000;2000;EXCHANGE_LAST;;1;1;XEUR;6633988;390387;
10.12.2024;14:48:24.492;F3IA SI 20261218 CS;SIMPLE_INSTRUMENT;BLOCK;EUR;72;0.52000000;2750;EXCHANGE_LAST;;2;1;XEUR;6830373;390387;
10.12.2024;16:50:52.342;F3IA SI 20251219 CS;SIMPLE_INSTRUMENT;BLOCK;EUR;95;0.47000000;2000;EXCHANGE_LAST;;1;2;XEUR;6633988;390387;
10.12.2024;17:08:39.849;F3IA SI 20291221 CS;SIMPLE_INSTRUMENT;BLOCK;EUR;105;0.46000000;2400;EXCHANGE_LAST;;2;3;XEUR;11458564;390387;
10.12.2024;12:43:04.930;F3TE SI 20251219 CS;SIMPLE_INSTRUMENT;BLOCK;EUR;39;0.72700000;375;EXCHANGE_LAST;;1;1;XEUR;6633903;390379;
10.12.2024;12:43:14.958;F3TE SI 20251219 CS;SIMPLE_INSTRUMENT;BLOCK;EUR;41;0.72800000;375;EXCHANGE_LAST;;1;1;XEUR;6633903;390379;
10.12.2024;13:20:55.680;F3TE SI 20251219 CS;SIMPLE_INSTRUMENT;BLOCK;EUR;47;0.72700000;350;EXCHANGE_LAST;;1;1;XEUR;6633903;390379;
10.12.2024;13:20:45.088;F3TE SI 20251219 CS;SIMPLE_INSTRUMENT;BLOCK;EUR;48;0.72800000;350;EXCHANGE_LAST;;1;1;XEUR;6633903;390379;
10.12.2024;15:42:07.369;F3TE SI 20271217 CS;SIMPLE_INSTRUMENT;BLOCK;EUR;81;0.63000000;400;EXCHANGE_LAST;;1;1;XEUR;6633916;390379;
10.12.2024;15:44:55.392;F3TE SI 20271217 CS;SIMPLE_INSTRUMENT;BLOCK;EUR;82;0.63000000;500;EXCHANGE_LAST;;1;1;XEUR;6633916;390379;
10.12.2024;15:44:42.690;F3TE SI 20271217 CS;SIMPLE_INSTRUMENT;BLOCK;EUR;83;0.63000000;250;EXCHANGE_LAST;;1;1;XEUR;6633916;390379;
10.12.2024;10:03:45.069;FBTP SI 20250306 PS;SIMPLE_INSTRUMENT;EFP_FIN;EUR;1;122.96000000;545;EXCHANGE_LAST;;1;1;XEUR;11286675;636;
10.12.2024;10:20:59.618;FBTP SI 20250306 PS;SIMPLE_INSTRUMENT;EFP_FIN;EUR;2;122.90000000;513;EXCHANGE_LAST;;1;1;XEUR;11286675;636;
10.12.2024;10:24:10.556;FBTP SI 20250306 PS;SIMPLE_INSTRUMENT;EFP_FIN;EUR;3;122.95000000;131;EXCHANGE_LAST;;1;1;XEUR;11286675;636;
10.12.2024;10:35:40.607;FBTP SI 20250306 PS;SIMPLE_INSTRUMENT;EFP_FIN;EUR;4;122.91000000;140;EXCHANGE_LAST;;1;1;XEUR;11286675;636;
10.12.2024;10:37:46.797;FBTP SI 20250306 PS;SIMPLE_INSTRUMENT;BLOCK;EUR;5;123.00000000;1941;EXCHANGE_LAST;;1;1;XEUR;11286675;636;
10.12.2024;10:40:17.240;FBTP SI 20250306 PS;SIMPLE_INSTRUMENT;BLOCK;EUR;6;122.98000000;530;EXCHANGE_LAST;;1;1;XEUR;11286675;636;
10.12.2024;10:40:52.178;FBTP SI 20250306 PS;SIMPLE_INSTRUMENT;EFP_FIN;EUR;7;122.91000000;134;EXCHANGE_LAST;;1;1;XEUR;11286675;636;
10.12.2024;10:44:36.072;FBTP SI 20250306 PS;SIMPLE_INSTRUMENT;EFP_FIN;EUR;8;122.85000000;424;EXCHANGE_LAST;;1;1;XEUR;11286675;636;
10.12.2024;10:49:13.954;FBTP SI 20250306 PS;SIMPLE_INSTRUMENT;EFP_FIN;EUR;9;122.91000000;358;EXCHANGE_LAST;;1;1;XEUR;11286675;636;
10.12.2024;10:57:56.772;FBTP SI 20250306 PS;SIMPLE_INSTRUMENT;EFP_FIN;EUR;10;122.90000000;228;EXCHANGE_LAST;;1;1;XEUR;11286675;636;
10.12.2024;11:14:33.172;FBTP SI 20250306 PS;SIMPLE_INSTRUMENT;EFP_FIN;EUR;11;123.00000000;445;EXCHANGE_LAST;;1;1;XEUR;11286675;636;
10.12.2024;11:48:04.611;FBTP SI 20250306 PS;SIMPLE_INSTRUMENT;BLOCK;EUR;12;122.98000000;275;EXCHANGE_LAST;;1;1;XEUR;11286675;636;
10.12.2024;12:12:40.056;FBTP SI 20250306 PS;SIMPLE_INSTRUMENT;EFP_FIN;EUR;13;122.89000000;447;EXCHANGE_LAST;;1;1;XEUR;11286675;636;
10.12.2024;12:15:47.418;FBTP SI 20250306 PS;SIMPLE_INSTRUMENT;EFP_FIN;EUR;14;122.86000000;95;EXCHANGE_LAST;;1;1;XEUR;11286675;636;
10.12.2024;12:29:55.825;FBTP SI 20250306 PS;SIMPLE_INSTRUMENT;EFP_FIN;EUR;15;123.04000000;134;EXCHANGE_LAST;;1;1;XEUR;11286675;636;
10.12.2024;12:45:05.124;FBTP SI 20250306 PS;SIMPLE_INSTRUMENT;EFP_FIN;EUR;16;123.06000000;239;EXCHANGE_LAST;;1;1;XEUR;11286675;636;
10.12.2024;12:48:37.444;FBTP SI 20250306 PS;SIMPLE_INSTRUMENT;EFP_FIN;EUR;17;123.05000000;743;EXCHANGE_LAST;;1;1;XEUR;11286675;636;
10.12.2024;13:05:56.728;FBTP SI 20250306 PS;SIMPLE_INSTRUMENT;EFP_FIN;EUR;18;123.01000000;288;EXCHANGE_LAST;;1;1;XEUR;11286675;636;
10.12.2024;13:15:40.863;FBTP SI 20250306 PS;SIMPLE_INSTRUMENT;EFP_FIN;EUR;19;122.95000000;138;EXCHANGE_LAST;;1;1;XEUR;11286675;636;
10.12.2024;13:35:32.295;FBTP SI 20250306 PS;SIMPLE_INSTRUMENT;EFP_FIN;EUR;20;123.07000000;157;EXCHANGE_LAST;;1;1;XEUR;11286675;636;
10.12.2024;14:28:59.653;FBTP SI 20250306 PS;SIMPLE_INSTRUMENT;EFP_FIN;EUR;21;122.86000000;269;EXCHANGE_LAST;;1;1;XEUR;11286675;636;
10.12.2024;16:27:14.207;FBTP SI 20250306 PS;SIMPLE_INSTRUMENT;EFP_FIN;EUR;22;122.83000000;117;EXCHANGE_LAST;;1;1;XEUR;11286675;636;
10.12.2024;16:30:28.669;FBTP SI 20250306 PS;SIMPLE_INSTRUMENT;EFP_FIN;EUR;23;122.85000000;171;EXCHANGE_LAST;;1;1;XEUR;11286675;636;
10.12.2024;16:37:08.680;FBTP SI 20250306 PS;SIMPLE_INSTRUMENT;EFP_FIN;EUR;24;122.92000000;521;EXCHANGE_LAST;;1;1;XEUR;11286675;636;
10.12.2024;08:30:11.538;FBTS SI 20250306 PS;SIMPLE_INSTRUMENT;EFP_FIN;EUR;1;107.80000000;284;EXCHANGE_LAST;;1;1;XEUR;11286677;639;
10.12.2024;09:00:55.199;FBTS SI 20250306 PS;SIMPLE_INSTRUMENT;EFP_FIN;EUR;6;107.84000000;454;EXCHANGE_LAST;;1;1;XEUR;11286677;639;
10.12.2024;09:07:23.138;FBTS SI 20250306 PS;SIMPLE_INSTRUMENT;BLOCK;EUR;8;107.84000000;454;EXCHANGE_LAST;;1;1;XEUR;11286677;639;
10.12.2024;09:30:52.675;FBTS SI 20250306 PS;SIMPLE_INSTRUMENT;EFP_FIN;EUR;11;107.88000000;352;EXCHANGE_LAST;;1;1;XEUR;11286677;639;
10.12.2024;10:21:51.963;FBTS SI 20250306 PS;SIMPLE_INSTRUMENT;EFP_FIN;EUR;19;107.88000000;489;EXCHANGE_LAST;;1;1;XEUR;11286677;639;
10.12.2024;10:52:04.123;FBTS SI 20250306 PS;SIMPLE_INSTRUMENT;EFP_FIN;EUR;21;107.85000000;4631;EXCHANGE_LAST;;1;1;XEUR;11286677;639;
10.12.2024;10:59:48.428;FBTS SI 20250306 PS;SIMPLE_INSTRUMENT;EFP_FIN;EUR;22;107.90000000;454;EXCHANGE_LAST;;1;1;XEUR;11286677;639;
10.12.2024;11:41:55.761;FBTS SI 20250306 PS;SIMPLE_INSTRUMENT;EFP_FIN;EUR;25;107.88000000;188;EXCHANGE_LAST;;1;1;XEUR;11286677;639;
10.12.2024;12:41:47.310;FBTS SI 20250306 PS;SIMPLE_INSTRUMENT;BLOCK;EUR;26;107.90000000;882;EXCHANGE_LAST;;1;1;XEUR;11286677;639;
10.12.2024;13:38:36.135;FBTS SI 20250306 PS;SIMPLE_INSTRUMENT;BLOCK;EUR;29;107.88000000;220;EXCHANGE_LAST;;1;1;XEUR;11286677;639;
10.12.2024;14:07:51.934;FBTS SI 20250306 PS;SIMPLE_INSTRUMENT;BLOCK;EUR;30;107.91000000;4193;EXCHANGE_LAST;;1;1;XEUR;11286677;639;
10.12.2024;14:44:01.915;FBTS SI 20250306 PS;SIMPLE_INSTRUMENT;EFP_FIN;EUR;34;107.87000000;2104;EXCHANGE_LAST;;1;1;XEUR;11286677;639;
10.12.2024;15:11:28.138;FBTS SI 20250306 PS;SIMPLE_INSTRUMENT;EFP_FIN;EUR;36;107.89000000;399;EXCHANGE_LAST;;1;1;XEUR;11286677;639;
10.12.2024;15:45:50.857;FBTS SI 20250306 PS;SIMPLE_INSTRUMENT;EFP_FIN;EUR;38;107.86000000;881;EXCHANGE_LAST;;1;1;XEUR;11286677;639;
10.12.2024;16:17:57.792;FBTS SI 20250306 PS;SIMPLE_INSTRUMENT;BLOCK;EUR;40;107.87000000;660;EXCHANGE_LAST;;1;1;XEUR;11286677;639;
10.12.2024;16:24:49.513;FBTS SI 20250306 PS;SIMPLE_INSTRUMENT;BLOCK;EUR;43;107.88000000;220;EXCHANGE_LAST;;1;1;XEUR;11286677;639;
10.12.2024;16:45:45.408;FBTS SI 20250306 PS;SIMPLE_INSTRUMENT;EFP_FIN;EUR;45;107.89000000;227;EXCHANGE_LAST;;1;1;XEUR;11286677;639;
10.12.2024;13:19:33.787;FCDK.S.DEC24.MAR25.SPD;FUTURES_SPREAD;BLOCK;DKK;6;0.00744000;176;EXCHANGE_LAST;;1;1;XEUR;73788109375930707;402917;
10.12.2024;13:19:33.787;FCDK SI 20241216 PS;SIMPLE_INSTRUMENT;BLOCK;DKK;6;7.45717000;176;PRC_DECOMP_EXCHANGE;;;;XEUR;7140412;402917;EXCHANGE
10.12.2024;13:19:33.787;FCDK SI 20250317 PS;SIMPLE_INSTRUMENT;BLOCK;DKK;6;7.44973000;176;PRC_DECOMP_EXCHANGE;;;;XEUR;9136396;402917;EXCHANGE
10.12.2024;13:15:30.618;FCEU.S.DEC24.DEC25.SPD;FUTURES_SPREAD;BLOCK;USD;5;-0.02110000;13500;EXCHANGE_LAST;;1;1;XEUR;73644051877855666;369376;
10.12.2024;13:15:30.618;FCEU SI 20251215 PS;SIMPLE_INSTRUMENT;BLOCK;USD;5;1.07390000;13500;PRC_DECOMP_MEMBER;;;;XEUR;8839526;369376;MEMBER
10.12.2024;13:15:30.618;FCEU SI 20241216 PS;SIMPLE_INSTRUMENT;BLOCK;USD;5;1.05280000;13500;PRC_DECOMP_MEMBER;;;;XEUR;7140363;369376;MEMBER
10.12.2024;10:15:05.170;FCNS SI 20241216 PS;SIMPLE_INSTRUMENT;BLOCK;SEK;1;0.98100000;1071;EXCHANGE_LAST;;1;1;XEUR;7140409;402911;
10.12.2024;10:16:54.326;FCNS SI 20250317 PS;SIMPLE_INSTRUMENT;BLOCK;SEK;2;0.97600000;1071;EXCHANGE_LAST;;1;1;XEUR;9136391;402911;
10.12.2024;10:29:13.516;FCSK SI 20241216 PS;SIMPLE_INSTRUMENT;BLOCK;SEK;3;11.52500000;308;EXCHANGE_LAST;;1;1;XEUR;7140410;402915;
10.12.2024;10:30:48.961;FCSK SI 20250317 PS;SIMPLE_INSTRUMENT;BLOCK;SEK;4;11.51350000;308;EXCHANGE_LAST;;1;1;XEUR;9136393;402915;
10.12.2024;13:28:10.346;FCUF.S.DEC24.DEC25.SPD;FUTURES_SPREAD;BLOCK;CHF;7;0.03430000;850;EXCHANGE_LAST;;1;1;XEUR;73644069057724848;369380;
10.12.2024;13:28:10.346;FCUF SI 20251215 PS;SIMPLE_INSTRUMENT;BLOCK;CHF;7;0.84620000;850;PRC_DECOMP_MEMBER;;;;XEUR;8839529;369380;MEMBER
10.12.2024;13:28:10.346;FCUF SI 20241216 PS;SIMPLE_INSTRUMENT;BLOCK;CHF;7;0.88050000;850;PRC_DECOMP_MEMBER;;;;XEUR;7140367;369380;MEMBER
10.12.2024;16:46:10.458;FDAX SI 20241220 CS;SIMPLE_INSTRUMENT;EFP_IDX;EUR;1;20356.00000000;55;EXCHANGE_LAST;;1;1;XEUR;7296065;589;
10.12.2024;16:46:17.795;FDAX SI 20241220 CS;SIMPLE_INSTRUMENT;EFP_IDX;EUR;2;20357.00000000;11;EXCHANGE_LAST;;1;1;XEUR;7296065;589;
10.12.2024;16:49:59.892;FDAX SI 20241220 CS;SIMPLE_INSTRUMENT;EFP_IDX;EUR;3;20357.00000000;47;EXCHANGE_LAST;;1;1;XEUR;7296065;589;
10.12.2024;16:49:49.810;FDAX SI 20241220 CS;SIMPLE_INSTRUMENT;EFP_IDX;EUR;4;20356.00000000;68;EXCHANGE_LAST;;1;1;XEUR;7296065;589;
10.12.2024;11:12:32.902;FEDV.S.DEC24.MAR25.SPD;FUTURES_SPREAD;BLOCK;EUR;19;-12.00000000;3500;EXCHANGE_LAST;;1;1;XEUR;72060153838436444;596;
10.12.2024;11:12:32.902;FEDV SI 20241220 CS;SIMPLE_INSTRUMENT;BLOCK;EUR;19;1645.00000000;3500;PRC_DECOMP_MEMBER;;;;XEUR;10838883;596;MEMBER
10.12.2024;11:12:32.902;FEDV SI 20250321 CS;SIMPLE_INSTRUMENT;BLOCK;EUR;19;1657.00000000;3500;PRC_DECOMP_MEMBER;;;;XEUR;11359068;596;MEMBER
10.12.2024;11:12:49.464;FEDV.S.DEC24.MAR25.SPD;FUTURES_SPREAD;BLOCK;EUR;20;-12.50000000;3500;EXCHANGE_LAST;;1;1;XEUR;72060153838436444;596;
10.12.2024;11:12:49.464;FEDV SI 20241220 CS;SIMPLE_INSTRUMENT;BLOCK;EUR;20;1645.00000000;3500;PRC_DECOMP_MEMBER;;;;XEUR;10838883;596;MEMBER
10.12.2024;11:12:49.464;FEDV SI 20250321 CS;SIMPLE_INSTRUMENT;BLOCK;EUR;20;1657.50000000;3500;PRC_DECOMP_MEMBER;;;;XEUR;11359068;596;MEMBER
10.12.2024;16:09:38.630;FES1 SI 20241220 PS;SIMPLE_INSTRUMENT;BLOCK;EUR;39;7.00000000;700;EXCHANGE_LAST;;1;1;XEUR;10869579;58959;
10.12.2024;11:21:59.213;FESB SI 20241220 CS;SIMPLE_INSTRUMENT;BLOCK;EUR;93;146.60000000;1800;EXCHANGE_LAST;;1;1;XEUR;10838895;605;
10.12.2024;16:43:15.986;FESB SI 20241220 CS;SIMPLE_INSTRUMENT;BLOCK;EUR;126;146.55000000;2461;EXCHANGE_LAST;;1;1;XEUR;10838895;605;
10.12.2024;16:43:33.984;FESB SI 20241220 CS;SIMPLE_INSTRUMENT;BLOCK;EUR;127;147.20000000;2045;EXCHANGE_LAST;;1;1;XEUR;10838895;605;
10.12.2024;10:45:27.440;FESB SI 20250321 CS;SIMPLE_INSTRUMENT;VOLA;EUR;603979781;147.10000000;4200;EXCHANGE_LAST;;1;1;XEUR;11359072;605;
10.12.2024;15:55:43.508;FESB SI 20241220 CS;SIMPLE_INSTRUMENT;VOLA;EUR;603979815;147.00000000;1900;EXCHANGE_LAST;;1;1;XEUR;10838895;605;
10.12.2024;16:53:00.202;FESB SI 20241220 CS;SIMPLE_INSTRUMENT;VOLA;EUR;603979837;146.75000000;600;EXCHANGE_LAST;;1;1;XEUR;10838895;605;
10.12.2024;17:02:03.453;FESB SI 20241220 CS;SIMPLE_INSTRUMENT;VOLA;EUR;603979843;146.75000000;600;EXCHANGE_LAST;;1;1;XEUR;10838895;605;
10.12.2024;16:48:22.966;FESL SI 20241220 CS;SIMPLE_INSTRUMENT;EFP_IDX;EUR;4;149.70000000;100;EXCHANGE_LAST;;1;1;XEUR;10839396;680;
10.12.2024;16:49:14.627;FESL SI 20241220 CS;SIMPLE_INSTRUMENT;EFP_IDX;EUR;5;149.60000000;1900;EXCHANGE_LAST;;1;1;XEUR;10839396;680;
10.12.2024;12:20:17.515;FESX SI 20241220 CS;SIMPLE_INSTRUMENT;BLOCK;EUR;1;4982.00000000;3000;EXCHANGE_LAST;;1;1;XEUR;7793479;675;
10.12.2024;13:53:33.408;FESX SI 20241220 CS;SIMPLE_INSTRUMENT;EFP_IDX;EUR;3;4980.00000000;1500;EXCHANGE_LAST;;1;1;XEUR;7793479;675;
10.12.2024;13:53:48.260;FESX SI 20241220 CS;SIMPLE_INSTRUMENT;BLOCK;EUR;4;4980.00000000;2000;EXCHANGE_LAST;;1;1;XEUR;7793479;675;
10.12.2024;14:18:26.129;FESX SI 20241220 CS;SIMPLE_INSTRUMENT;EFP_IDX;EUR;5;4980.00000000;1000;EXCHANGE_LAST;;1;1;XEUR;7793479;675;
10.12.2024;14:11:28.408;FESX SI 20241220 CS;SIMPLE_INSTRUMENT;BLOCK;EUR;6;4984.00000000;3000;EXCHANGE_LAST;;1;1;XEUR;7793479;675;
10.12.2024;14:32:01.000;FESX SI 20241220 CS;SIMPLE_INSTRUMENT;BLOCK;EUR;7;4984.00000000;2000;EXCHANGE_LAST;;1;1;XEUR;7793479;675;
10.12.2024;14:43:31.049;FESX SI 20241220 CS;SIMPLE_INSTRUMENT;EFP_IDX;EUR;8;4985.00000000;1000;EXCHANGE_LAST;;1;1;XEUR;7793479;675;
10.12.2024;15:00:19.675;FESX SI 20241220 CS;SIMPLE_INSTRUMENT;BLOCK;EUR;9;4984.00000000;4200;EXCHANGE_LAST;;1;1;XEUR;7793479;675;
10.12.2024;15:03:56.682;FESX SI 20241220 CS;SIMPLE_INSTRUMENT;EFP_IDX;EUR;10;4983.00000000;680;EXCHANGE_LAST;;1;1;XEUR;7793479;675;
10.12.2024;15:04:10.537;FESX SI 20241220 CS;SIMPLE_INSTRUMENT;EFP_IDX;EUR;11;4982.00000000;1320;EXCHANGE_LAST;;1;1;XEUR;7793479;675;
10.12.2024;15:24:13.787;FESX.S.DEC24.MAR25.SPD;FUTURES_SPREAD;BLOCK;EUR;14;-27.38000000;2500;EXCHANGE_LAST;;1;1;XEUR;72060493140861185;675;
10.12.2024;15:24:13.787;FESX SI 20250321 CS;SIMPLE_INSTRUMENT;BLOCK;EUR;14;5002.38000000;2500;PRC_DECOMP_MEMBER;;;;XEUR;7793482;675;MEMBER
10.12.2024;15:24:13.787;FESX SI 20241220 CS;SIMPLE_INSTRUMENT;BLOCK;EUR;14;4975.00000000;2500;PRC_DECOMP_MEMBER;;;;XEUR;7793479;675;MEMBER
10.12.2024;15:23:37.167;FESX.S.DEC24.MAR25.SPD;FUTURES_SPREAD;BLOCK;EUR;15;-27.37000000;2500;EXCHANGE_LAST;;1;1;XEUR;72060493140861185;675;
10.12.2024;15:23:37.167;FESX SI 20250321 CS;SIMPLE_INSTRUMENT;BLOCK;EUR;15;5002.37000000;2500;PRC_DECOMP_MEMBER;;;;XEUR;7793482;675;MEMBER
10.12.2024;15:23:37.167;FESX SI 20241220 CS;SIMPLE_INSTRUMENT;BLOCK;EUR;15;4975.00000000;2500;PRC_DECOMP_MEMBER;;;;XEUR;7793479;675;MEMBER
10.12.2024;16:31:42.819;FESX SI 20241220 CS;SIMPLE_INSTRUMENT;BLOCK;EUR;16;4960.00000000;2000;EXCHANGE_LAST;;1;1;XEUR;7793479;675;
10.12.2024;16:36:53.131;FESX SI 20241220 CS;SIMPLE_INSTRUMENT;EFP_IDX;EUR;17;4960.00000000;1000;EXCHANGE_LAST;;1;1;XEUR;7793479;675;
10.12.2024;16:43:43.321;FESX SI 20241220 CS;SIMPLE_INSTRUMENT;EFP_IDX;EUR;18;4959.00000000;4599;EXCHANGE_LAST;;1;1;XEUR;7793479;675;
10.12.2024;16:43:50.321;FESX SI 20241220 CS;SIMPLE_INSTRUMENT;EFP_IDX;EUR;19;4958.00000000;4787;EXCHANGE_LAST;;1;1;XEUR;7793479;675;
10.12.2024;16:47:37.593;FESX SI 20241220 CS;SIMPLE_INSTRUMENT;EFP_IDX;EUR;20;4959.00000000;1144;EXCHANGE_LAST;;1;1;XEUR;7793479;675;
10.12.2024;16:47:09.861;FESX SI 20241220 CS;SIMPLE_INSTRUMENT;EFP_IDX;EUR;21;4958.00000000;716;EXCHANGE_LAST;;1;1;XEUR;7793479;675;
10.12.2024;16:47:49.122;FESX SI 20241220 CS;SIMPLE_INSTRUMENT;EFP_IDX;EUR;22;4959.00000000;861;EXCHANGE_LAST;;1;1;XEUR;7793479;675;
10.12.2024;16:47:24.113;FESX SI 20241220 CS;SIMPLE_INSTRUMENT;EFP_IDX;EUR;23;4958.00000000;539;EXCHANGE_LAST;;1;1;XEUR;7793479;675;
10.12.2024;16:51:36.483;FESX SI 20241220 CS;SIMPLE_INSTRUMENT;EFP_IDX;EUR;24;4958.00000000;297;EXCHANGE_LAST;;1;1;XEUR;7793479;675;
10.12.2024;16:51:47.373;FESX SI 20241220 CS;SIMPLE_INSTRUMENT;EFP_IDX;EUR;25;4959.00000000;170;EXCHANGE_LAST;;1;1;XEUR;7793479;675;
10.12.2024;16:51:53.905;FESX SI 20241220 CS;SIMPLE_INSTRUMENT;EFP_IDX;EUR;26;4958.00000000;71;EXCHANGE_LAST;;1;1;XEUR;7793479;675;
10.12.2024;16:52:16.852;FESX SI 20241220 CS;SIMPLE_INSTRUMENT;EFP_IDX;EUR;27;4959.00000000;36;EXCHANGE_LAST;;1;1;XEUR;7793479;675;
10.12.2024;09:22:41.639;FESX SI 20241220 CS;SIMPLE_INSTRUMENT;VOLA;EUR;637534235;4970.00000000;25;EXCHANGE_LAST;;1;1;XEUR;7793479;675;
10.12.2024;09:27:51.211;FESX SI 20241220 CS;SIMPLE_INSTRUMENT;VOLA;EUR;637534237;4970.00000000;25;EXCHANGE_LAST;;1;1;XEUR;7793479;675;
10.12.2024;10:42:16.702;FESX SI 20241220 CS;SIMPLE_INSTRUMENT;VOLA;EUR;637534264;4970.00000000;5;EXCHANGE_LAST;;1;1;XEUR;7793479;675;
10.12.2024;10:42:22.938;FESX SI 20241220 CS;SIMPLE_INSTRUMENT;VOLA;EUR;637534266;4970.00000000;5;EXCHANGE_LAST;;1;1;XEUR;7793479;675;
10.12.2024;11:21:08.312;FESX SI 20241220 CS;SIMPLE_INSTRUMENT;VOLA;EUR;637534285;4980.00000000;460;EXCHANGE_LAST;;1;1;XEUR;7793479;675;
10.12.2024;12:01:27.022;FESX SI 20241220 CS;SIMPLE_INSTRUMENT;VOLA;EUR;637534296;4979.00000000;960;EXCHANGE_LAST;;1;1;XEUR;7793479;675;
10.12.2024;12:22:16.978;FESX SI 20241220 CS;SIMPLE_INSTRUMENT;VOLA;EUR;637534304;4981.00000000;577;EXCHANGE_LAST;;1;1;XEUR;7793479;675;
10.12.2024;12:24:20.936;FESX SI 20241220 CS;SIMPLE_INSTRUMENT;VOLA;EUR;637534307;4983.00000000;329;EXCHANGE_LAST;;1;1;XEUR;7793479;675;
10.12.2024;13:31:54.420;FESX SI 20241220 CS;SIMPLE_INSTRUMENT;VOLA;EUR;637534328;4986.00000000;196;EXCHANGE_LAST;;1;1;XEUR;7793479;675;
10.12.2024;14:54:05.734;FESX SI 20241220 CS;SIMPLE_INSTRUMENT;VOLA;EUR;637534352;4986.00000000;48;EXCHANGE_LAST;;1;1;XEUR;7793479;675;
10.12.2024;15:04:13.541;FESX SI 20241220 CS;SIMPLE_INSTRUMENT;VOLA;EUR;637534358;4977.00000000;460;EXCHANGE_LAST;;1;1;XEUR;7793479;675;
10.12.2024;15:04:04.540;FESX SI 20241220 CS;SIMPLE_INSTRUMENT;VOLA;EUR;637534359;4977.00000000;460;EXCHANGE_LAST;;1;1;XEUR;7793479;675;
10.12.2024;15:17:07.507;FESX SI 20241220 CS;SIMPLE_INSTRUMENT;VOLA;EUR;637534364;4984.00000000;1500;EXCHANGE_LAST;;1;1;XEUR;7793479;675;
10.12.2024;15:17:17.347;FESX SI 20241220 CS;SIMPLE_INSTRUMENT;VOLA;EUR;637534365;4984.00000000;460;EXCHANGE_LAST;;1;1;XEUR;7793479;675;
10.12.2024;09:38:06.584;FEXD.S.DEC26.DEC27.SPD;FUTURES_SPREAD;BLOCK;EUR;7;5.60000000;375;EXCHANGE_LAST;;1;1;XEUR;72060570450264153;693;
10.12.2024;09:38:06.584;FEXD SI 20271217 CS;SIMPLE_INSTRUMENT;BLOCK;EUR;7;147.00000000;375;PRC_DECOMP_EXCHANGE;;;;XEUR;2848338;693;EXCHANGE
10.12.2024;09:38:06.584;FEXD SI 20261218 CS;SIMPLE_INSTRUMENT;BLOCK;EUR;7;152.60000000;375;PRC_DECOMP_EXCHANGE;;;;XEUR;2163053;693;EXCHANGE
10.12.2024;10:43:29.054;FEXD SI 20251219 CS;SIMPLE_INSTRUMENT;BLOCK;EUR;17;158.60000000;555;EXCHANGE_LAST;;1;1;XEUR;1548120;693;
10.12.2024;11:37:14.547;FEXD.S.DEC26.DEC28.SPD;FUTURES_SPREAD;BLOCK;EUR;21;10.30000000;200;EXCHANGE_LAST;;1;1;XEUR;72060570450264161;693;
10.12.2024;11:37:14.547;FEXD SI 20281215 CS;SIMPLE_INSTRUMENT;BLOCK;EUR;21;142.40000000;200;PRC_DECOMP_MEMBER;;;;XEUR;3680985;693;MEMBER
10.12.2024;11:37:14.547;FEXD SI 20261218 CS;SIMPLE_INSTRUMENT;BLOCK;EUR;21;152.70000000;200;PRC_DECOMP_MEMBER;;;;XEUR;2163053;693;MEMBER
10.12.2024;11:30:44.568;FEXD SI 20271217 CS;SIMPLE_INSTRUMENT;BLOCK;EUR;23;147.10000000;1500;EXCHANGE_LAST;;1;1;XEUR;2848338;693;
10.12.2024;14:20:44.494;FEXD.S.DEC26.DEC28.SPD;FUTURES_SPREAD;BLOCK;EUR;33;10.40000000;1000;EXCHANGE_LAST;;2;2;XEUR;72060570450264161;693;
10.12.2024;14:20:44.494;FEXD SI 20261218 CS;SIMPLE_INSTRUMENT;BLOCK;EUR;33;152.90000000;1000;PRC_DECOMP_MEMBER;;;;XEUR;2163053;693;MEMBER
10.12.2024;14:20:44.494;FEXD SI 20281215 CS;SIMPLE_INSTRUMENT;BLOCK;EUR;33;142.50000000;1000;PRC_DECOMP_MEMBER;;;;XEUR;3680985;693;MEMBER
10.12.2024;16:47:36.610;FEXD SI 20261218 CS;SIMPLE_INSTRUMENT;BLOCK;EUR;40;152.40000000;200;EXCHANGE_LAST;;1;1;XEUR;2163053;693;
10.12.2024;12:07:13.048;FEXD SI 20281215 CS;SIMPLE_INSTRUMENT;VOLA;EUR;318767106;142.20000000;387;EXCHANGE_LAST;;1;1;XEUR;3680985;693;
10.12.2024;12:07:56.683;FEXD SI 20281215 CS;SIMPLE_INSTRUMENT;VOLA;EUR;318767107;142.30000000;388;EXCHANGE_LAST;;1;1;XEUR;3680985;693;
10.12.2024;16:09:39.398;FEXD SI 20251219 CS;SIMPLE_INSTRUMENT;VOLA;EUR;318767122;158.80000000;420;EXCHANGE_LAST;;1;1;XEUR;1548120;693;
10.12.2024;15:07:17.919;FGBC SI 20241220 CS;SIMPLE_INSTRUMENT;BLOCK;GBP;37;141.33000000;100;EXCHANGE_LAST;;1;1;XEUR;10921821;772679;
10.12.2024;07:39:01.092;FGBL SI 20250306 PS;SIMPLE_INSTRUMENT;EFS;EUR;1;136.06000000;96;EXCHANGE_LAST;;1;1;XEUR;11286679;688;
10.12.2024;08:05:15.866;FGBL SI 20250306 PS;SIMPLE_INSTRUMENT;EFS;EUR;2;135.86000000;403;EXCHANGE_LAST;;1;1;XEUR;11286679;688;
10.12.2024;08:09:01.988;FGBL SI 20250306 PS;SIMPLE_INSTRUMENT;EFS;EUR;3;135.82000000;201;EXCHANGE_LAST;;1;1;XEUR;11286679;688;
10.12.2024;08:09:35.606;FGBL SI 20250306 PS;SIMPLE_INSTRUMENT;EFS;EUR;4;135.84000000;201;EXCHANGE_LAST;;1;1;XEUR;11286679;688;
10.12.2024;08:10:36.482;FGBL SI 20250306 PS;SIMPLE_INSTRUMENT;EFS;EUR;5;135.81000000;402;EXCHANGE_LAST;;1;1;XEUR;11286679;688;
10.12.2024;08:17:05.797;FGBL SI 20250306 PS;SIMPLE_INSTRUMENT;EFS;EUR;6;135.80000000;403;EXCHANGE_LAST;;1;1;XEUR;11286679;688;
10.12.2024;08:16:03.680;FGBL SI 20250306 PS;SIMPLE_INSTRUMENT;EFS;EUR;7;135.77000000;403;EXCHANGE_LAST;;1;1;XEUR;11286679;688;
10.12.2024;08:25:18.455;FGBL SI 20250306 PS;SIMPLE_INSTRUMENT;EFS;EUR;8;135.83000000;403;EXCHANGE_LAST;;1;1;XEUR;11286679;688;
10.12.2024;08:29:37.586;FGBL SI 20250306 PS;SIMPLE_INSTRUMENT;EFS;EUR;9;135.81000000;458;EXCHANGE_LAST;;1;1;XEUR;11286679;688;
10.12.2024;08:32:14.531;FGBL SI 20250306 PS;SIMPLE_INSTRUMENT;EFS;EUR;10;135.79000000;229;EXCHANGE_LAST;;1;1;XEUR;11286679;688;
10.12.2024;08:34:43.243;FGBL SI 20250306 PS;SIMPLE_INSTRUMENT;EFS;EUR;11;135.93000000;403;EXCHANGE_LAST;;1;1;XEUR;11286679;688;
10.12.2024;08:38:39.587;FGBL SI 20250306 PS;SIMPLE_INSTRUMENT;EFS;EUR;12;135.95000000;401;EXCHANGE_LAST;;1;1;XEUR;11286679;688;
10.12.2024;08:39:59.319;FGBL SI 20250306 PS;SIMPLE_INSTRUMENT;EFS;EUR;13;135.93000000;403;EXCHANGE_LAST;;1;1;XEUR;11286679;688;
10.12.2024;08:51:50.038;FGBL SI 20250306 PS;SIMPLE_INSTRUMENT;EFS;EUR;14;135.95000000;403;EXCHANGE_LAST;;1;1;XEUR;11286679;688;
10.12.2024;08:55:56.360;FGBL SI 20250306 PS;SIMPLE_INSTRUMENT;EFS;EUR;15;135.94000000;457;EXCHANGE_LAST;;1;1;XEUR;11286679;688;
10.12.2024;08:57:13.607;FGBL SI 20250306 PS;SIMPLE_INSTRUMENT;EFP_FIN;EUR;16;135.95000000;223;EXCHANGE_LAST;;1;1;XEUR;11286679;688;
10.12.2024;09:02:04.623;FGBL SI 20250306 PS;SIMPLE_INSTRUMENT;EFP_FIN;EUR;17;135.91000000;743;EXCHANGE_LAST;;1;1;XEUR;11286679;688;
10.12.2024;09:03:21.818;FGBL SI 20250306 PS;SIMPLE_INSTRUMENT;EFP_FIN;EUR;18;136.00000000;414;EXCHANGE_LAST;;1;1;XEUR;11286679;688;
10.12.2024;09:15:30.061;FGBL SI 20250306 PS;SIMPLE_INSTRUMENT;EFP_FIN;EUR;20;135.98000000;155;EXCHANGE_LAST;;1;1;XEUR;11286679;688;
10.12.2024;09:22:18.749;FGBL SI 20250306 PS;SIMPLE_INSTRUMENT;EFS;EUR;21;136.15000000;684;EXCHANGE_LAST;;1;1;XEUR;11286679;688;
10.12.2024;09:23:24.835;FGBL SI 20250306 PS;SIMPLE_INSTRUMENT;EFS;EUR;22;136.09000000;401;EXCHANGE_LAST;;1;1;XEUR;11286679;688;
10.12.2024;09:23:45.720;FGBL SI 20250306 PS;SIMPLE_INSTRUMENT;EFS;EUR;23;136.09000000;201;EXCHANGE_LAST;;1;1;XEUR;11286679;688;
10.12.2024;09:26:22.961;FGBL SI 20250306 PS;SIMPLE_INSTRUMENT;EFP_FIN;EUR;24;136.06000000;848;EXCHANGE_LAST;;1;1;XEUR;11286679;688;
10.12.2024;09:27:45.948;FGBL SI 20250306 PS;SIMPLE_INSTRUMENT;EFP_FIN;EUR;25;136.12000000;743;EXCHANGE_LAST;;1;1;XEUR;11286679;688;
10.12.2024;09:30:33.247;FGBL SI 20250306 PS;SIMPLE_INSTRUMENT;EFP_FIN;EUR;26;136.10000000;186;EXCHANGE_LAST;;1;1;XEUR;11286679;688;
10.12.2024;09:37:10.330;FGBL SI 20250306 PS;SIMPLE_INSTRUMENT;EFP_FIN;EUR;27;136.10000000;111;EXCHANGE_LAST;;1;1;XEUR;11286679;688;
10.12.2024;09:34:38.114;FGBL SI 20250306 PS;SIMPLE_INSTRUMENT;EFS;EUR;28;135.95000000;893;EXCHANGE_LAST;;1;1;XEUR;11286679;688;
10.12.2024;09:35:55.948;FGBL SI 20250306 PS;SIMPLE_INSTRUMENT;EFS;EUR;29;136.10000000;401;EXCHANGE_LAST;;1;1;XEUR;11286679;688;
10.12.2024;09:45:02.348;FGBL SI 20250306 PS;SIMPLE_INSTRUMENT;EFP_FIN;EUR;30;136.11000000;743;EXCHANGE_LAST;;1;1;XEUR;11286679;688;
10.12.2024;09:50:57.081;FGBL SI 20250306 PS;SIMPLE_INSTRUMENT;EFP_FIN;EUR;32;136.08000000;185;EXCHANGE_LAST;;1;1;XEUR;11286679;688;
10.12.2024;09:58:42.650;FGBL SI 20250306 PS;SIMPLE_INSTRUMENT;EFP_FIN;EUR;33;136.10000000;185;EXCHANGE_LAST;;1;1;XEUR;11286679;688;
10.12.2024;10:03:14.366;FGBL SI 20250306 PS;SIMPLE_INSTRUMENT;EFS;EUR;34;136.01000000;201;EXCHANGE_LAST;;1;1;XEUR;11286679;688;
10.12.2024;10:03:27.252;FGBL SI 20250306 PS;SIMPLE_INSTRUMENT;EFS;EUR;35;136.03000000;201;EXCHANGE_LAST;;1;1;XEUR;11286679;688;
10.12.2024;10:03:35.853;FGBL SI 20250306 PS;SIMPLE_INSTRUMENT;EFS;EUR;36;135.99000000;201;EXCHANGE_LAST;;1;1;XEUR;11286679;688;
10.12.2024;10:04:17.292;FGBL SI 20250306 PS;SIMPLE_INSTRUMENT;EFS;EUR;37;136.03000000;402;EXCHANGE_LAST;;1;1;XEUR;11286679;688;
10.12.2024;10:09:43.481;FGBL SI 20250306 PS;SIMPLE_INSTRUMENT;EFS;EUR;38;136.02000000;201;EXCHANGE_LAST;;1;1;XEUR;11286679;688;
10.12.2024;10:13:11.033;FGBL SI 20250306 PS;SIMPLE_INSTRUMENT;EFP_FIN;EUR;39;136.07000000;111;EXCHANGE_LAST;;1;1;XEUR;11286679;688;
10.12.2024;10:14:56.635;FGBL SI 20250306 PS;SIMPLE_INSTRUMENT;EFP_FIN;EUR;40;136.06000000;148;EXCHANGE_LAST;;1;1;XEUR;11286679;688;
10.12.2024;10:15:50.458;FGBL SI 20250306 PS;SIMPLE_INSTRUMENT;EFS;EUR;41;136.00000000;425;EXCHANGE_LAST;;1;1;XEUR;11286679;688;
10.12.2024;10:17:13.764;FGBL SI 20250306 PS;SIMPLE_INSTRUMENT;EFS;EUR;42;135.97000000;201;EXCHANGE_LAST;;1;1;XEUR;11286679;688;
10.12.2024;10:19:13.834;FGBL SI 20250306 PS;SIMPLE_INSTRUMENT;EFS;EUR;43;135.93000000;402;EXCHANGE_LAST;;1;1;XEUR;11286679;688;
10.12.2024;10:21:58.936;FGBL SI 20250306 PS;SIMPLE_INSTRUMENT;EFS;EUR;44;135.93000000;217;EXCHANGE_LAST;;1;1;XEUR;11286679;688;
10.12.2024;10:25:00.223;FGBL SI 20250306 PS;SIMPLE_INSTRUMENT;EFS;EUR;45;135.97000000;893;EXCHANGE_LAST;;1;1;XEUR;11286679;688;
10.12.2024;10:27:14.873;FGBL SI 20250306 PS;SIMPLE_INSTRUMENT;EFS;EUR;46;135.96000000;457;EXCHANGE_LAST;;1;1;XEUR;11286679;688;
10.12.2024;10:32:01.772;FGBL SI 20250306 PS;SIMPLE_INSTRUMENT;EFS;EUR;47;135.95000000;100;EXCHANGE_LAST;;1;1;XEUR;11286679;688;
10.12.2024;10:35:39.197;FGBL SI 20250306 PS;SIMPLE_INSTRUMENT;EFS;EUR;48;136.01000000;401;EXCHANGE_LAST;;1;1;XEUR;11286679;688;
10.12.2024;10:38:53.019;FGBL SI 20250306 PS;SIMPLE_INSTRUMENT;EFP_FIN;EUR;49;135.90000000;372;EXCHANGE_LAST;;1;1;XEUR;11286679;688;
10.12.2024;10:43:22.153;FGBL SI 20250306 PS;SIMPLE_INSTRUMENT;EFP_FIN;EUR;50;136.01000000;432;EXCHANGE_LAST;;1;1;XEUR;11286679;688;
10.12.2024;10:44:50.820;FGBL SI 20250306 PS;SIMPLE_INSTRUMENT;EFS;EUR;51;135.97000000;402;EXCHANGE_LAST;;1;1;XEUR;11286679;688;
10.12.2024;10:45:00.840;FGBL SI 20250306 PS;SIMPLE_INSTRUMENT;EFS;EUR;52;135.97000000;402;EXCHANGE_LAST;;1;1;XEUR;11286679;688;
10.12.2024;11:01:56.041;FGBL SI 20250306 PS;SIMPLE_INSTRUMENT;EFP_FIN;EUR;53;136.08000000;204;EXCHANGE_LAST;;1;1;XEUR;11286679;688;
10.12.2024;11:03:54.366;FGBL SI 20250306 PS;SIMPLE_INSTRUMENT;EFS;EUR;54;136.01000000;201;EXCHANGE_LAST;;1;1;XEUR;11286679;688;
10.12.2024;11:04:34.623;FGBL SI 20250306 PS;SIMPLE_INSTRUMENT;EFS;EUR;55;136.01000000;201;EXCHANGE_LAST;;1;1;XEUR;11286679;688;
10.12.2024;11:28:48.096;FGBL SI 20250306 PS;SIMPLE_INSTRUMENT;EFS;EUR;56;135.93000000;401;EXCHANGE_LAST;;1;1;XEUR;11286679;688;
10.12.2024;11:29:18.938;FGBL SI 20250306 PS;SIMPLE_INSTRUMENT;EFS;EUR;57;135.93000000;217;EXCHANGE_LAST;;1;1;XEUR;11286679;688;
10.12.2024;11:36:31.825;FGBL SI 20250306 PS;SIMPLE_INSTRUMENT;EFP_FIN;EUR;58;135.95000000;443;EXCHANGE_LAST;;1;1;XEUR;11286679;688;
10.12.2024;11:39:53.867;FGBL SI 20250306 PS;SIMPLE_INSTRUMENT;EFS;EUR;59;135.95000000;457;EXCHANGE_LAST;;1;1;XEUR;11286679;688;
10.12.2024;11:42:07.558;FGBL SI 20250306 PS;SIMPLE_INSTRUMENT;EFP_FIN;EUR;60;135.94000000;547;EXCHANGE_LAST;;1;1;XEUR;11286679;688;
10.12.2024;11:42:42.979;FGBL SI 20250306 PS;SIMPLE_INSTRUMENT;EFS;EUR;61;135.95000000;465;EXCHANGE_LAST;;1;1;XEUR;11286679;688;
10.12.2024;11:45:42.005;FGBL SI 20250306 PS;SIMPLE_INSTRUMENT;EFS;EUR;62;135.97000000;1204;EXCHANGE_LAST;;1;1;XEUR;11286679;688;
10.12.2024;11:48:48.674;FGBL SI 20250306 PS;SIMPLE_INSTRUMENT;EFP_FIN;EUR;63;135.96000000;223;EXCHANGE_LAST;;1;1;XEUR;11286679;688;
10.12.2024;11:48:52.587;FGBL SI 20250306 PS;SIMPLE_INSTRUMENT;EFS;EUR;64;135.95000000;434;EXCHANGE_LAST;;1;1;XEUR;11286679;688;
10.12.2024;11:54:22.629;FGBL SI 20250306 PS;SIMPLE_INSTRUMENT;EFS;EUR;65;135.96000000;403;EXCHANGE_LAST;;1;1;XEUR;11286679;688;
10.12.2024;11:58:58.937;FGBL SI 20250306 PS;SIMPLE_INSTRUMENT;EFS;EUR;66;135.93000000;457;EXCHANGE_LAST;;1;1;XEUR;11286679;688;
10.12.2024;12:05:29.034;FGBL SI 20250306 PS;SIMPLE_INSTRUMENT;EFP_FIN;EUR;67;135.96000000;446;EXCHANGE_LAST;;1;1;XEUR;11286679;688;
10.12.2024;12:06:14.078;FGBL SI 20250306 PS;SIMPLE_INSTRUMENT;EFS;EUR;68;135.90000000;402;EXCHANGE_LAST;;1;1;XEUR;11286679;688;
10.12.2024;12:16:20.482;FGBL SI 20250306 PS;SIMPLE_INSTRUMENT;EFS;EUR;69;135.90000000;403;EXCHANGE_LAST;;1;1;XEUR;11286679;688;
10.12.2024;12:22:22.932;FGBL SI 20250306 PS;SIMPLE_INSTRUMENT;EFP_FIN;EUR;70;135.97000000;743;EXCHANGE_LAST;;1;1;XEUR;11286679;688;
10.12.2024;12:27:52.386;FGBL SI 20250306 PS;SIMPLE_INSTRUMENT;EFS;EUR;71;136.03000000;281;EXCHANGE_LAST;;1;1;XEUR;11286679;688;
10.12.2024;12:32:28.716;FGBL SI 20250306 PS;SIMPLE_INSTRUMENT;EFP_FIN;EUR;72;136.07000000;844;EXCHANGE_LAST;;1;1;XEUR;11286679;688;
10.12.2024;12:42:22.922;FGBL SI 20250306 PS;SIMPLE_INSTRUMENT;EFS;EUR;73;136.04000000;201;EXCHANGE_LAST;;1;1;XEUR;11286679;688;
10.12.2024;12:44:12.429;FGBL SI 20250306 PS;SIMPLE_INSTRUMENT;EFP_FIN;EUR;74;135.90000000;1114;EXCHANGE_LAST;;1;1;XEUR;11286679;688;
10.12.2024;12:47:26.909;FGBL SI 20250306 PS;SIMPLE_INSTRUMENT;EFS;EUR;76;136.06000000;401;EXCHANGE_LAST;;1;1;XEUR;11286679;688;
10.12.2024;13:09:41.416;FGBL SI 20250306 PS;SIMPLE_INSTRUMENT;EFS;EUR;77;136.02000000;457;EXCHANGE_LAST;;1;1;XEUR;11286679;688;
10.12.2024;13:18:27.716;FGBL SI 20250306 PS;SIMPLE_INSTRUMENT;EFS;EUR;78;136.07000000;457;EXCHANGE_LAST;;1;1;XEUR;11286679;688;
10.12.2024;13:20:22.877;FGBL SI 20250306 PS;SIMPLE_INSTRUMENT;EFS;EUR;79;136.14000000;912;EXCHANGE_LAST;;1;1;XEUR;11286679;688;
10.12.2024;13:29:43.002;FGBL SI 20250306 PS;SIMPLE_INSTRUMENT;EFP_FIN;EUR;80;135.90000000;743;EXCHANGE_LAST;;1;1;XEUR;11286679;688;
10.12.2024;13:47:09.007;FGBL SI 20250306 PS;SIMPLE_INSTRUMENT;EFS;EUR;81;136.07000000;362;EXCHANGE_LAST;;1;1;XEUR;11286679;688;
10.12.2024;13:49:34.963;FGBL SI 20250306 PS;SIMPLE_INSTRUMENT;EFP_FIN;EUR;82;136.11000000;893;EXCHANGE_LAST;;1;1;XEUR;11286679;688;
10.12.2024;13:52:32.423;FGBL SI 20250306 PS;SIMPLE_INSTRUMENT;EFS;EUR;83;136.10000000;175;EXCHANGE_LAST;;1;1;XEUR;11286679;688;
10.12.2024;13:56:14.461;FGBL SI 20250306 PS;SIMPLE_INSTRUMENT;EFP_FIN;EUR;84;136.13000000;674;EXCHANGE_LAST;;1;1;XEUR;11286679;688;
10.12.2024;13:59:39.625;FGBL SI 20250306 PS;SIMPLE_INSTRUMENT;EFS;EUR;85;136.08000000;402;EXCHANGE_LAST;;1;1;XEUR;11286679;688;
10.12.2024;14:01:16.085;FGBL SI 20250306 PS;SIMPLE_INSTRUMENT;BLOCK;EUR;86;136.07000000;2169;EXCHANGE_LAST;;1;1;XEUR;11286679;688;
10.12.2024;14:02:04.992;FGBL SI 20250306 PS;SIMPLE_INSTRUMENT;EFP_FIN;EUR;87;136.13000000;808;EXCHANGE_LAST;;1;1;XEUR;11286679;688;
10.12.2024;14:03:55.238;FGBL SI 20250306 PS;SIMPLE_INSTRUMENT;EFP_FIN;EUR;88;136.09000000;238;EXCHANGE_LAST;;1;1;XEUR;11286679;688;
10.12.2024;14:05:45.393;FGBL SI 20250306 PS;SIMPLE_INSTRUMENT;EFP_FIN;EUR;89;136.09000000;405;EXCHANGE_LAST;;1;1;XEUR;11286679;688;
10.12.2024;14:11:35.689;FGBL SI 20250306 PS;SIMPLE_INSTRUMENT;EFS;EUR;90;136.04000000;456;EXCHANGE_LAST;;1;1;XEUR;11286679;688;
10.12.2024;14:18:41.013;FGBL SI 20250306 PS;SIMPLE_INSTRUMENT;EFS;EUR;91;136.05000000;401;EXCHANGE_LAST;;1;1;XEUR;11286679;688;
10.12.2024;14:21:40.494;FGBL SI 20250306 PS;SIMPLE_INSTRUMENT;EFS;EUR;92;136.03000000;818;EXCHANGE_LAST;;1;1;XEUR;11286679;688;
10.12.2024;14:28:27.780;FGBL SI 20250306 PS;SIMPLE_INSTRUMENT;EFS;EUR;93;136.02000000;402;EXCHANGE_LAST;;1;1;XEUR;11286679;688;
10.12.2024;14:32:11.389;FGBL SI 20250306 PS;SIMPLE_INSTRUMENT;EFS;EUR;94;136.03000000;402;EXCHANGE_LAST;;1;1;XEUR;11286679;688;
10.12.2024;14:34:32.048;FGBL SI 20250306 PS;SIMPLE_INSTRUMENT;EFP_FIN;EUR;95;136.03000000;522;EXCHANGE_LAST;;1;1;XEUR;11286679;688;
10.12.2024;14:37:43.248;FGBL SI 20250306 PS;SIMPLE_INSTRUMENT;EFP_FIN;EUR;96;136.06000000;1061;EXCHANGE_LAST;;1;1;XEUR;11286679;688;
10.12.2024;14:38:30.205;FGBL SI 20250306 PS;SIMPLE_INSTRUMENT;EFS;EUR;97;136.12000000;362;EXCHANGE_LAST;;1;1;XEUR;11286679;688;
10.12.2024;14:46:19.498;FGBL SI 20250306 PS;SIMPLE_INSTRUMENT;EFS;EUR;98;136.15000000;402;EXCHANGE_LAST;;1;1;XEUR;11286679;688;
10.12.2024;15:00:44.774;FGBL SI 20250306 PS;SIMPLE_INSTRUMENT;EFS;EUR;99;136.18000000;401;EXCHANGE_LAST;;1;1;XEUR;11286679;688;
10.12.2024;15:09:40.415;FGBL SI 20250306 PS;SIMPLE_INSTRUMENT;EFP_FIN;EUR;100;136.18000000;952;EXCHANGE_LAST;;1;1;XEUR;11286679;688;
10.12.2024;15:14:10.475;FGBL SI 20250306 PS;SIMPLE_INSTRUMENT;EFS;EUR;102;136.19000000;456;EXCHANGE_LAST;;1;1;XEUR;11286679;688;
10.12.2024;15:16:01.766;FGBL SI 20250306 PS;SIMPLE_INSTRUMENT;EFS;EUR;103;136.12000000;456;EXCHANGE_LAST;;1;1;XEUR;11286679;688;
10.12.2024;15:17:40.559;FGBL SI 20250306 PS;SIMPLE_INSTRUMENT;EFP_FIN;EUR;104;136.11000000;425;EXCHANGE_LAST;;1;1;XEUR;11286679;688;
10.12.2024;15:18:14.237;FGBL SI 20250306 PS;SIMPLE_INSTRUMENT;EFP_FIN;EUR;105;136.19000000;794;EXCHANGE_LAST;;1;1;XEUR;11286679;688;
10.12.2024;15:20:20.241;FGBL SI 20250306 PS;SIMPLE_INSTRUMENT;EFS;EUR;106;136.09000000;401;EXCHANGE_LAST;;1;1;XEUR;11286679;688;
10.12.2024;15:22:18.560;FGBL SI 20250306 PS;SIMPLE_INSTRUMENT;EFS;EUR;107;136.01000000;402;EXCHANGE_LAST;;1;1;XEUR;11286679;688;
10.12.2024;15:25:05.226;FGBL SI 20250306 PS;SIMPLE_INSTRUMENT;EFS;EUR;108;136.03000000;401;EXCHANGE_LAST;;1;1;XEUR;11286679;688;
10.12.2024;15:32:27.541;FGBL SI 20250306 PS;SIMPLE_INSTRUMENT;EFS;EUR;109;136.04000000;401;EXCHANGE_LAST;;1;1;XEUR;11286679;688;
10.12.2024;15:33:10.318;FGBL SI 20250306 PS;SIMPLE_INSTRUMENT;EFP_FIN;EUR;110;136.06000000;743;EXCHANGE_LAST;;1;1;XEUR;11286679;688;
10.12.2024;15:33:19.256;FGBL SI 20250306 PS;SIMPLE_INSTRUMENT;EFS;EUR;111;136.02000000;201;EXCHANGE_LAST;;1;1;XEUR;11286679;688;
10.12.2024;15:34:16.264;FGBL SI 20250306 PS;SIMPLE_INSTRUMENT;EFS;EUR;112;136.02000000;201;EXCHANGE_LAST;;1;1;XEUR;11286679;688;
10.12.2024;15:34:59.037;FGBL SI 20250306 PS;SIMPLE_INSTRUMENT;EFS;EUR;113;136.06000000;201;EXCHANGE_LAST;;1;1;XEUR;11286679;688;
10.12.2024;15:35:00.544;FGBL SI 20250306 PS;SIMPLE_INSTRUMENT;EFS;EUR;114;136.01000000;201;EXCHANGE_LAST;;1;1;XEUR;11286679;688;
10.12.2024;15:35:20.552;FGBL SI 20250306 PS;SIMPLE_INSTRUMENT;EFS;EUR;115;136.12000000;1061;EXCHANGE_LAST;;1;1;XEUR;11286679;688;
10.12.2024;15:36:03.745;FGBL SI 20250306 PS;SIMPLE_INSTRUMENT;EFS;EUR;116;136.02000000;201;EXCHANGE_LAST;;1;1;XEUR;11286679;688;
10.12.2024;15:45:41.253;FGBL SI 20250306 PS;SIMPLE_INSTRUMENT;EFP_FIN;EUR;117;136.04000000;447;EXCHANGE_LAST;;1;1;XEUR;11286679;688;
10.12.2024;15:46:01.694;FGBL SI 20250306 PS;SIMPLE_INSTRUMENT;EFP_FIN;EUR;118;135.98000000;104;EXCHANGE_LAST;;1;1;XEUR;11286679;688;
10.12.2024;15:47:17.138;FGBL SI 20250306 PS;SIMPLE_INSTRUMENT;EFS;EUR;119;136.19000000;150;EXCHANGE_LAST;;1;1;XEUR;11286679;688;
10.12.2024;15:52:59.397;FGBL SI 20250306 PS;SIMPLE_INSTRUMENT;EFP_FIN;EUR;120;136.06000000;520;EXCHANGE_LAST;;1;1;XEUR;11286679;688;
10.12.2024;16:03:58.638;FGBL SI 20250306 PS;SIMPLE_INSTRUMENT;EFP_FIN;EUR;121;135.95000000;379;EXCHANGE_LAST;;1;1;XEUR;11286679;688;
10.12.2024;16:11:04.688;FGBL SI 20250306 PS;SIMPLE_INSTRUMENT;EFP_FIN;EUR;122;136.06000000;223;EXCHANGE_LAST;;1;1;XEUR;11286679;688;
10.12.2024;16:11:41.319;FGBL SI 20250306 PS;SIMPLE_INSTRUMENT;EFS;EUR;123;136.10000000;478;EXCHANGE_LAST;;1;1;XEUR;11286679;688;
10.12.2024;16:14:35.778;FGBL SI 20250306 PS;SIMPLE_INSTRUMENT;EFP_FIN;EUR;124;136.06000000;371;EXCHANGE_LAST;;1;1;XEUR;11286679;688;
10.12.2024;16:25:12.922;FGBL SI 20250306 PS;SIMPLE_INSTRUMENT;EFS;EUR;125;135.96000000;1088;EXCHANGE_LAST;;1;1;XEUR;11286679;688;
10.12.2024;16:30:25.441;FGBL SI 20250306 PS;SIMPLE_INSTRUMENT;EFP_FIN;EUR;126;135.95000000;864;EXCHANGE_LAST;;1;1;XEUR;11286679;688;
10.12.2024;16:34:34.621;FGBL SI 20250306 PS;SIMPLE_INSTRUMENT;EFS;EUR;127;136.05000000;201;EXCHANGE_LAST;;1;1;XEUR;11286679;688;
10.12.2024;16:39:15.237;FGBL SI 20250306 PS;SIMPLE_INSTRUMENT;EFS;EUR;128;136.04000000;435;EXCHANGE_LAST;;1;1;XEUR;11286679;688;
10.12.2024;16:40:17.557;FGBL SI 20250306 PS;SIMPLE_INSTRUMENT;EFS;EUR;129;136.05000000;435;EXCHANGE_LAST;;1;1;XEUR;11286679;688;
10.12.2024;16:48:15.570;FGBL SI 20250306 PS;SIMPLE_INSTRUMENT;EFS;EUR;130;136.03000000;201;EXCHANGE_LAST;;1;1;XEUR;11286679;688;
10.12.2024;16:51:57.223;FGBL SI 20250306 PS;SIMPLE_INSTRUMENT;EFS;EUR;131;136.04000000;201;EXCHANGE_LAST;;1;1;XEUR;11286679;688;
10.12.2024;16:54:15.280;FGBL SI 20250306 PS;SIMPLE_INSTRUMENT;EFS;EUR;132;136.04000000;201;EXCHANGE_LAST;;1;1;XEUR;11286679;688;
10.12.2024;16:55:15.113;FGBL SI 20250306 PS;SIMPLE_INSTRUMENT;EFS;EUR;133;136.02000000;402;EXCHANGE_LAST;;1;1;XEUR;11286679;688;
10.12.2024;16:59:26.525;FGBL SI 20250306 PS;SIMPLE_INSTRUMENT;EFS;EUR;134;136.00000000;201;EXCHANGE_LAST;;1;1;XEUR;11286679;688;
10.12.2024;17:02:44.085;FGBL SI 20250306 PS;SIMPLE_INSTRUMENT;EFS;EUR;135;136.00000000;1087;EXCHANGE_LAST;;1;1;XEUR;11286679;688;
10.12.2024;09:10:18.873;FGBL SI 20250306 PS;SIMPLE_INSTRUMENT;VOLA;EUR;268435465;135.96000000;48;EXCHANGE_LAST;;1;1;XEUR;11286679;688;
10.12.2024;13:29:17.933;FGBL SI 20250306 PS;SIMPLE_INSTRUMENT;VOLA;EUR;268435472;135.95000000;28;EXCHANGE_LAST;;1;1;XEUR;11286679;688;
10.12.2024;16:48:39.685;FGBL SI 20250306 PS;SIMPLE_INSTRUMENT;VOLA;EUR;268435491;136.04000000;70;EXCHANGE_LAST;;1;1;XEUR;11286679;688;
10.12.2024;16:49:24.118;FGBL SI 20250306 PS;SIMPLE_INSTRUMENT;VOLA;EUR;268435492;136.04000000;70;EXCHANGE_LAST;;1;1;XEUR;11286679;688;
10.12.2024;08:21:28.751;FGBM SI 20250306 PS;SIMPLE_INSTRUMENT;EFS;EUR;1;118.74000000;555;EXCHANGE_LAST;;1;1;XEUR;11286680;689;
10.12.2024;08:43:12.656;FGBM SI 20250306 PS;SIMPLE_INSTRUMENT;EFP_FIN;EUR;2;118.82000000;863;EXCHANGE_LAST;;1;1;XEUR;11286680;689;
10.12.2024;08:44:04.687;FGBM SI 20250306 PS;SIMPLE_INSTRUMENT;EFP_FIN;EUR;3;118.81000000;863;EXCHANGE_LAST;;1;1;XEUR;11286680;689;
10.12.2024;08:59:59.616;FGBM SI 20250306 PS;SIMPLE_INSTRUMENT;EFS;EUR;4;118.82000000;1234;EXCHANGE_LAST;;1;1;XEUR;11286680;689;
10.12.2024;09:04:08.189;FGBM SI 20250306 PS;SIMPLE_INSTRUMENT;EFS;EUR;5;118.86000000;876;EXCHANGE_LAST;;1;1;XEUR;11286680;689;
10.12.2024;09:06:37.888;FGBM SI 20250306 PS;SIMPLE_INSTRUMENT;EFP_FIN;EUR;6;118.84000000;1305;EXCHANGE_LAST;;1;1;XEUR;11286680;689;
10.12.2024;09:07:28.125;FGBM SI 20250306 PS;SIMPLE_INSTRUMENT;EFP_FIN;EUR;7;118.82000000;863;EXCHANGE_LAST;;1;1;XEUR;11286680;689;
10.12.2024;09:07:45.460;FGBM SI 20250306 PS;SIMPLE_INSTRUMENT;EFS;EUR;8;118.91000000;876;EXCHANGE_LAST;;1;1;XEUR;11286680;689;
10.12.2024;09:10:27.172;FGBM SI 20250306 PS;SIMPLE_INSTRUMENT;EFS;EUR;9;118.90000000;879;EXCHANGE_LAST;;1;1;XEUR;11286680;689;
10.12.2024;09:11:00.813;FGBM SI 20250306 PS;SIMPLE_INSTRUMENT;EFP_FIN;EUR;10;118.81000000;863;EXCHANGE_LAST;;1;1;XEUR;11286680;689;
10.12.2024;09:15:41.131;FGBM SI 20250306 PS;SIMPLE_INSTRUMENT;EFP_FIN;EUR;11;118.90000000;284;EXCHANGE_LAST;;1;1;XEUR;11286680;689;
10.12.2024;09:25:44.423;FGBM SI 20250306 PS;SIMPLE_INSTRUMENT;EFP_FIN;EUR;12;118.93000000;431;EXCHANGE_LAST;;1;1;XEUR;11286680;689;
10.12.2024;09:26:32.332;FGBM SI 20250306 PS;SIMPLE_INSTRUMENT;EFP_FIN;EUR;13;118.92000000;1725;EXCHANGE_LAST;;1;1;XEUR;11286680;689;
10.12.2024;09:43:24.081;FGBM SI 20250306 PS;SIMPLE_INSTRUMENT;EFP_FIN;EUR;14;118.92000000;431;EXCHANGE_LAST;;1;1;XEUR;11286680;689;
10.12.2024;09:34:28.534;FGBM SI 20250306 PS;SIMPLE_INSTRUMENT;EFP_FIN;EUR;15;118.91000000;350;EXCHANGE_LAST;;1;1;XEUR;11286680;689;
10.12.2024;09:35:09.599;FGBM SI 20250306 PS;SIMPLE_INSTRUMENT;EFS;EUR;16;118.91000000;834;EXCHANGE_LAST;;1;1;XEUR;11286680;689;
10.12.2024;09:41:50.036;FGBM SI 20250306 PS;SIMPLE_INSTRUMENT;EFS;EUR;17;118.89000000;220;EXCHANGE_LAST;;1;1;XEUR;11286680;689;
10.12.2024;09:41:54.464;FGBM SI 20250306 PS;SIMPLE_INSTRUMENT;EFS;EUR;18;118.93000000;462;EXCHANGE_LAST;;1;1;XEUR;11286680;689;
10.12.2024;09:57:51.782;FGBM SI 20250306 PS;SIMPLE_INSTRUMENT;EFP_FIN;EUR;19;118.91000000;1295;EXCHANGE_LAST;;1;1;XEUR;11286680;689;
10.12.2024;10:10:50.188;FGBM SI 20250306 PS;SIMPLE_INSTRUMENT;EFS;EUR;20;118.89000000;439;EXCHANGE_LAST;;1;1;XEUR;11286680;689;
10.12.2024;10:11:48.340;FGBM SI 20250306 PS;SIMPLE_INSTRUMENT;EFS;EUR;21;118.87000000;185;EXCHANGE_LAST;;1;1;XEUR;11286680;689;
10.12.2024;10:12:45.032;FGBM SI 20250306 PS;SIMPLE_INSTRUMENT;EFS;EUR;22;118.86000000;876;EXCHANGE_LAST;;1;1;XEUR;11286680;689;
10.12.2024;10:14:26.476;FGBM SI 20250306 PS;SIMPLE_INSTRUMENT;EFS;EUR;23;118.87000000;974;EXCHANGE_LAST;;1;1;XEUR;11286680;689;
10.12.2024;10:14:20.839;FGBM SI 20250306 PS;SIMPLE_INSTRUMENT;EFS;EUR;24;118.85000000;438;EXCHANGE_LAST;;1;1;XEUR;11286680;689;
10.12.2024;10:16:24.322;FGBM SI 20250306 PS;SIMPLE_INSTRUMENT;EFS;EUR;25;118.86000000;876;EXCHANGE_LAST;;1;1;XEUR;11286680;689;
10.12.2024;10:26:14.869;FGBM SI 20250306 PS;SIMPLE_INSTRUMENT;EFS;EUR;26;118.83000000;974;EXCHANGE_LAST;;1;1;XEUR;11286680;689;
10.12.2024;10:30:49.346;FGBM SI 20250306 PS;SIMPLE_INSTRUMENT;EFP_FIN;EUR;27;118.84000000;76;EXCHANGE_LAST;;1;1;XEUR;11286680;689;
10.12.2024;10:37:50.904;FGBM SI 20250306 PS;SIMPLE_INSTRUMENT;EFP_FIN;EUR;28;118.85000000;190;EXCHANGE_LAST;;1;1;XEUR;11286680;689;
10.12.2024;11:10:51.001;FGBM SI 20250306 PS;SIMPLE_INSTRUMENT;EFP_FIN;EUR;29;118.87000000;352;EXCHANGE_LAST;;1;1;XEUR;11286680;689;
10.12.2024;11:12:00.929;FGBM SI 20250306 PS;SIMPLE_INSTRUMENT;EFS;EUR;30;118.87000000;974;EXCHANGE_LAST;;1;1;XEUR;11286680;689;
10.12.2024;11:18:30.417;FGBM SI 20250306 PS;SIMPLE_INSTRUMENT;EFP_FIN;EUR;31;118.88000000;466;EXCHANGE_LAST;;1;1;XEUR;11286680;689;
10.12.2024;11:23:41.431;FGBM SI 20250306 PS;SIMPLE_INSTRUMENT;EFP_FIN;EUR;32;118.85000000;125;EXCHANGE_LAST;;1;1;XEUR;11286680;689;
10.12.2024;11:37:57.114;FGBM SI 20250306 PS;SIMPLE_INSTRUMENT;EFP_FIN;EUR;33;118.85000000;355;EXCHANGE_LAST;;1;1;XEUR;11286680;689;
10.12.2024;11:39:28.753;FGBM SI 20250306 PS;SIMPLE_INSTRUMENT;EFP_FIN;EUR;34;118.85000000;863;EXCHANGE_LAST;;1;1;XEUR;11286680;689;
10.12.2024;11:43:22.187;FGBM SI 20250306 PS;SIMPLE_INSTRUMENT;EFS;EUR;35;118.86000000;2496;EXCHANGE_LAST;;1;1;XEUR;11286680;689;
10.12.2024;11:43:41.339;FGBM SI 20250306 PS;SIMPLE_INSTRUMENT;EFS;EUR;36;118.86000000;2496;EXCHANGE_LAST;;1;1;XEUR;11286680;689;
10.12.2024;11:44:24.503;FGBM SI 20250306 PS;SIMPLE_INSTRUMENT;EFP_FIN;EUR;37;118.85000000;511;EXCHANGE_LAST;;1;1;XEUR;11286680;689;
10.12.2024;11:45:47.458;FGBM SI 20250306 PS;SIMPLE_INSTRUMENT;EFP_FIN;EUR;38;118.85000000;143;EXCHANGE_LAST;;1;1;XEUR;11286680;689;
10.12.2024;11:54:57.097;FGBM SI 20250306 PS;SIMPLE_INSTRUMENT;EFP_FIN;EUR;39;118.86000000;1503;EXCHANGE_LAST;;1;1;XEUR;11286680;689;
10.12.2024;11:59:08.152;FGBM SI 20250306 PS;SIMPLE_INSTRUMENT;EFP_FIN;EUR;40;118.85000000;1053;EXCHANGE_LAST;;1;1;XEUR;11286680;689;
10.12.2024;12:00:49.820;FGBM SI 20250306 PS;SIMPLE_INSTRUMENT;EFP_FIN;EUR;41;118.85000000;3262;EXCHANGE_LAST;;1;1;XEUR;11286680;689;
10.12.2024;12:07:14.840;FGBM SI 20250306 PS;SIMPLE_INSTRUMENT;EFP_FIN;EUR;42;118.85000000;518;EXCHANGE_LAST;;1;1;XEUR;11286680;689;
10.12.2024;12:13:01.867;FGBM SI 20250306 PS;SIMPLE_INSTRUMENT;EFP_FIN;EUR;43;118.84000000;431;EXCHANGE_LAST;;1;1;XEUR;11286680;689;
10.12.2024;12:13:22.172;FGBM SI 20250306 PS;SIMPLE_INSTRUMENT;EFP_FIN;EUR;44;118.84000000;111;EXCHANGE_LAST;;1;1;XEUR;11286680;689;
10.12.2024;12:15:23.271;FGBM SI 20250306 PS;SIMPLE_INSTRUMENT;EFP_FIN;EUR;45;118.84000000;260;EXCHANGE_LAST;;1;1;XEUR;11286680;689;
10.12.2024;12:16:50.158;FGBM SI 20250306 PS;SIMPLE_INSTRUMENT;EFP_FIN;EUR;46;118.87000000;907;EXCHANGE_LAST;;1;1;XEUR;11286680;689;
10.12.2024;12:33:12.205;FGBM SI 20250306 PS;SIMPLE_INSTRUMENT;EFP_FIN;EUR;47;118.86000000;172;EXCHANGE_LAST;;1;1;XEUR;11286680;689;
10.12.2024;12:33:21.986;FGBM SI 20250306 PS;SIMPLE_INSTRUMENT;EFP_FIN;EUR;48;118.85000000;1725;EXCHANGE_LAST;;1;1;XEUR;11286680;689;
10.12.2024;12:35:20.162;FGBM SI 20250306 PS;SIMPLE_INSTRUMENT;EFP_FIN;EUR;49;118.84000000;249;EXCHANGE_LAST;;1;1;XEUR;11286680;689;
10.12.2024;12:43:53.370;FGBM SI 20250306 PS;SIMPLE_INSTRUMENT;EFP_FIN;EUR;50;118.91000000;465;EXCHANGE_LAST;;1;1;XEUR;11286680;689;
10.12.2024;12:44:18.437;FGBM SI 20250306 PS;SIMPLE_INSTRUMENT;EFS;EUR;51;118.91000000;876;EXCHANGE_LAST;;1;1;XEUR;11286680;689;
10.12.2024;12:51:49.405;FGBM SI 20250306 PS;SIMPLE_INSTRUMENT;EFP_FIN;EUR;52;118.88000000;1164;EXCHANGE_LAST;;1;1;XEUR;11286680;689;
10.12.2024;12:55:10.302;FGBM SI 20250306 PS;SIMPLE_INSTRUMENT;EFP_FIN;EUR;53;118.85000000;177;EXCHANGE_LAST;;1;1;XEUR;11286680;689;
10.12.2024;13:06:27.330;FGBM SI 20250306 PS;SIMPLE_INSTRUMENT;EFS;EUR;54;118.87000000;876;EXCHANGE_LAST;;1;1;XEUR;11286680;689;
10.12.2024;13:06:33.144;FGBM SI 20250306 PS;SIMPLE_INSTRUMENT;EFS;EUR;55;118.87000000;974;EXCHANGE_LAST;;1;1;XEUR;11286680;689;
10.12.2024;13:08:13.283;FGBM SI 20250306 PS;SIMPLE_INSTRUMENT;EFS;EUR;56;118.88000000;876;EXCHANGE_LAST;;1;1;XEUR;11286680;689;
10.12.2024;13:21:25.881;FGBM SI 20250306 PS;SIMPLE_INSTRUMENT;EFS;EUR;57;118.96000000;1946;EXCHANGE_LAST;;1;1;XEUR;11286680;689;
10.12.2024;13:21:46.851;FGBM SI 20250306 PS;SIMPLE_INSTRUMENT;EFS;EUR;58;118.98000000;875;EXCHANGE_LAST;;1;1;XEUR;11286680;689;
10.12.2024;13:26:46.390;FGBM SI 20250306 PS;SIMPLE_INSTRUMENT;EFP_FIN;EUR;59;118.95000000;262;EXCHANGE_LAST;;1;1;XEUR;11286680;689;
10.12.2024;13:34:32.541;FGBM SI 20250306 PS;SIMPLE_INSTRUMENT;EFS;EUR;60;118.98000000;878;EXCHANGE_LAST;;1;1;XEUR;11286680;689;
10.12.2024;13:42:02.815;FGBM SI 20250306 PS;SIMPLE_INSTRUMENT;EFS;EUR;61;118.96000000;878;EXCHANGE_LAST;;1;1;XEUR;11286680;689;
10.12.2024;13:44:45.320;FGBM SI 20250306 PS;SIMPLE_INSTRUMENT;EFP_FIN;EUR;62;118.95000000;262;EXCHANGE_LAST;;1;1;XEUR;11286680;689;
10.12.2024;13:56:07.795;FGBM SI 20250306 PS;SIMPLE_INSTRUMENT;EFP_FIN;EUR;63;118.96000000;81;EXCHANGE_LAST;;1;1;XEUR;11286680;689;
10.12.2024;14:11:12.815;FGBM SI 20250306 PS;SIMPLE_INSTRUMENT;EFP_FIN;EUR;64;118.88000000;368;EXCHANGE_LAST;;1;1;XEUR;11286680;689;
10.12.2024;14:16:12.232;FGBM SI 20250306 PS;SIMPLE_INSTRUMENT;EFS;EUR;65;118.92000000;438;EXCHANGE_LAST;;1;1;XEUR;11286680;689;
10.12.2024;14:17:52.920;FGBM SI 20250306 PS;SIMPLE_INSTRUMENT;EFP_FIN;EUR;66;118.92000000;1337;EXCHANGE_LAST;;1;1;XEUR;11286680;689;
10.12.2024;14:22:54.758;FGBM SI 20250306 PS;SIMPLE_INSTRUMENT;EFP_FIN;EUR;67;118.92000000;2157;EXCHANGE_LAST;;1;1;XEUR;11286680;689;
10.12.2024;14:33:35.226;FGBM SI 20250306 PS;SIMPLE_INSTRUMENT;EFP_FIN;EUR;68;118.85000000;863;EXCHANGE_LAST;;1;1;XEUR;11286680;689;
10.12.2024;14:33:44.906;FGBM SI 20250306 PS;SIMPLE_INSTRUMENT;EFP_FIN;EUR;69;118.96000000;61;EXCHANGE_LAST;;1;1;XEUR;11286680;689;
10.12.2024;14:37:53.307;FGBM SI 20250306 PS;SIMPLE_INSTRUMENT;EFP_FIN;EUR;70;118.94000000;233;EXCHANGE_LAST;;1;1;XEUR;11286680;689;
10.12.2024;14:41:08.319;FGBM SI 20250306 PS;SIMPLE_INSTRUMENT;EFP_FIN;EUR;71;118.94000000;233;EXCHANGE_LAST;;1;1;XEUR;11286680;689;
10.12.2024;14:51:12.496;FGBM SI 20250306 PS;SIMPLE_INSTRUMENT;EFS;EUR;72;118.94000000;742;EXCHANGE_LAST;;1;1;XEUR;11286680;689;
10.12.2024;14:56:42.866;FGBM SI 20250306 PS;SIMPLE_INSTRUMENT;EFP_FIN;EUR;73;118.92000000;226;EXCHANGE_LAST;;1;1;XEUR;11286680;689;
10.12.2024;15:06:21.640;FGBM SI 20250306 PS;SIMPLE_INSTRUMENT;EFS;EUR;74;118.99000000;439;EXCHANGE_LAST;;1;1;XEUR;11286680;689;
10.12.2024;15:10:21.860;FGBM SI 20250306 PS;SIMPLE_INSTRUMENT;EFS;EUR;75;118.95000000;659;EXCHANGE_LAST;;1;1;XEUR;11286680;689;
10.12.2024;15:23:17.622;FGBM SI 20250306 PS;SIMPLE_INSTRUMENT;EFS;EUR;76;118.90000000;439;EXCHANGE_LAST;;1;1;XEUR;11286680;689;
10.12.2024;15:26:27.976;FGBM SI 20250306 PS;SIMPLE_INSTRUMENT;EFP_FIN;EUR;77;118.95000000;155;EXCHANGE_LAST;;1;1;XEUR;11286680;689;
10.12.2024;15:39:14.558;FGBM SI 20250306 PS;SIMPLE_INSTRUMENT;EFS;EUR;78;118.89000000;879;EXCHANGE_LAST;;1;1;XEUR;11286680;689;
10.12.2024;15:41:11.288;FGBM SI 20250306 PS;SIMPLE_INSTRUMENT;EFP_FIN;EUR;79;118.90000000;520;EXCHANGE_LAST;;1;1;XEUR;11286680;689;
10.12.2024;15:43:58.626;FGBM SI 20250306 PS;SIMPLE_INSTRUMENT;EFP_FIN;EUR;80;118.91000000;216;EXCHANGE_LAST;;1;1;XEUR;11286680;689;
10.12.2024;15:45:55.862;FGBM SI 20250306 PS;SIMPLE_INSTRUMENT;EFS;EUR;81;118.89000000;927;EXCHANGE_LAST;;1;1;XEUR;11286680;689;
10.12.2024;15:55:59.376;FGBM SI 20250306 PS;SIMPLE_INSTRUMENT;EFP_FIN;EUR;82;118.89000000;385;EXCHANGE_LAST;;1;1;XEUR;11286680;689;
10.12.2024;16:01:10.867;FGBM SI 20250306 PS;SIMPLE_INSTRUMENT;EFP_FIN;EUR;83;118.91000000;75;EXCHANGE_LAST;;1;1;XEUR;11286680;689;
10.12.2024;16:01:38.402;FGBM SI 20250306 PS;SIMPLE_INSTRUMENT;EFP_FIN;EUR;84;118.88000000;181;EXCHANGE_LAST;;1;1;XEUR;11286680;689;
10.12.2024;16:02:24.982;FGBM SI 20250306 PS;SIMPLE_INSTRUMENT;EFP_FIN;EUR;85;118.88000000;145;EXCHANGE_LAST;;1;1;XEUR;11286680;689;
10.12.2024;16:04:28.209;FGBM SI 20250306 PS;SIMPLE_INSTRUMENT;EFS;EUR;86;118.89000000;460;EXCHANGE_LAST;;1;1;XEUR;11286680;689;
10.12.2024;16:14:26.484;FGBM SI 20250306 PS;SIMPLE_INSTRUMENT;EFP_FIN;EUR;87;118.88000000;91;EXCHANGE_LAST;;1;1;XEUR;11286680;689;
10.12.2024;16:26:46.983;FGBM SI 20250306 PS;SIMPLE_INSTRUMENT;EFP_FIN;EUR;88;118.91000000;216;EXCHANGE_LAST;;1;1;XEUR;11286680;689;
10.12.2024;16:33:04.263;FGBM SI 20250306 PS;SIMPLE_INSTRUMENT;EFS;EUR;89;118.94000000;648;EXCHANGE_LAST;;1;1;XEUR;11286680;689;
10.12.2024;16:38:14.149;FGBM SI 20250306 PS;SIMPLE_INSTRUMENT;EFS;EUR;90;118.94000000;372;EXCHANGE_LAST;;1;1;XEUR;11286680;689;
10.12.2024;16:48:54.495;FGBM SI 20250306 PS;SIMPLE_INSTRUMENT;EFS;EUR;91;118.94000000;439;EXCHANGE_LAST;;1;1;XEUR;11286680;689;
10.12.2024;16:58:06.914;FGBM SI 20250306 PS;SIMPLE_INSTRUMENT;EFS;EUR;92;118.92000000;439;EXCHANGE_LAST;;1;1;XEUR;11286680;689;
10.12.2024;17:00:49.082;FGBM SI 20250306 PS;SIMPLE_INSTRUMENT;EFS;EUR;93;118.92000000;439;EXCHANGE_LAST;;1;1;XEUR;11286680;689;
10.12.2024;07:49:09.467;FGBS SI 20250306 PS;SIMPLE_INSTRUMENT;EFP_FIN;EUR;1;107.20500000;701;EXCHANGE_LAST;;1;1;XEUR;11286681;690;
10.12.2024;08:58:41.612;FGBS SI 20250306 PS;SIMPLE_INSTRUMENT;EFS;EUR;2;107.22000000;3447;EXCHANGE_LAST;;1;1;XEUR;11286681;690;
10.12.2024;09:06:07.409;FGBS SI 20250306 PS;SIMPLE_INSTRUMENT;EFP_FIN;EUR;3;107.22000000;906;EXCHANGE_LAST;;1;1;XEUR;11286681;690;
10.12.2024;09:09:54.548;FGBS SI 20250306 PS;SIMPLE_INSTRUMENT;EFP_FIN;EUR;4;107.23000000;420;EXCHANGE_LAST;;1;1;XEUR;11286681;690;
10.12.2024;10:09:32.028;FGBS SI 20250306 PS;SIMPLE_INSTRUMENT;EFS;EUR;6;107.23500000;1228;EXCHANGE_LAST;;1;1;XEUR;11286681;690;
10.12.2024;10:24:34.658;FGBS SI 20250306 PS;SIMPLE_INSTRUMENT;EFS;EUR;7;107.21500000;2586;EXCHANGE_LAST;;1;1;XEUR;11286681;690;
10.12.2024;10:48:21.107;FGBS SI 20250306 PS;SIMPLE_INSTRUMENT;EFP_FIN;EUR;8;107.24000000;420;EXCHANGE_LAST;;1;1;XEUR;11286681;690;
10.12.2024;11:30:10.191;FGBS SI 20250306 PS;SIMPLE_INSTRUMENT;EFP_FIN;EUR;9;107.23500000;1084;EXCHANGE_LAST;;1;1;XEUR;11286681;690;
10.12.2024;12:46:31.215;FGBS SI 20250306 PS;SIMPLE_INSTRUMENT;EFP_FIN;EUR;10;107.25500000;647;EXCHANGE_LAST;;1;1;XEUR;11286681;690;
10.12.2024;12:49:37.487;FGBS SI 20250306 PS;SIMPLE_INSTRUMENT;EFS;EUR;11;107.25000000;2721;EXCHANGE_LAST;;1;1;XEUR;11286681;690;
10.12.2024;12:55:02.812;FGBS SI 20250306 PS;SIMPLE_INSTRUMENT;EFS;EUR;12;107.25000000;600;EXCHANGE_LAST;;1;1;XEUR;11286681;690;
10.12.2024;13:01:51.582;FGBS SI 20250306 PS;SIMPLE_INSTRUMENT;EFP_FIN;EUR;13;107.23000000;467;EXCHANGE_LAST;;1;1;XEUR;11286681;690;
10.12.2024;13:44:40.514;FGBS SI 20250306 PS;SIMPLE_INSTRUMENT;EFS;EUR;14;107.27500000;2584;EXCHANGE_LAST;;1;1;XEUR;11286681;690;
10.12.2024;13:54:45.345;FGBS SI 20250306 PS;SIMPLE_INSTRUMENT;EFP_FIN;EUR;15;107.28000000;73;EXCHANGE_LAST;;1;1;XEUR;11286681;690;
10.12.2024;13:55:03.745;FGBS SI 20250306 PS;SIMPLE_INSTRUMENT;EFP_FIN;EUR;16;107.28000000;67;EXCHANGE_LAST;;1;1;XEUR;11286681;690;
10.12.2024;13:55:27.322;FGBS SI 20250306 PS;SIMPLE_INSTRUMENT;EFP_FIN;EUR;17;107.28000000;67;EXCHANGE_LAST;;1;1;XEUR;11286681;690;
10.12.2024;13:55:42.863;FGBS SI 20250306 PS;SIMPLE_INSTRUMENT;EFS;EUR;18;107.27000000;637;EXCHANGE_LAST;;1;1;XEUR;11286681;690;
10.12.2024;13:55:47.204;FGBS SI 20250306 PS;SIMPLE_INSTRUMENT;EFP_FIN;EUR;19;107.28000000;127;EXCHANGE_LAST;;1;1;XEUR;11286681;690;
10.12.2024;14:22:34.206;FGBS SI 20250306 PS;SIMPLE_INSTRUMENT;EFP_FIN;EUR;20;107.20000000;280;EXCHANGE_LAST;;1;1;XEUR;11286681;690;
10.12.2024;14:45:48.180;FGBS SI 20250306 PS;SIMPLE_INSTRUMENT;EFP_FIN;EUR;21;107.26000000;334;EXCHANGE_LAST;;1;1;XEUR;11286681;690;
10.12.2024;14:46:10.293;FGBS SI 20250306 PS;SIMPLE_INSTRUMENT;EFP_FIN;EUR;22;107.26000000;253;EXCHANGE_LAST;;1;1;XEUR;11286681;690;
10.12.2024;14:54:01.857;FGBS SI 20250306 PS;SIMPLE_INSTRUMENT;EFS;EUR;23;107.28500000;2720;EXCHANGE_LAST;;1;1;XEUR;11286681;690;
10.12.2024;14:58:50.845;FGBS SI 20250306 PS;SIMPLE_INSTRUMENT;EFS;EUR;24;107.29000000;2584;EXCHANGE_LAST;;1;1;XEUR;11286681;690;
10.12.2024;15:12:27.727;FGBS SI 20250306 PS;SIMPLE_INSTRUMENT;EFS;EUR;25;107.29000000;2720;EXCHANGE_LAST;;1;1;XEUR;11286681;690;
10.12.2024;16:09:16.030;FGBS SI 20250306 PS;SIMPLE_INSTRUMENT;EFS;EUR;26;107.26500000;2721;EXCHANGE_LAST;;1;1;XEUR;11286681;690;
10.12.2024;16:37:08.720;FGBS SI 20250306 PS;SIMPLE_INSTRUMENT;EFS;EUR;27;107.28000000;1039;EXCHANGE_LAST;;1;1;XEUR;11286681;690;
10.12.2024;17:13:25.408;FGBS SI 20250306 PS;SIMPLE_INSTRUMENT;EFS;EUR;28;107.28000000;2714;EXCHANGE_LAST;;1;1;XEUR;11286681;690;
10.12.2024;15:16:42.875;FGBS SI 20250306 PS;SIMPLE_INSTRUMENT;VOLA;EUR;268435483;107.26500000;640;EXCHANGE_LAST;;1;1;XEUR;11286681;690;
10.12.2024;08:31:47.805;FGBX SI 20250306 PS;SIMPLE_INSTRUMENT;EFS;EUR;2;138.48000000;174;EXCHANGE_LAST;;1;1;XEUR;11286682;691;
10.12.2024;08:33:19.535;FGBX SI 20250306 PS;SIMPLE_INSTRUMENT;EFS;EUR;3;138.50000000;87;EXCHANGE_LAST;;1;1;XEUR;11286682;691;
10.12.2024;08:42:34.909;FGBX SI 20250306 PS;SIMPLE_INSTRUMENT;EFP_FIN;EUR;4;138.60000000;258;EXCHANGE_LAST;;1;1;XEUR;11286682;691;
10.12.2024;08:58:04.974;FGBX SI 20250306 PS;SIMPLE_INSTRUMENT;EFS;EUR;5;138.88000000;173;EXCHANGE_LAST;;1;1;XEUR;11286682;691;
10.12.2024;09:06:08.839;FGBX SI 20250306 PS;SIMPLE_INSTRUMENT;EFP_FIN;EUR;7;138.64000000;111;EXCHANGE_LAST;;1;1;XEUR;11286682;691;
10.12.2024;09:15:40.366;FGBX SI 20250306 PS;SIMPLE_INSTRUMENT;EFP_FIN;EUR;9;139.22000000;55;EXCHANGE_LAST;;1;1;XEUR;11286682;691;
10.12.2024;09:23:42.802;FGBX SI 20250306 PS;SIMPLE_INSTRUMENT;EFS;EUR;10;139.24000000;258;EXCHANGE_LAST;;1;1;XEUR;11286682;691;
10.12.2024;09:34:38.703;FGBX SI 20250306 PS;SIMPLE_INSTRUMENT;EFP_FIN;EUR;12;139.12000000;50;EXCHANGE_LAST;;1;1;XEUR;11286682;691;
10.12.2024;09:38:38.661;FGBX SI 20250306 PS;SIMPLE_INSTRUMENT;BLOCK;EUR;14;139.16000000;100;EXCHANGE_LAST;;1;1;XEUR;11286682;691;
10.12.2024;09:42:46.968;FGBX SI 20250306 PS;SIMPLE_INSTRUMENT;EFS;EUR;15;138.94000000;343;EXCHANGE_LAST;;1;1;XEUR;11286682;691;
10.12.2024;09:44:02.739;FGBX SI 20250306 PS;SIMPLE_INSTRUMENT;EFS;EUR;16;139.08000000;181;EXCHANGE_LAST;;1;1;XEUR;11286682;691;
10.12.2024;10:09:59.594;FGBX SI 20250306 PS;SIMPLE_INSTRUMENT;EFP_FIN;EUR;17;138.94000000;74;EXCHANGE_LAST;;1;1;XEUR;11286682;691;
10.12.2024;10:14:40.456;FGBX SI 20250306 PS;SIMPLE_INSTRUMENT;EFP_FIN;EUR;18;138.94000000;297;EXCHANGE_LAST;;1;1;XEUR;11286682;691;
10.12.2024;10:23:44.923;FGBX SI 20250306 PS;SIMPLE_INSTRUMENT;EFS;EUR;20;138.96000000;343;EXCHANGE_LAST;;1;1;XEUR;11286682;691;
10.12.2024;11:00:47.359;FGBX SI 20250306 PS;SIMPLE_INSTRUMENT;EFP_FIN;EUR;23;138.78000000;81;EXCHANGE_LAST;;1;1;XEUR;11286682;691;
10.12.2024;11:25:13.743;FGBX SI 20250306 PS;SIMPLE_INSTRUMENT;EFP_FIN;EUR;24;138.64000000;371;EXCHANGE_LAST;;1;1;XEUR;11286682;691;
10.12.2024;13:26:07.164;FGBX SI 20250306 PS;SIMPLE_INSTRUMENT;EFP_FIN;EUR;27;139.24000000;186;EXCHANGE_LAST;;1;1;XEUR;11286682;691;
10.12.2024;13:23:46.665;FGBX SI 20250306 PS;SIMPLE_INSTRUMENT;EFP_FIN;EUR;28;139.24000000;260;EXCHANGE_LAST;;1;1;XEUR;11286682;691;
10.12.2024;14:12:56.464;FGBX SI 20250306 PS;SIMPLE_INSTRUMENT;EFS;EUR;31;139.08000000;172;EXCHANGE_LAST;;1;1;XEUR;11286682;691;
10.12.2024;14:20:11.794;FGBX SI 20250306 PS;SIMPLE_INSTRUMENT;EFS;EUR;32;139.14000000;302;EXCHANGE_LAST;;1;1;XEUR;11286682;691;
10.12.2024;14:29:17.019;FGBX SI 20250306 PS;SIMPLE_INSTRUMENT;EFP_FIN;EUR;33;139.14000000;206;EXCHANGE_LAST;;1;1;XEUR;11286682;691;
10.12.2024;15:08:57.194;FGBX SI 20250306 PS;SIMPLE_INSTRUMENT;EFS;EUR;35;139.56000000;163;EXCHANGE_LAST;;1;1;XEUR;11286682;691;
10.12.2024;15:14:28.705;FGBX SI 20250306 PS;SIMPLE_INSTRUMENT;EFS;EUR;37;139.44000000;172;EXCHANGE_LAST;;1;1;XEUR;11286682;691;
10.12.2024;16:07:39.856;FGBX SI 20250306 PS;SIMPLE_INSTRUMENT;EFP_FIN;EUR;39;138.74000000;186;EXCHANGE_LAST;;1;1;XEUR;11286682;691;
10.12.2024;16:22:53.928;FGBX SI 20250306 PS;SIMPLE_INSTRUMENT;EFS;EUR;42;139.00000000;200;EXCHANGE_LAST;;1;1;XEUR;11286682;691;
10.12.2024;16:26:16.539;FGBX SI 20250306 PS;SIMPLE_INSTRUMENT;EFS;EUR;44;138.98000000;411;EXCHANGE_LAST;;1;1;XEUR;11286682;691;
10.12.2024;17:03:58.980;FGBX SI 20250306 PS;SIMPLE_INSTRUMENT;EFS;EUR;46;138.90000000;410;EXCHANGE_LAST;;1;1;XEUR;11286682;691;
10.12.2024;08:44:15.304;FGBX SI 20250306 PS;SIMPLE_INSTRUMENT;VOLA;EUR;268435462;138.50000000;85;EXCHANGE_LAST;;1;1;XEUR;11286682;691;
10.12.2024;15:00:36.603;FGBX SI 20250306 PS;SIMPLE_INSTRUMENT;VOLA;EUR;268435480;139.48000000;9;EXCHANGE_LAST;;1;1;XEUR;11286682;691;
10.12.2024;11:38:14.366;FIA5 SI 20250619 PS AM P 11.00 0;SIMPLE_INSTRUMENT;BLOCK;EUR;5;0.51000000;1000;EXCHANGE_LAST;;1;1;XEUR;11340123;48227;
10.12.2024;08:47:28.504;FMAU SI 20241220 CS;SIMPLE_INSTRUMENT;BLOCK;USD;45;5870.00000000;852;EXCHANGE_LAST;;1;1;XEUR;7192605;45287;
10.12.2024;08:50:14.981;FMAU SI 20241220 CS;SIMPLE_INSTRUMENT;BLOCK;USD;46;5871.00000000;1704;EXCHANGE_LAST;;2;1;XEUR;7192605;45287;
10.12.2024;08:47:54.360;FMAU SI 20250321 CS;SIMPLE_INSTRUMENT;BLOCK;USD;47;5942.78800000;842;EXCHANGE_LAST;;1;1;XEUR;7590511;45287;
10.12.2024;08:50:15.625;FMAU SI 20250321 CS;SIMPLE_INSTRUMENT;BLOCK;USD;48;5943.80000000;1684;EXCHANGE_LAST;;1;2;XEUR;7590511;45287;
10.12.2024;08:53:22.753;FMAU SI 20241220 CS;SIMPLE_INSTRUMENT;BLOCK;USD;51;5860.00000000;202;EXCHANGE_LAST;;1;1;XEUR;7192605;45287;
10.12.2024;08:53:33.250;FMAU SI 20250321 CS;SIMPLE_INSTRUMENT;BLOCK;USD;52;5932.66400000;200;EXCHANGE_LAST;;1;1;XEUR;7590511;45287;
10.12.2024;09:26:12.415;FMAU SI 20241220 CS;SIMPLE_INSTRUMENT;BLOCK;USD;56;5871.00000000;426;EXCHANGE_LAST;;1;1;XEUR;7192605;45287;
10.12.2024;09:26:13.025;FMAU SI 20250321 CS;SIMPLE_INSTRUMENT;BLOCK;USD;59;5943.80000000;421;EXCHANGE_LAST;;1;1;XEUR;7590511;45287;
10.12.2024;10:05:11.738;FMBZ SI 20241220 CS;SIMPLE_INSTRUMENT;BLOCK;USD;67;481.67100000;429;EXCHANGE_LAST;;1;1;XEUR;7196794;402910;
10.12.2024;06:57:03.665;FMCH SI 20241220 CS;SIMPLE_INSTRUMENT;BLOCK;USD;19;522.90000000;650;EXCHANGE_LAST;;1;1;XEUR;7196792;402909;
10.12.2024;00:28:36.469;FMEA SI 20241220 CS;SIMPLE_INSTRUMENT;BLOCK;USD;1;719.00000000;2785;EXCHANGE_LAST;;1;1;XEUR;7191938;12395;
10.12.2024;00:29:02.451;FMEA SI 20250321 CS;SIMPLE_INSTRUMENT;BLOCK;USD;2;728.41900000;2749;EXCHANGE_LAST;;1;1;XEUR;7589834;12395;
10.12.2024;00:29:24.971;FMEA SI 20241220 CS;SIMPLE_INSTRUMENT;BLOCK;USD;3;719.00000000;3480;EXCHANGE_LAST;;1;1;XEUR;7191938;12395;
10.12.2024;00:29:44.456;FMEA SI 20250321 CS;SIMPLE_INSTRUMENT;BLOCK;USD;4;728.49100000;3435;EXCHANGE_LAST;;1;1;XEUR;7589834;12395;
10.12.2024;06:44:16.834;FMEA SI 20241220 CS;SIMPLE_INSTRUMENT;BLOCK;USD;17;719.00000000;695;EXCHANGE_LAST;;1;1;XEUR;7191938;12395;
10.12.2024;06:44:23.633;FMEA SI 20250321 CS;SIMPLE_INSTRUMENT;BLOCK;USD;18;728.41900000;686;EXCHANGE_LAST;;1;1;XEUR;7589834;12395;
10.12.2024;10:17:15.368;FMEA SI 20241220 CS;SIMPLE_INSTRUMENT;BLOCK;USD;68;719.00000000;1391;EXCHANGE_LAST;;1;1;XEUR;7191938;12395;
10.12.2024;10:17:29.710;FMEA SI 20250321 CS;SIMPLE_INSTRUMENT;BLOCK;USD;69;728.49100000;1373;EXCHANGE_LAST;;1;1;XEUR;7589834;12395;
10.12.2024;10:56:16.792;FMEA SI 20241220 CS;SIMPLE_INSTRUMENT;BLOCK;USD;73;703.00000000;4268;EXCHANGE_LAST;;1;1;XEUR;7191938;12395;
10.12.2024;10:57:24.547;FMEA SI 20250321 CS;SIMPLE_INSTRUMENT;BLOCK;USD;74;712.20900000;4213;EXCHANGE_LAST;;1;1;XEUR;7589834;12395;
10.12.2024;11:10:53.259;FMEA SI 20241220 CS;SIMPLE_INSTRUMENT;BLOCK;USD;79;702.50000000;1423;EXCHANGE_LAST;;1;1;XEUR;7191938;12395;
10.12.2024;11:09:23.760;FMEA SI 20241220 CS;SIMPLE_INSTRUMENT;BLOCK;USD;80;703.00000000;711;EXCHANGE_LAST;;1;1;XEUR;7191938;12395;
10.12.2024;11:09:46.254;FMEA SI 20250321 CS;SIMPLE_INSTRUMENT;BLOCK;USD;81;712.20900000;702;EXCHANGE_LAST;;1;1;XEUR;7589834;12395;
10.12.2024;11:11:26.985;FMEA SI 20250620 CS;SIMPLE_INSTRUMENT;BLOCK;USD;82;719.74600000;1389;EXCHANGE_LAST;;1;1;XEUR;7938804;12395;
10.12.2024;11:10:10.579;FMEA SI 20241220 CS;SIMPLE_INSTRUMENT;BLOCK;USD;87;702.50000000;7117;EXCHANGE_LAST;;1;1;XEUR;7191938;12395;
10.12.2024;11:10:36.136;FMEA SI 20250620 CS;SIMPLE_INSTRUMENT;BLOCK;USD;88;719.74600000;6946;EXCHANGE_LAST;;1;1;XEUR;7938804;12395;
10.12.2024;11:14:18.079;FMEA SI 20241220 CS;SIMPLE_INSTRUMENT;BLOCK;USD;89;703.00000000;1425;EXCHANGE_LAST;;1;1;XEUR;7191938;12395;
10.12.2024;11:14:22.014;FMEA SI 20250919 CS;SIMPLE_INSTRUMENT;BLOCK;USD;90;728.09700000;1376;EXCHANGE_LAST;;1;1;XEUR;8427804;12395;
10.12.2024;11:32:35.759;FMEA SI 20241220 CS;SIMPLE_INSTRUMENT;BLOCK;USD;96;703.00000000;712;EXCHANGE_LAST;;1;1;XEUR;7191938;12395;
10.12.2024;11:31:58.633;FMEA SI 20250321 CS;SIMPLE_INSTRUMENT;BLOCK;USD;97;712.20900000;703;EXCHANGE_LAST;;1;1;XEUR;7589834;12395;
10.12.2024;11:28:04.146;FMEA SI 20241220 CS;SIMPLE_INSTRUMENT;BLOCK;USD;98;702.50000000;1423;EXCHANGE_LAST;;1;1;XEUR;7191938;12395;
10.12.2024;11:28:25.224;FMEA SI 20250620 CS;SIMPLE_INSTRUMENT;BLOCK;USD;99;719.74600000;1389;EXCHANGE_LAST;;1;1;XEUR;7938804;12395;
10.12.2024;11:40:54.237;FMEA SI 20241220 CS;SIMPLE_INSTRUMENT;BLOCK;USD;100;703.00000000;470;EXCHANGE_LAST;;1;1;XEUR;7191938;12395;
10.12.2024;11:41:01.891;FMEA SI 20250321 CS;SIMPLE_INSTRUMENT;BLOCK;USD;101;712.24400000;470;EXCHANGE_LAST;;1;1;XEUR;7589834;12395;
10.12.2024;12:33:42.866;FMEA SI 20241220 CS;SIMPLE_INSTRUMENT;BLOCK;USD;102;704.60000000;1419;EXCHANGE_LAST;;1;1;XEUR;7191938;12395;
10.12.2024;12:34:20.533;FMEA SI 20250620 CS;SIMPLE_INSTRUMENT;BLOCK;USD;104;721.96800000;1385;EXCHANGE_LAST;;1;1;XEUR;7938804;12395;
10.12.2024;13:22:22.384;FMEA SI 20241220 CS;SIMPLE_INSTRUMENT;BLOCK;USD;109;704.60000000;2130;EXCHANGE_LAST;;1;1;XEUR;7191938;12395;
10.12.2024;13:22:28.221;FMEA SI 20251219 CS;SIMPLE_INSTRUMENT;BLOCK;USD;110;737.78700000;2034;EXCHANGE_LAST;;1;1;XEUR;8837826;12395;
10.12.2024;16:03:58.150;FMEA SI 20241220 CS;SIMPLE_INSTRUMENT;BLOCK;USD;118;704.60000000;1420;EXCHANGE_LAST;;1;1;XEUR;7191938;12395;
10.12.2024;16:16:41.490;FMEA SI 20251219 CS;SIMPLE_INSTRUMENT;BLOCK;USD;120;737.71600000;1356;EXCHANGE_LAST;;1;1;XEUR;8837826;12395;
10.12.2024;16:34:52.874;FMEA SI 20250321 CS;SIMPLE_INSTRUMENT;BLOCK;USD;125;713.86500000;1402;EXCHANGE_LAST;;1;1;XEUR;7589834;12395;
10.12.2024;10:01:02.610;FMED SI 20241220 CS;SIMPLE_INSTRUMENT;BLOCK;USD;66;9589.96000000;1825;EXCHANGE_LAST;;1;1;XEUR;7193401;48144;
10.12.2024;10:59:07.327;FMED SI 20241220 CS;SIMPLE_INSTRUMENT;BLOCK;USD;75;9509.00000000;3155;EXCHANGE_LAST;;1;1;XEUR;7193401;48144;
10.12.2024;11:00:01.972;FMED SI 20250321 CS;SIMPLE_INSTRUMENT;BLOCK;USD;76;9633.56800000;3114;EXCHANGE_LAST;;1;1;XEUR;7590729;48144;
10.12.2024;11:07:45.529;FMED SI 20241220 CS;SIMPLE_INSTRUMENT;BLOCK;USD;77;9511.00000000;1051;EXCHANGE_LAST;;1;1;XEUR;7193401;48144;
10.12.2024;11:08:14.116;FMED SI 20250321 CS;SIMPLE_INSTRUMENT;BLOCK;USD;78;9635.60000000;1037;EXCHANGE_LAST;;1;1;XEUR;7590729;48144;
10.12.2024;11:28:13.559;FMED SI 20241220 CS;SIMPLE_INSTRUMENT;BLOCK;USD;84;9509.00000000;2110;EXCHANGE_LAST;;2;2;XEUR;7193401;48144;
10.12.2024;11:30:57.316;FMED SI 20250321 CS;SIMPLE_INSTRUMENT;BLOCK;USD;85;9633.56800000;2082;EXCHANGE_LAST;;2;2;XEUR;7590729;48144;
10.12.2024;14:36:31.906;FMED SI 20241220 CS;SIMPLE_INSTRUMENT;BLOCK;USD;111;9521.00000000;4202;EXCHANGE_LAST;;1;1;XEUR;7193401;48144;
10.12.2024;14:36:33.262;FMED SI 20250321 CS;SIMPLE_INSTRUMENT;BLOCK;USD;112;9646.20100000;4148;EXCHANGE_LAST;;1;1;XEUR;7590729;48144;
10.12.2024;17:15:08.856;FMED SI 20241220 CS;SIMPLE_INSTRUMENT;BLOCK;USD;131;9465.00000000;1043;EXCHANGE_LAST;;1;1;XEUR;7193401;48144;
10.12.2024;17:15:38.142;FMED SI 20250321 CS;SIMPLE_INSTRUMENT;BLOCK;USD;132;9589.46500000;1029;EXCHANGE_LAST;;1;1;XEUR;7590729;48144;
10.12.2024;07:41:51.662;FMEE SI 20241220 CS;SIMPLE_INSTRUMENT;BLOCK;USD;32;321.27500000;315;EXCHANGE_LAST;;1;1;XEUR;7191941;12396;
10.12.2024;10:33:31.056;FMEF.S.DEC24.MAR25.SPD;FUTURES_SPREAD;BLOCK;USD;72;-9.75000000;900;EXCHANGE_LAST;;1;1;XEUR;72189264850321784;30657;
10.12.2024;10:33:31.056;FMEF SI 20250321 CS;SIMPLE_INSTRUMENT;BLOCK;USD;72;1120.35000000;900;PRC_DECOMP_MEMBER;;;;XEUR;7408970;30657;MEMBER
10.12.2024;10:33:31.056;FMEF SI 20241220 CS;SIMPLE_INSTRUMENT;BLOCK;USD;72;1110.60000000;900;PRC_DECOMP_MEMBER;;;;XEUR;7192304;30657;MEMBER
10.12.2024;07:40:13.743;FMEL SI 20241220 CS;SIMPLE_INSTRUMENT;BLOCK;USD;31;508.81600000;80;EXCHANGE_LAST;;1;1;XEUR;7191942;12397;
10.12.2024;09:38:22.640;FMEL SI 20241220 CS;SIMPLE_INSTRUMENT;BLOCK;USD;61;508.81600000;40;EXCHANGE_LAST;;1;1;XEUR;7191942;12397;
10.12.2024;07:59:38.202;FMEN SI 20241220 CS;SIMPLE_INSTRUMENT;EFP_IDX;EUR;38;526.68800000;10;EXCHANGE_LAST;;1;1;XEUR;7192297;30652;
10.12.2024;07:31:21.616;FMES SI 20241220 CS;SIMPLE_INSTRUMENT;BLOCK;EUR;26;569.92100000;15;EXCHANGE_LAST;;1;1;XEUR;7194760;221291;
10.12.2024;11:25:55.686;FMEU SI 20241220 CS;SIMPLE_INSTRUMENT;BLOCK;EUR;94;344.30000000;2500;EXCHANGE_LAST;;1;1;XEUR;7191848;7058;
10.12.2024;11:26:30.308;FMEU SI 20250321 CS;SIMPLE_INSTRUMENT;BLOCK;EUR;95;347.38000000;2478;EXCHANGE_LAST;;1;1;XEUR;7589708;7058;
10.12.2024;11:10:49.474;FMEV SI 20241220 CS;SIMPLE_INSTRUMENT;BLOCK;EUR;83;327.30000000;30;EXCHANGE_LAST;;1;1;XEUR;7192220;18605;
10.12.2024;11:11:15.796;FMEV SI 20250321 CS;SIMPLE_INSTRUMENT;BLOCK;EUR;86;330.11000000;30;EXCHANGE_LAST;;1;1;XEUR;7590116;18605;
10.12.2024;16:03:45.711;FMFP.S.DEC24.MAR25.SPD;FUTURES_SPREAD;BLOCK;USD;117;-21.40000000;200;EXCHANGE_LAST;;1;1;XEUR;72280928042352959;51999;
10.12.2024;16:03:45.711;FMFP SI 20250321 CS;SIMPLE_INSTRUMENT;BLOCK;USD;117;2364.40000000;200;PRC_DECOMP_MEMBER;;;;XEUR;7411195;51999;MEMBER
10.12.2024;16:03:45.711;FMFP SI 20241220 CS;SIMPLE_INSTRUMENT;BLOCK;USD;117;2343.00000000;200;PRC_DECOMP_MEMBER;;;;XEUR;7193657;51999;MEMBER
10.12.2024;16:02:50.936;FMFP SI 20241220 CS;SIMPLE_INSTRUMENT;VOLA;USD;603979819;2343.00000000;138;EXCHANGE_LAST;;1;1;XEUR;7193657;51999;
10.12.2024;09:05:34.804;FMGC SI 20241220 CS;SIMPLE_INSTRUMENT;BLOCK;USD;53;13237.20000000;113;EXCHANGE_LAST;;1;1;XEUR;7193447;48916;
10.12.2024;10:00:18.662;FMGC SI 20241220 CS;SIMPLE_INSTRUMENT;BLOCK;USD;65;13237.20000000;1123;EXCHANGE_LAST;;1;1;XEUR;7193447;48916;
10.12.2024;06:56:54.019;FMGD SI 20241220 CS;SIMPLE_INSTRUMENT;BLOCK;USD;20;2815.47000000;1243;EXCHANGE_LAST;;1;1;XEUR;8609345;583624;
10.12.2024;14:49:49.286;FMGO SI 20241220 CS;SIMPLE_INSTRUMENT;BLOCK;USD;114;5242.00000000;166;EXCHANGE_LAST;;1;1;XEUR;8609363;583623;
10.12.2024;07:01:05.538;FMGQ SI 20250321 CS;SIMPLE_INSTRUMENT;BLOCK;USD;23;5247.43000000;80;EXCHANGE_LAST;;1;1;XEUR;8609376;583625;
10.12.2024;07:34:06.310;FMGS SI 20241220 CS;SIMPLE_INSTRUMENT;BLOCK;USD;27;27712.86300000;720;EXCHANGE_LAST;;1;1;XEUR;7193445;48912;
10.12.2024;02:34:12.096;FMHK SI 20241220 CS;SIMPLE_INSTRUMENT;BLOCK;USD;9;58736.50800000;55;EXCHANGE_LAST;;2;1;XEUR;7192592;45282;
10.12.2024;07:59:16.595;FMHK SI 20241220 CS;SIMPLE_INSTRUMENT;BLOCK;USD;37;58950.00000000;16;EXCHANGE_LAST;;1;1;XEUR;7192592;45282;
10.12.2024;14:44:43.544;FMID SI 20241220 CS;SIMPLE_INSTRUMENT;BLOCK;USD;13;1721.60000000;601;EXCHANGE_LAST;;1;1;XEUR;7192610;45289;
10.12.2024;02:31:12.696;FMIN SI 20241220 CS;SIMPLE_INSTRUMENT;BLOCK;USD;8;1317.91200000;150;EXCHANGE_LAST;;1;1;XEUR;7191968;12404;
10.12.2024;07:34:53.770;FMIN SI 20241220 CS;SIMPLE_INSTRUMENT;BLOCK;USD;28;1317.68000000;150;EXCHANGE_LAST;;1;1;XEUR;7191968;12404;
10.12.2024;07:35:21.316;FMIN SI 20250321 CS;SIMPLE_INSTRUMENT;EFP_IDX;USD;29;1340.19500000;168;EXCHANGE_LAST;;1;1;XEUR;7589865;12404;
10.12.2024;08:16:46.101;FMIN SI 20241220 CS;SIMPLE_INSTRUMENT;BLOCK;USD;39;1313.00000000;150;EXCHANGE_LAST;;1;1;XEUR;7191968;12404;
10.12.2024;08:17:30.104;FMIN SI 20250321 CS;SIMPLE_INSTRUMENT;BLOCK;USD;41;1333.48000000;150;EXCHANGE_LAST;;1;1;XEUR;7589865;12404;
10.12.2024;09:32:56.880;FMIN SI 20241220 CS;SIMPLE_INSTRUMENT;BLOCK;USD;60;1317.91200000;81;EXCHANGE_LAST;;1;1;XEUR;7191968;12404;
10.12.2024;01:06:59.449;FMJP SI 20241220 CS;SIMPLE_INSTRUMENT;BLOCK;USD;5;8801.94900000;5640;EXCHANGE_LAST;;4;1;XEUR;7190889;661;
10.12.2024;04:56:44.469;FMJP SI 20241220 CS;SIMPLE_INSTRUMENT;BLOCK;USD;13;8832.00000000;3991;EXCHANGE_LAST;;1;1;XEUR;7190889;661;
10.12.2024;04:57:07.259;FMJP SI 20250321 CS;SIMPLE_INSTRUMENT;BLOCK;USD;14;8945.93300000;3941;EXCHANGE_LAST;;1;1;XEUR;7588794;661;
10.12.2024;08:17:25.983;FMJP SI 20241220 CS;SIMPLE_INSTRUMENT;BLOCK;USD;40;8806.00000000;1136;EXCHANGE_LAST;;1;1;XEUR;7190889;661;
10.12.2024;08:18:10.538;FMJP SI 20250321 CS;SIMPLE_INSTRUMENT;BLOCK;USD;42;8919.59700000;1121;EXCHANGE_LAST;;1;1;XEUR;7588794;661;
10.12.2024;08:44:43.956;FMJP SI 20241220 CS;SIMPLE_INSTRUMENT;BLOCK;USD;43;8790.00000000;1865;EXCHANGE_LAST;;1;1;XEUR;7190889;661;
10.12.2024;08:44:53.669;FMJP SI 20250321 CS;SIMPLE_INSTRUMENT;BLOCK;USD;44;8903.39100000;1841;EXCHANGE_LAST;;1;1;XEUR;7588794;661;
10.12.2024;08:48:05.189;FMJP SI 20241220 CS;SIMPLE_INSTRUMENT;BLOCK;USD;49;8790.00000000;911;EXCHANGE_LAST;;1;1;XEUR;7190889;661;
10.12.2024;08:48:15.011;FMJP SI 20250321 CS;SIMPLE_INSTRUMENT;BLOCK;USD;50;8903.39100000;900;EXCHANGE_LAST;;1;1;XEUR;7588794;661;
10.12.2024;09:43:47.841;FMJP SI 20241220 CS;SIMPLE_INSTRUMENT;BLOCK;USD;62;8793.00000000;1137;EXCHANGE_LAST;;1;1;XEUR;7190889;661;
10.12.2024;09:44:28.467;FMJP SI 20250321 CS;SIMPLE_INSTRUMENT;BLOCK;USD;63;8905.99000000;1123;EXCHANGE_LAST;;1;1;XEUR;7588794;661;
10.12.2024;10:23:30.097;FMJP SI 20241220 CS;SIMPLE_INSTRUMENT;BLOCK;USD;70;8800.00000000;570;EXCHANGE_LAST;;1;1;XEUR;7190889;661;
10.12.2024;10:23:54.604;FMJP SI 20250321 CS;SIMPLE_INSTRUMENT;BLOCK;USD;71;8913.08000000;563;EXCHANGE_LAST;;1;1;XEUR;7588794;661;
10.12.2024;07:38:15.131;FMMU SI 20241220 CS;SIMPLE_INSTRUMENT;EFP_IDX;EUR;30;301.56100000;10;EXCHANGE_LAST;;1;1;XEUR;7193396;48138;
10.12.2024;18:23:06.272;FMMU SI 20241220 CS;SIMPLE_INSTRUMENT;BLOCK;EUR;133;300.25000000;1373;EXCHANGE_LAST;;1;1;XEUR;7193396;48138;
10.12.2024;18:23:26.060;FMMU SI 20250321 CS;SIMPLE_INSTRUMENT;BLOCK;EUR;134;302.84700000;1361;EXCHANGE_LAST;;1;1;XEUR;7590724;48138;
10.12.2024;16:33:58.251;FMOG SI 20241220 CS;SIMPLE_INSTRUMENT;BLOCK;USD;123;12143.81000000;3;EXCHANGE_LAST;;1;1;XEUR;7193554;51877;
10.12.2024;16:34:02.596;FMOV SI 20241220 CS;SIMPLE_INSTRUMENT;BLOCK;USD;124;14314.17000000;2;EXCHANGE_LAST;;1;1;XEUR;7193552;51878;
10.12.2024;09:59:33.926;FMPA SI 20241220 CS;SIMPLE_INSTRUMENT;BLOCK;USD;64;8710.84300000;250;EXCHANGE_LAST;;1;1;XEUR;7193399;48143;
10.12.2024;08:59:27.725;FMPL SI 20250321 CS;SIMPLE_INSTRUMENT;BLOCK;USD;1;219.10300000;50;EXCHANGE_LAST;;1;1;XEUR;7589870;12678;
10.12.2024;02:28:40.459;FMPX SI 20241220 CS;SIMPLE_INSTRUMENT;BLOCK;USD;6;8419.82700000;19;EXCHANGE_LAST;;1;1;XEUR;7192613;45291;
10.12.2024;09:54:48.404;FMSI SI 20241220 CS;SIMPLE_INSTRUMENT;BLOCK;USD;7;17400.00000000;50;EXCHANGE_LAST;;1;1;XEUR;7193558;51883;
10.12.2024;09:55:00.187;FMSI SI 20250321 CS;SIMPLE_INSTRUMENT;BLOCK;USD;8;17624.46000000;50;EXCHANGE_LAST;;1;1;XEUR;7590881;51883;
10.12.2024;02:27:45.134;FMTH SI 20241220 CS;SIMPLE_INSTRUMENT;BLOCK;USD;7;1229.16800000;493;EXCHANGE_LAST;;1;1;XEUR;7192052;12681;
10.12.2024;00:55:49.487;FMTW SI 20241220 CS;SIMPLE_INSTRUMENT;BLOCK;USD;1;840.68700000;121;EXCHANGE_LAST;;1;1;XEUR;7193559;51884;
10.12.2024;08:53:47.186;FMTW SI 20241220 CS;SIMPLE_INSTRUMENT;BLOCK;USD;2;835.00000000;180;EXCHANGE_LAST;;1;1;XEUR;7193559;51884;
10.12.2024;08:57:09.417;FMTW SI 20250321 CS;SIMPLE_INSTRUMENT;BLOCK;USD;3;845.93800000;89;EXCHANGE_LAST;;1;1;XEUR;7590882;51884;
10.12.2024;08:57:25.530;FMTW SI 20250321 CS;SIMPLE_INSTRUMENT;BLOCK;USD;4;845.93900000;89;EXCHANGE_LAST;;1;1;XEUR;7590882;51884;
10.12.2024;09:44:01.355;FMTW SI 20241220 CS;SIMPLE_INSTRUMENT;BLOCK;USD;5;830.00000000;180;EXCHANGE_LAST;;1;1;XEUR;7193559;51884;
10.12.2024;09:44:11.546;FMTW SI 20250321 CS;SIMPLE_INSTRUMENT;BLOCK;USD;6;840.87300000;178;EXCHANGE_LAST;;1;1;XEUR;7590882;51884;
10.12.2024;10:14:37.337;FMTW SI 20241220 CS;SIMPLE_INSTRUMENT;BLOCK;USD;11;829.80000000;121;EXCHANGE_LAST;;1;1;XEUR;7193559;51884;
10.12.2024;10:14:51.470;FMTW SI 20250321 CS;SIMPLE_INSTRUMENT;BLOCK;USD;12;840.67000000;119;EXCHANGE_LAST;;1;1;XEUR;7590882;51884;
10.12.2024;06:57:56.116;FMWN SI 20241220 CS;SIMPLE_INSTRUMENT;BLOCK;EUR;21;588.12000000;1730;EXCHANGE_LAST;;1;1;XEUR;7192300;30654;
10.12.2024;07:25:17.305;FMWN SI 20241220 CS;SIMPLE_INSTRUMENT;BLOCK;EUR;24;587.55000000;560;EXCHANGE_LAST;;2;1;XEUR;7192300;30654;
10.12.2024;07:51:49.817;FMWN SI 20241220 CS;SIMPLE_INSTRUMENT;EFP_IDX;EUR;35;587.99000000;631;EXCHANGE_LAST;;1;1;XEUR;7192300;30654;
10.12.2024;14:36:36.706;FMWN.S.DEC24.MAR25.SPD;FUTURES_SPREAD;BLOCK;EUR;113;-5.40000000;120;EXCHANGE_LAST;;1;1;XEUR;72189251965419894;30654;
10.12.2024;14:36:36.706;FMWN SI 20250321 CS;SIMPLE_INSTRUMENT;BLOCK;EUR;113;595.40000000;120;PRC_DECOMP_EXCHANGE;;;;XEUR;7590222;30654;EXCHANGE
10.12.2024;14:36:36.706;FMWN SI 20241220 CS;SIMPLE_INSTRUMENT;BLOCK;EUR;113;590.00000000;120;PRC_DECOMP_EXCHANGE;;;;XEUR;7192300;30654;EXCHANGE
10.12.2024;16:32:37.854;FMWN SI 20241220 CS;SIMPLE_INSTRUMENT;BLOCK;EUR;122;590.65000000;200;EXCHANGE_LAST;;1;1;XEUR;7192300;30654;
10.12.2024;07:00:13.071;FMWO SI 20241220 CS;SIMPLE_INSTRUMENT;EFP_IDX;USD;22;12160.60000000;40;EXCHANGE_LAST;;1;1;XEUR;7191849;7059;
10.12.2024;07:29:14.712;FMWO SI 20241220 CS;SIMPLE_INSTRUMENT;EFP_IDX;USD;25;12162.90000000;40;EXCHANGE_LAST;;1;1;XEUR;7191849;7059;
10.12.2024;07:44:58.594;FMWO SI 20241220 CS;SIMPLE_INSTRUMENT;EFP_IDX;USD;33;12160.85000000;78;EXCHANGE_LAST;;1;1;XEUR;7191849;7059;
10.12.2024;07:45:35.280;FMWO SI 20241220 CS;SIMPLE_INSTRUMENT;EFP_IDX;USD;34;12161.21000000;25;EXCHANGE_LAST;;1;1;XEUR;7191849;7059;
10.12.2024;07:59:31.244;FMWO SI 20241220 CS;SIMPLE_INSTRUMENT;EFP_IDX;USD;36;12160.10000000;83;EXCHANGE_LAST;;1;1;XEUR;7191849;7059;
10.12.2024;17:08:02.367;FMWO SI 20241220 CS;SIMPLE_INSTRUMENT;BLOCK;USD;130;12140.00000000;189;EXCHANGE_LAST;;1;1;XEUR;7191849;7059;
10.12.2024;06:36:52.717;FMXG SI 20250321 CS;SIMPLE_INSTRUMENT;BLOCK;EUR;15;366.70000000;6396;EXCHANGE_LAST;;1;1;XEUR;7591194;124306;
10.12.2024;06:36:53.109;FMXG SI 20250321 CS;SIMPLE_INSTRUMENT;BLOCK;EUR;16;366.80000000;622;EXCHANGE_LAST;;1;1;XEUR;7591194;124306;
10.12.2024;03:13:16.300;FMXJ SI 20241220 CS;SIMPLE_INSTRUMENT;BLOCK;USD;10;600.60000000;9;EXCHANGE_LAST;;1;1;XEUR;7193543;51660;
10.12.2024;15:52:27.476;FMZA SI 20250321 CS;SIMPLE_INSTRUMENT;BLOCK;USD;115;627.09900000;239;EXCHANGE_LAST;;1;1;XEUR;7589899;12680;
10.12.2024;15:52:27.888;FMZA SI 20241220 CS;SIMPLE_INSTRUMENT;BLOCK;USD;116;620.00000000;242;EXCHANGE_LAST;;1;1;XEUR;7192043;12680;
10.12.2024;10:09:38.150;FO4I SI 20241220 CS;SIMPLE_INSTRUMENT;BLOCK;EUR;8;47.18970000;7500;EXCHANGE_LAST;;1;1;XEUR;7051046;57111;
10.12.2024;13:48:16.826;FO4I SI 20241220 CS;SIMPLE_INSTRUMENT;BLOCK;EUR;52;47.18970000;8000;EXCHANGE_LAST;;1;1;XEUR;7051046;57111;
10.12.2024;08:52:38.517;FOAT SI 20250306 PS;SIMPLE_INSTRUMENT;EFP_FIN;EUR;1;126.28000000;417;EXCHANGE_LAST;;1;1;XEUR;11286683;749;
10.12.2024;09:07:45.071;FOAT SI 20250306 PS;SIMPLE_INSTRUMENT;EFP_FIN;EUR;2;126.28000000;834;EXCHANGE_LAST;;1;1;XEUR;11286683;749;
10.12.2024;09:17:42.449;FOAT SI 20250306 PS;SIMPLE_INSTRUMENT;EFP_FIN;EUR;3;126.38000000;417;EXCHANGE_LAST;;1;1;XEUR;11286683;749;
10.12.2024;09:28:58.264;FOAT SI 20250306 PS;SIMPLE_INSTRUMENT;EFP_FIN;EUR;4;126.53000000;109;EXCHANGE_LAST;;1;1;XEUR;11286683;749;
10.12.2024;09:30:48.997;FOAT SI 20250306 PS;SIMPLE_INSTRUMENT;EFP_FIN;EUR;5;126.53000000;228;EXCHANGE_LAST;;1;1;XEUR;11286683;749;
10.12.2024;09:31:49.809;FOAT SI 20250306 PS;SIMPLE_INSTRUMENT;EFP_FIN;EUR;6;126.29000000;417;EXCHANGE_LAST;;1;1;XEUR;11286683;749;
10.12.2024;09:50:06.700;FOAT SI 20250306 PS;SIMPLE_INSTRUMENT;EFP_FIN;EUR;7;126.51000000;137;EXCHANGE_LAST;;1;1;XEUR;11286683;749;
