#Date;TrdTime;Contract;ContractType;TrdTyp;Currency;TesId;Prc;Qty;TrdInd;Aggressor;Buy;Sell;Exch;InstrumentId;RelatedProdId;PrcDecomp
11.06.2025;14:39:58.487;7PIF SI 20250918 CS;SIMPLE_INSTRUMENT;BLOCK;EUR;87;18.27860000;1300;EXCHANGE_LAST;;1;1;XEUR;11692904;48299;
11.06.2025;15:11:15.552;7PIF SI 20250918 CS;SIMPLE_INSTRUMENT;BLOCK;EUR;101;18.27860000;500;EXCHANGE_LAST;;1;1;XEUR;11692904;48299;
11.06.2025;10:47:46.762;A2DS SI 20261218 CS;SIMPLE_INSTRUMENT;BLOCK;EUR;29;2.90000000;25;EXCHANGE_LAST;;1;1;XEUR;6818612;9701;
11.06.2025;12:31:55.599;A2SG SI 20251219 CS;SIMPLE_INSTRUMENT;BLOCK;EUR;58;1.48000000;750;EXCHANGE_LAST;;1;1;XEUR;5914262;14;
11.06.2025;11:10:02.148;A2SM SI 20261218 CS;SIMPLE_INSTRUMENT;BLOCK;EUR;38;8.05000000;15;EXCHANGE_LAST;;1;1;XEUR;6796961;15;
11.06.2025;15:21:55.686;A2XA SI 20261218 CS;SIMPLE_INSTRUMENT;BLOCK;EUR;105;2.35000000;200;EXCHANGE_LAST;;1;1;XEUR;4632093;17;
11.06.2025;15:25:23.776;A2XA SI 20261218 CS;SIMPLE_INSTRUMENT;BLOCK;EUR;106;2.36000000;200;EXCHANGE_LAST;;1;1;XEUR;4632093;17;
11.06.2025;15:34:06.152;A2XA SI 20261218 CS;SIMPLE_INSTRUMENT;BLOCK;EUR;109;2.35000000;50;EXCHANGE_LAST;;1;1;XEUR;4632093;17;
11.06.2025;11:17:07.965;ABBE.O.250611.JR.000001;STANDARD_OPTION_STRATEGY;BLOCK;CHF;49;0.99000000;1006;EXCHANGE_LAST;;1;1;XEUR;74525121468962406;574516;
11.06.2025;11:17:07.965;ABBE SI 20250919 PS EU C 46.00 0;SIMPLE_INSTRUMENT;BLOCK;CHF;49;3.07000000;1006;PRC_DECOMP_EXCHANGE;;;;XEUR;11927831;574516;EXCHANGE
11.06.2025;11:17:07.965;ABBE SI 20250919 PS EU P 46.00 0;SIMPLE_INSTRUMENT;BLOCK;CHF;49;1.84000000;1006;PRC_DECOMP_EXCHANGE;;;;XEUR;11927781;574516;EXCHANGE
11.06.2025;11:17:07.965;ABBE SI 20250620 PS EU C 47.00 0;SIMPLE_INSTRUMENT;BLOCK;CHF;49;0.92000000;1006;PRC_DECOMP_EXCHANGE;;;;XEUR;12158216;574516;EXCHANGE
11.06.2025;11:17:07.965;ABBE SI 20250620 PS EU P 47.00 0;SIMPLE_INSTRUMENT;BLOCK;CHF;49;0.68000000;1006;PRC_DECOMP_EXCHANGE;;;;XEUR;12158215;574516;EXCHANGE
11.06.2025;11:16:56.695;ABBE.O.250611.JR.000001;STANDARD_OPTION_STRATEGY;BLOCK;CHF;50;1.03000000;1294;EXCHANGE_LAST;;1;1;XEUR;74525121468962406;574516;
11.06.2025;11:16:56.695;ABBE SI 20250620 PS EU P 47.00 0;SIMPLE_INSTRUMENT;BLOCK;CHF;50;0.68000000;1294;PRC_DECOMP_EXCHANGE;;;;XEUR;12158215;574516;EXCHANGE
11.06.2025;11:16:56.695;ABBE SI 20250620 PS EU C 47.00 0;SIMPLE_INSTRUMENT;BLOCK;CHF;50;0.93000000;1294;PRC_DECOMP_EXCHANGE;;;;XEUR;12158216;574516;EXCHANGE
11.06.2025;11:16:56.695;ABBE SI 20250919 PS EU P 46.00 0;SIMPLE_INSTRUMENT;BLOCK;CHF;50;1.82000000;1294;PRC_DECOMP_EXCHANGE;;;;XEUR;11927781;574516;EXCHANGE
11.06.2025;11:16:56.695;ABBE SI 20250919 PS EU C 46.00 0;SIMPLE_INSTRUMENT;BLOCK;CHF;50;3.10000000;1294;PRC_DECOMP_EXCHANGE;;;;XEUR;11927831;574516;EXCHANGE
11.06.2025;11:12:27.911;ABBG.S.JUN25.SEP25.SPD;FUTURES_SPREAD;BLOCK;CHF;40;-0.01250000;5000;EXCHANGE_LAST;;1;1;XEUR;74525138648825914;574520;
11.06.2025;11:12:27.911;ABBG SI 20250919 CS;SIMPLE_INSTRUMENT;BLOCK;CHF;40;47.69430000;5000;PRC_DECOMP_EXCHANGE;;;;XEUR;11740344;574520;EXCHANGE
11.06.2025;11:12:27.911;ABBG SI 20250620 CS;SIMPLE_INSTRUMENT;BLOCK;CHF;40;47.68180000;5000;PRC_DECOMP_EXCHANGE;;;;XEUR;11209548;574520;EXCHANGE
11.06.2025;13:42:44.901;ABBG SI 20250620 CS;SIMPLE_INSTRUMENT;BLOCK;CHF;76;47.50200000;2000;EXCHANGE_LAST;;1;1;XEUR;11209548;574520;
11.06.2025;08:10:29.930;ABBN SI 20260320 PS AM P 38.00 0;SIMPLE_INSTRUMENT;BLOCK;CHF;16;1.05000000;1500;EXCHANGE_LAST;;1;1;XEUR;13051983;574517;
11.06.2025;08:22:04.932;ABBN SI 20251219 PS AM P 43.00 0;SIMPLE_INSTRUMENT;BLOCK;CHF;21;1.65000000;1250;EXCHANGE_LAST;;1;1;XEUR;11848980;574517;
11.06.2025;12:08:22.704;ABBN SI 20261218 PS AM P 40.00 0;SIMPLE_INSTRUMENT;BLOCK;CHF;52;3.11000000;1000;EXCHANGE_LAST;;1;1;XEUR;8509383;574517;
11.06.2025;13:48:54.041;ACC SI 20260320 PS AM P 42.00 0;SIMPLE_INSTRUMENT;BLOCK;CHF;65;1.51000000;500;EXCHANGE_LAST;;1;1;XEUR;13053027;626616;
11.06.2025;07:41:40.208;ADEN SI 20250620 PS AM C 24.00 0;SIMPLE_INSTRUMENT;BLOCK;CHF;10;0.60000000;390;EXCHANGE_LAST;;1;1;XEUR;7897565;44;
11.06.2025;08:34:53.011;ADEN SI 20250620 PS AM C 24.00 0;SIMPLE_INSTRUMENT;BLOCK;CHF;27;0.75000000;312;EXCHANGE_LAST;;1;1;XEUR;7897565;44;
11.06.2025;13:39:57.808;ADEN SI 20250620 PS AM C 24.00 0;SIMPLE_INSTRUMENT;BLOCK;CHF;64;0.60000000;1248;EXCHANGE_LAST;;1;1;XEUR;7897565;44;
11.06.2025;08:20:32.592;ALV SI 20250815 PS AM C 350.00 0;SIMPLE_INSTRUMENT;BLOCK;EUR;2;10.15000000;400;EXCHANGE_LAST;;1;1;XEUR;13403754;74;
11.06.2025;15:19:18.914;ALV SI 20251219 PS AM P 340.00 0;SIMPLE_INSTRUMENT;BLOCK;EUR;4;14.50000000;700;EXCHANGE_LAST;;1;2;XEUR;12365287;74;
11.06.2025;12:44:24.459;AMUF SI 20250620 CS;SIMPLE_INSTRUMENT;BLOCK;EUR;60;69.79480000;5000;EXCHANGE_LAST;;1;1;XEUR;11198979;128158;
11.06.2025;12:58:14.350;AMUF SI 20250620 CS;SIMPLE_INSTRUMENT;BLOCK;EUR;62;69.65460000;2150;EXCHANGE_LAST;;1;1;XEUR;11198979;128158;
11.06.2025;12:58:24.753;AMUF SI 20250718 CS;SIMPLE_INSTRUMENT;BLOCK;EUR;64;69.75830000;2150;EXCHANGE_LAST;;1;1;XEUR;11394631;128158;
11.06.2025;12:58:32.959;AMUF SI 20250620 CS;SIMPLE_INSTRUMENT;BLOCK;EUR;65;69.69170000;1200;EXCHANGE_LAST;;1;1;XEUR;11198979;128158;
11.06.2025;12:59:16.371;AMUF SI 20250718 CS;SIMPLE_INSTRUMENT;BLOCK;EUR;66;69.79770000;1200;EXCHANGE_LAST;;1;1;XEUR;11394631;128158;
11.06.2025;15:48:07.481;AMUF SI 20250620 CS;SIMPLE_INSTRUMENT;BLOCK;EUR;125;68.94420000;900;EXCHANGE_LAST;;1;1;XEUR;11198979;128158;
11.06.2025;10:43:29.767;ANN SI 20261218 PS AM C 32.00 0;SIMPLE_INSTRUMENT;BLOCK;EUR;4;2.91000000;750;EXCHANGE_LAST;;1;1;XEUR;7421937;45202;
11.06.2025;15:28:34.607;ANN SI 20251219 PS AM P 30.00 0;SIMPLE_INSTRUMENT;BLOCK;EUR;15;2.57000000;2000;EXCHANGE_LAST;;1;1;XEUR;9466240;45202;
11.06.2025;12:33:41.404;AOM.O.250611.STD.000002;STANDARD_OPTION_STRATEGY;BLOCK;EUR;16;8.65000000;525;EXCHANGE_LAST;;2;1;XEUR;72057971995060574;88;
11.06.2025;12:33:41.404;AOM SI 20271217 PS AM P 20.00 0;SIMPLE_INSTRUMENT;BLOCK;EUR;16;4.41000000;525;PRC_DECOMP_EXCHANGE;;;;XEUR;11249333;88;EXCHANGE
11.06.2025;12:33:41.404;AOM SI 20271217 PS AM C 20.00 0;SIMPLE_INSTRUMENT;BLOCK;EUR;16;4.24000000;525;PRC_DECOMP_EXCHANGE;;;;XEUR;11249334;88;EXCHANGE
11.06.2025;09:12:05.317;ASG5 FI 20250718 CS EU P 30.0000 0;FLEXIBLE_INSTRUMENT;BLOCK;EUR;4;0.45000000;10000;EXCHANGE_LAST;;1;1;XEUR;1152921972758286326;109;
11.06.2025;09:12:51.225;ASG5 FI 20250718 CS EU P 29.0000 0;FLEXIBLE_INSTRUMENT;BLOCK;EUR;5;0.31750000;5000;EXCHANGE_LAST;;1;1;XEUR;1152921972758286327;109;
11.06.2025;10:26:37.008;ASG5 SI 20250717 PS AM P 29.00 0;SIMPLE_INSTRUMENT;BLOCK;EUR;8;0.31000000;5000;EXCHANGE_LAST;;1;1;XEUR;13235396;109;
11.06.2025;11:34:50.319;ASM.O.250611.COMBO.000008;STANDARD_OPTION_STRATEGY;BLOCK;EUR;13;-12.25000000;75;EXCHANGE_LAST;;1;1;XEUR;72058053599448009;107;
11.06.2025;11:34:50.319;ASM SI 20251219 PS AM C 800.00 0;SIMPLE_INSTRUMENT;BLOCK;EUR;13;33.33000000;75;PRC_DECOMP_EXCHANGE;;;;XEUR;6279781;107;EXCHANGE
11.06.2025;11:34:50.319;ASM SI 20251219 PS AM P 560.00 0;SIMPLE_INSTRUMENT;BLOCK;EUR;13;21.08000000;75;PRC_DECOMP_EXCHANGE;;;;XEUR;5921400;107;EXCHANGE
11.06.2025;08:54:50.396;ASMH SI 20250718 CS;SIMPLE_INSTRUMENT;BLOCK;EUR;6;694.48670000;30;EXCHANGE_LAST;;1;1;XEUR;11383290;3979;
11.06.2025;14:58:37.303;B2MW SI 20250919 CS;SIMPLE_INSTRUMENT;BLOCK;EUR;93;4.30000000;379;EXCHANGE_LAST;;1;1;XEUR;11350081;128;
11.06.2025;15:51:32.556;B2MW SI 20250919 CS;SIMPLE_INSTRUMENT;BLOCK;EUR;127;4.30000000;172;EXCHANGE_LAST;;1;1;XEUR;11350081;128;
11.06.2025;08:57:30.599;B2NP SI 20261218 CS;SIMPLE_INSTRUMENT;BLOCK;EUR;5;4.83000000;500;EXCHANGE_LAST;;1;3;XEUR;6798320;131;
11.06.2025;09:24:19.657;BAEN SI 20261218 PS AM P 40.00 0;SIMPLE_INSTRUMENT;BLOCK;CHF;33;2.47000000;500;EXCHANGE_LAST;;1;1;XEUR;7356403;159;
11.06.2025;13:56:37.689;BARN.O.250611.STD.000001;STANDARD_OPTION_STRATEGY;BLOCK;CHF;67;235.00000000;500;EXCHANGE_LAST;;1;3;XEUR;72058233988064541;149;
11.06.2025;13:56:37.689;BARN SI 20260619 PS AM C 880.00 0;SIMPLE_INSTRUMENT;BLOCK;CHF;67;108.78000000;500;PRC_DECOMP_EXCHANGE;;;;XEUR;11350510;149;EXCHANGE
11.06.2025;13:56:37.689;BARN SI 20260619 PS AM P 880.00 0;SIMPLE_INSTRUMENT;BLOCK;CHF;67;126.22000000;500;PRC_DECOMP_EXCHANGE;;;;XEUR;11350505;149;EXCHANGE
11.06.2025;07:58:48.476;BAS.O.250611.BER.000007;STANDARD_OPTION_STRATEGY;BLOCK;EUR;1;0.74000000;2700;EXCHANGE_LAST;;1;1;XEUR;72058238283094778;150;
11.06.2025;07:58:48.476;BAS SI 20250620 PS AM P 44.00 0;SIMPLE_INSTRUMENT;BLOCK;EUR;1;1.02000000;2700;PRC_DECOMP_EXCHANGE;;;;XEUR;7898970;150;EXCHANGE
11.06.2025;07:58:48.476;BAS SI 20250620 PS AM P 42.00 0;SIMPLE_INSTRUMENT;BLOCK;EUR;1;0.28000000;2700;PRC_DECOMP_EXCHANGE;;;;XEUR;11350808;150;EXCHANGE
11.06.2025;08:09:29.199;BAS SI 20250718 PS AM P 41.00 0;SIMPLE_INSTRUMENT;BLOCK;EUR;4;0.55000000;3000;EXCHANGE_LAST;;1;1;XEUR;13235866;150;
11.06.2025;08:18:17.763;BAS SI 20260619 PS AM C 42.00 0;SIMPLE_INSTRUMENT;BLOCK;EUR;5;5.44000000;1000;EXCHANGE_LAST;;1;1;XEUR;13476555;150;
11.06.2025;10:12:32.515;BAS.O.250611.BUL.000011;STANDARD_OPTION_STRATEGY;BLOCK;EUR;9;0.47000000;750;EXCHANGE_LAST;;1;1;XEUR;72058238283094782;150;
11.06.2025;10:12:32.515;BAS SI 20250620 PS AM C 44.00 0;SIMPLE_INSTRUMENT;BLOCK;EUR;9;0.56000000;750;PRC_DECOMP_EXCHANGE;;;;XEUR;7899118;150;EXCHANGE
11.06.2025;10:12:32.515;BAS SI 20250620 PS AM C 46.00 0;SIMPLE_INSTRUMENT;BLOCK;EUR;9;0.09000000;750;PRC_DECOMP_EXCHANGE;;;;XEUR;9516113;150;EXCHANGE
11.06.2025;11:53:36.666;BAS.O.250611.BUL.000013;STANDARD_OPTION_STRATEGY;BLOCK;EUR;12;0.14000000;900;EXCHANGE_LAST;;1;1;XEUR;72058238283094784;150;
11.06.2025;11:53:36.666;BAS SI 20250620 PS AM C 47.00 0;SIMPLE_INSTRUMENT;BLOCK;EUR;12;0.04000000;900;PRC_DECOMP_MEMBER;;;;XEUR;12996880;150;MEMBER
11.06.2025;11:53:36.666;BAS SI 20250620 PS AM C 45.50 0;SIMPLE_INSTRUMENT;BLOCK;EUR;12;0.18000000;900;PRC_DECOMP_MEMBER;;;;XEUR;12996884;150;MEMBER
11.06.2025;12:29:03.498;BAS.O.250611.BER.000007;STANDARD_OPTION_STRATEGY;BLOCK;EUR;18;0.70000000;1200;EXCHANGE_LAST;;1;1;XEUR;72058238283094778;150;
11.06.2025;12:29:03.498;BAS SI 20250620 PS AM P 42.00 0;SIMPLE_INSTRUMENT;BLOCK;EUR;18;0.23000000;1200;PRC_DECOMP_EXCHANGE;;;;XEUR;11350808;150;EXCHANGE
11.06.2025;12:29:03.498;BAS SI 20250620 PS AM P 44.00 0;SIMPLE_INSTRUMENT;BLOCK;EUR;18;0.93000000;1200;PRC_DECOMP_EXCHANGE;;;;XEUR;7898970;150;EXCHANGE
11.06.2025;12:51:08.190;BAS.O.250611.BLT.000017;STANDARD_OPTION_STRATEGY;BLOCK;EUR;21;1.02000000;1000;EXCHANGE_LAST;;1;1;XEUR;72058238283094788;150;
11.06.2025;12:51:08.190;BAS SI 20251219 PS AM C 44.00 0;SIMPLE_INSTRUMENT;BLOCK;EUR;21;3.41000000;1000;PRC_DECOMP_EXCHANGE;;;;XEUR;5951456;150;EXCHANGE
11.06.2025;12:51:08.190;BAS SI 20260619 PS AM C 44.00 0;SIMPLE_INSTRUMENT;BLOCK;EUR;21;4.43000000;1000;PRC_DECOMP_EXCHANGE;;;;XEUR;9539324;150;EXCHANGE
11.06.2025;14:58:17.069;BAS.O.250611.BRT.000025;STANDARD_OPTION_STRATEGY;BLOCK;EUR;29;1.22000000;1000;EXCHANGE_LAST;;1;1;XEUR;72058238283094796;150;
11.06.2025;14:58:17.069;BAS SI 20260320 PS AM P 42.00 0;SIMPLE_INSTRUMENT;BLOCK;EUR;29;2.95000000;1000;PRC_DECOMP_EXCHANGE;;;;XEUR;12996564;150;EXCHANGE
11.06.2025;14:58:17.069;BAS SI 20250919 PS AM P 42.00 0;SIMPLE_INSTRUMENT;BLOCK;EUR;29;1.73000000;1000;PRC_DECOMP_EXCHANGE;;;;XEUR;11872869;150;EXCHANGE
11.06.2025;10:16:45.321;BASG SI 20250919 CS;SIMPLE_INSTRUMENT;BLOCK;EUR;18;43.76500000;566;EXCHANGE_LAST;;1;1;XEUR;11699877;171;
11.06.2025;10:17:00.738;BASG SI 20250620 CS;SIMPLE_INSTRUMENT;BLOCK;EUR;19;43.50000000;566;EXCHANGE_LAST;;1;1;XEUR;11169531;171;
11.06.2025;15:08:14.664;BASG SI 20250620 CS;SIMPLE_INSTRUMENT;BLOCK;EUR;95;43.35600000;1400;EXCHANGE_LAST;;1;1;XEUR;11169531;171;
11.06.2025;08:00:58.737;BAY SI 20250919 PS AM C 29.00 0;SIMPLE_INSTRUMENT;BLOCK;EUR;2;1.79000000;5000;EXCHANGE_LAST;;1;1;XEUR;11992369;168;
11.06.2025;08:00:51.590;BAY SI 20261218 PS AM P 24.00 0;SIMPLE_INSTRUMENT;BLOCK;EUR;3;3.24000000;1000;EXCHANGE_LAST;;1;1;XEUR;8112421;168;
11.06.2025;09:15:27.218;BAY SI 20250620 PS AM C 30.00 0;SIMPLE_INSTRUMENT;BLOCK;EUR;6;0.11000000;5000;EXCHANGE_LAST;;1;1;XEUR;10324702;168;
11.06.2025;09:18:21.825;BAY SI 20250620 PS AM C 28.00 0;SIMPLE_INSTRUMENT;BLOCK;EUR;7;0.45000000;5000;EXCHANGE_LAST;;1;1;XEUR;8112566;168;
11.06.2025;10:00:41.205;BAY.O.250611.BUL.000040;STANDARD_OPTION_STRATEGY;BLOCK;EUR;8;1.28000000;4000;EXCHANGE_LAST;;1;2;XEUR;72058315592512236;168;
11.06.2025;10:00:41.205;BAY SI 20250620 PS AM C 26.00 0;SIMPLE_INSTRUMENT;BLOCK;EUR;8;1.76000000;4000;PRC_DECOMP_EXCHANGE;;;;XEUR;10324700;168;EXCHANGE
11.06.2025;10:00:41.205;BAY SI 20250620 PS AM C 28.00 0;SIMPLE_INSTRUMENT;BLOCK;EUR;8;0.48000000;4000;PRC_DECOMP_EXCHANGE;;;;XEUR;8112566;168;EXCHANGE
11.06.2025;10:58:18.193;BAY SI 20250815 PS AM C 29.00 0;SIMPLE_INSTRUMENT;BLOCK;EUR;10;1.62000000;2500;EXCHANGE_LAST;;1;2;XEUR;13476573;168;
11.06.2025;11:47:14.987;BAY.O.250611.BUL.000055;STANDARD_OPTION_STRATEGY;BLOCK;EUR;11;1.40000000;3000;EXCHANGE_LAST;;1;2;XEUR;72058315592512251;168;
11.06.2025;11:47:14.987;BAY SI 20251219 PS AM C 32.00 0;SIMPLE_INSTRUMENT;BLOCK;EUR;11;2.02000000;3000;PRC_DECOMP_EXCHANGE;;;;XEUR;6068399;168;EXCHANGE
11.06.2025;11:47:14.987;BAY SI 20251219 PS AM C 28.00 0;SIMPLE_INSTRUMENT;BLOCK;EUR;11;3.42000000;3000;PRC_DECOMP_EXCHANGE;;;;XEUR;6068398;168;EXCHANGE
11.06.2025;12:09:35.332;BAY.O.250611.PDIA.000056;STANDARD_OPTION_STRATEGY;BLOCK;EUR;13;-0.12000000;6000;EXCHANGE_LAST;;1;1;XEUR;72058315592512252;168;
11.06.2025;12:09:35.332;BAY SI 20250919 PS AM P 26.00 0;SIMPLE_INSTRUMENT;BLOCK;EUR;13;1.63000000;6000;PRC_DECOMP_EXCHANGE;;;;XEUR;11873104;168;EXCHANGE
11.06.2025;12:09:35.332;BAY SI 20250815 PS AM P 27.00 0;SIMPLE_INSTRUMENT;BLOCK;EUR;13;1.75000000;6000;PRC_DECOMP_EXCHANGE;;;;XEUR;13405002;168;EXCHANGE
11.06.2025;12:19:15.176;BAY.O.250611.COMBO.000059;STANDARD_OPTION_STRATEGY;BLOCK;EUR;15;-2.30000000;1250;EXCHANGE_LAST;;1;1;XEUR;72058315592512255;168;
11.06.2025;12:19:15.176;BAY SI 20251219 PS AM C 30.00 0;SIMPLE_INSTRUMENT;BLOCK;EUR;15;2.71000000;1250;PRC_DECOMP_EXCHANGE;;;;XEUR;10804252;168;EXCHANGE
11.06.2025;12:19:15.176;BAY SI 20251219 PS AM P 16.00 0;SIMPLE_INSTRUMENT;BLOCK;EUR;15;0.41000000;1250;PRC_DECOMP_EXCHANGE;;;;XEUR;8191899;168;EXCHANGE
11.06.2025;12:17:31.669;BAY SI 20251219 PS AM C 22.00 0;SIMPLE_INSTRUMENT;BLOCK;EUR;16;7.00000000;3500;EXCHANGE_LAST;;1;2;XEUR;12231598;168;
11.06.2025;12:36:33.069;BAY SI 20250919 PS AM C 28.00 0;SIMPLE_INSTRUMENT;BLOCK;EUR;19;2.32000000;2500;EXCHANGE_LAST;;3;1;XEUR;11873057;168;
11.06.2025;12:40:25.802;BAY.O.250611.BUL.000057;STANDARD_OPTION_STRATEGY;BLOCK;EUR;20;1.73000000;7000;EXCHANGE_LAST;;3;1;XEUR;72058315592512253;168;
11.06.2025;12:40:25.802;BAY SI 20250718 PS AM C 28.00 0;SIMPLE_INSTRUMENT;BLOCK;EUR;20;1.74000000;7000;PRC_DECOMP_EXCHANGE;;;;XEUR;13313393;168;EXCHANGE
11.06.2025;12:40:25.802;BAY SI 20250718 PS AM C 25.00 0;SIMPLE_INSTRUMENT;BLOCK;EUR;20;3.47000000;7000;PRC_DECOMP_EXCHANGE;;;;XEUR;13236403;168;EXCHANGE
11.06.2025;13:14:26.375;BAY.O.250611.BUL.000067;STANDARD_OPTION_STRATEGY;BLOCK;EUR;23;0.72000000;3500;EXCHANGE_LAST;;1;1;XEUR;72058315592512263;168;
11.06.2025;13:14:26.375;BAY SI 20250718 PS AM C 30.00 0;SIMPLE_INSTRUMENT;BLOCK;EUR;23;0.94000000;3500;PRC_DECOMP_EXCHANGE;;;;XEUR;13498313;168;EXCHANGE
11.06.2025;13:14:26.375;BAY SI 20250718 PS AM C 28.00 0;SIMPLE_INSTRUMENT;BLOCK;EUR;23;1.66000000;3500;PRC_DECOMP_EXCHANGE;;;;XEUR;13313393;168;EXCHANGE
11.06.2025;13:36:04.353;BAY.O.250611.BUL.000070;STANDARD_OPTION_STRATEGY;BLOCK;EUR;25;1.82000000;1000;EXCHANGE_LAST;;1;1;XEUR;72058315592512266;168;
11.06.2025;13:36:04.353;BAY SI 20250718 PS AM C 26.00 0;SIMPLE_INSTRUMENT;BLOCK;EUR;25;2.72000000;1000;PRC_DECOMP_EXCHANGE;;;;XEUR;13236395;168;EXCHANGE
11.06.2025;13:36:04.353;BAY SI 20250718 PS AM C 30.00 0;SIMPLE_INSTRUMENT;BLOCK;EUR;25;0.90000000;1000;PRC_DECOMP_EXCHANGE;;;;XEUR;13498313;168;EXCHANGE
11.06.2025;13:36:08.103;BAY SI 20260320 PS AM C 30.00 0;SIMPLE_INSTRUMENT;BLOCK;EUR;26;3.36000000;1500;EXCHANGE_LAST;;1;1;XEUR;12997290;168;
11.06.2025;14:29:08.300;BAY.O.250611.BUL.000078;STANDARD_OPTION_STRATEGY;BLOCK;EUR;28;1.22000000;1500;EXCHANGE_LAST;;1;1;XEUR;72058315592512274;168;
11.06.2025;14:29:08.300;BAY SI 20250815 PS AM C 27.00 0;SIMPLE_INSTRUMENT;BLOCK;EUR;28;2.54000000;1500;PRC_DECOMP_EXCHANGE;;;;XEUR;13404994;168;EXCHANGE
11.06.2025;14:29:08.300;BAY SI 20250815 PS AM C 30.00 0;SIMPLE_INSTRUMENT;BLOCK;EUR;28;1.32000000;1500;PRC_DECOMP_EXCHANGE;;;;XEUR;13498311;168;EXCHANGE
11.06.2025;15:02:09.944;BAY SI 20260619 PS AM P 28.00 0;SIMPLE_INSTRUMENT;BLOCK;EUR;30;4.45000000;3750;EXCHANGE_LAST;;1;2;XEUR;9539720;168;
11.06.2025;15:28:04.505;BAY.O.250611.BUL.000084;STANDARD_OPTION_STRATEGY;BLOCK;EUR;31;2.58000000;1000;EXCHANGE_LAST;;1;1;XEUR;72058315592512280;168;
11.06.2025;15:28:04.505;BAY SI 20250815 PS AM C 25.50 0;SIMPLE_INSTRUMENT;BLOCK;EUR;31;3.50000000;1000;PRC_DECOMP_EXCHANGE;;;;XEUR;13404990;168;EXCHANGE
11.06.2025;15:28:04.505;BAY SI 20250815 PS AM C 31.50 0;SIMPLE_INSTRUMENT;BLOCK;EUR;31;0.92000000;1000;PRC_DECOMP_EXCHANGE;;;;XEUR;13531636;168;EXCHANGE
11.06.2025;07:44:32.882;BBVD SI 20270618 PS AM P 8.00 0;SIMPLE_INSTRUMENT;BLOCK;EUR;1;0.51000000;4000;EXCHANGE_LAST;;1;1;XEUR;11351500;172;
11.06.2025;11:20:28.036;BBVD.O.250611.STG.000003;STANDARD_OPTION_STRATEGY;BLOCK;EUR;12;2.61000000;4000;EXCHANGE_LAST;;1;1;XEUR;72058332772305768;172;
11.06.2025;11:20:28.036;BBVD SI 20260619 PS AM P 13.00 0;SIMPLE_INSTRUMENT;BLOCK;EUR;12;1.54000000;4000;PRC_DECOMP_EXCHANGE;;;;XEUR;12433785;172;EXCHANGE
11.06.2025;11:20:28.036;BBVD SI 20260619 PS AM C 14.00 0;SIMPLE_INSTRUMENT;BLOCK;EUR;12;1.07000000;4000;PRC_DECOMP_EXCHANGE;;;;XEUR;10026274;172;EXCHANGE
11.06.2025;11:45:53.983;BBVD SI 20260619 PS AM P 12.00 0;SIMPLE_INSTRUMENT;BLOCK;EUR;14;1.09000000;4611;EXCHANGE_LAST;;1;1;XEUR;9539709;172;
11.06.2025;07:36:59.888;BMW.O.250611.PDIA.000003;STANDARD_OPTION_STRATEGY;BLOCK;EUR;1;3.10000000;600;EXCHANGE_LAST;;1;1;XEUR;72058495981111609;210;
11.06.2025;07:36:59.888;BMW SI 20260320 PS AM P 68.00 0;SIMPLE_INSTRUMENT;BLOCK;EUR;1;3.75000000;600;PRC_DECOMP_EXCHANGE;;;;XEUR;12998592;210;EXCHANGE
11.06.2025;07:36:59.888;BMW SI 20250620 PS AM P 76.00 0;SIMPLE_INSTRUMENT;BLOCK;EUR;1;0.65000000;600;PRC_DECOMP_EXCHANGE;;;;XEUR;7899903;210;EXCHANGE
11.06.2025;13:19:21.765;BMWF SI 20250620 CS;SIMPLE_INSTRUMENT;BLOCK;EUR;69;78.20000000;3634;EXCHANGE_LAST;;1;1;XEUR;11170639;239;
11.06.2025;13:22:38.873;BMWF.S.JUN25.SEP25.SPD;FUTURES_SPREAD;BLOCK;EUR;70;-0.38750000;6634;EXCHANGE_LAST;;1;1;XEUR;72058620535111979;239;
11.06.2025;13:22:38.873;BMWF SI 20250919 CS;SIMPLE_INSTRUMENT;BLOCK;EUR;70;78.58750000;6634;PRC_DECOMP_MEMBER;;;;XEUR;11701041;239;MEMBER
11.06.2025;13:22:38.873;BMWF SI 20250620 CS;SIMPLE_INSTRUMENT;BLOCK;EUR;70;78.20000000;6634;PRC_DECOMP_MEMBER;;;;XEUR;11170639;239;MEMBER
11.06.2025;14:58:32.728;BMWF SI 20250919 CS;SIMPLE_INSTRUMENT;BLOCK;EUR;92;77.77000000;3950;EXCHANGE_LAST;;1;1;XEUR;11701041;239;
11.06.2025;15:51:21.417;BMWF SI 20250919 CS;SIMPLE_INSTRUMENT;BLOCK;EUR;126;77.77000000;1800;EXCHANGE_LAST;;1;1;XEUR;11701041;239;
11.06.2025;15:45:07.890;C4RI SI 20271217 CS;SIMPLE_INSTRUMENT;BLOCK;EUR;121;2.92000000;100;EXCHANGE_LAST;;1;1;XEUR;8408414;50862;
11.06.2025;12:08:59.934;CAR SI 20260320 PS AM P 12.00 0;SIMPLE_INSTRUMENT;BLOCK;EUR;14;0.55000000;1000;EXCHANGE_LAST;;1;1;XEUR;13503289;265;
11.06.2025;12:08:51.836;CAR SI 20260320 PS AM P 12.00 0;SIMPLE_INSTRUMENT;BLOCK;EUR;15;0.56000000;1000;EXCHANGE_LAST;;1;1;XEUR;13503289;265;
11.06.2025;07:25:59.458;CBK SI 20250919 PS AM P 22.00 0;SIMPLE_INSTRUMENT;BLOCK;EUR;1;0.47000000;1250;EXCHANGE_LAST;;1;1;XEUR;11875767;268;
11.06.2025;07:49:11.804;CBK SI 20250620 PS AM P 25.00 0;SIMPLE_INSTRUMENT;BLOCK;EUR;3;0.07000000;6000;EXCHANGE_LAST;;1;2;XEUR;12999574;268;
11.06.2025;09:21:07.854;CBK.O.250611.STG.000009;STANDARD_OPTION_STRATEGY;BLOCK;EUR;10;6.95000000;2500;EXCHANGE_LAST;;1;1;XEUR;72058745089205868;268;
11.06.2025;09:21:07.854;CBK SI 20260619 PS AM P 26.00 0;SIMPLE_INSTRUMENT;BLOCK;EUR;10;3.55000000;2500;PRC_DECOMP_MEMBER;;;;XEUR;13309931;268;MEMBER
11.06.2025;09:21:07.854;CBK SI 20260619 PS AM C 30.00 0;SIMPLE_INSTRUMENT;BLOCK;EUR;10;3.40000000;2500;PRC_DECOMP_MEMBER;;;;XEUR;13309932;268;MEMBER
11.06.2025;09:57:57.810;CBK FI 20270319 CS EU C 20.0000 0;FLEXIBLE_INSTRUMENT;BLOCK;EUR;14;10.40000000;2500;EXCHANGE_LAST;;1;1;XEUR;1152922655658097421;268;
11.06.2025;09:58:17.625;CBK FI 20270319 CS EU P 20.0000 0;FLEXIBLE_INSTRUMENT;BLOCK;EUR;15;2.70000000;10000;EXCHANGE_LAST;;1;1;XEUR;1152922655658097422;268;
11.06.2025;10:36:46.694;CBK SI 20260619 PS AM P 24.00 0;SIMPLE_INSTRUMENT;BLOCK;EUR;17;2.85000000;15000;EXCHANGE_LAST;;2;2;XEUR;10982474;268;
11.06.2025;11:22:04.612;CBK SI 20260619 PS AM P 24.00 0;SIMPLE_INSTRUMENT;BLOCK;EUR;18;2.85000000;1250;EXCHANGE_LAST;;1;1;XEUR;10982474;268;
11.06.2025;09:29:51.236;CFR SI 20261218 PS AM P 100.00 0;SIMPLE_INSTRUMENT;BLOCK;CHF;37;4.67000000;300;EXCHANGE_LAST;;1;1;XEUR;9996405;313;
11.06.2025;08:06:53.570;CGM SI 20250620 PS AM P 160.00 0;SIMPLE_INSTRUMENT;BLOCK;EUR;1;6.48000000;210;EXCHANGE_LAST;;1;1;XEUR;7900821;317;
11.06.2025;09:51:55.241;CGM.O.250611.BRT.000004;STANDARD_OPTION_STRATEGY;BLOCK;EUR;8;6.00000000;500;EXCHANGE_LAST;;1;1;XEUR;72058955542573618;317;
11.06.2025;09:51:55.241;CGM SI 20250620 PS AM P 160.00 0;SIMPLE_INSTRUMENT;BLOCK;EUR;8;7.49000000;500;PRC_DECOMP_EXCHANGE;;;;XEUR;7900821;317;EXCHANGE
11.06.2025;09:51:55.241;CGM SI 20250919 PS AM P 160.00 0;SIMPLE_INSTRUMENT;BLOCK;EUR;8;13.49000000;500;PRC_DECOMP_EXCHANGE;;;;XEUR;11876461;317;EXCHANGE
11.06.2025;13:03:20.497;CLN SI 20260619 PS AM P 8.00 0;SIMPLE_INSTRUMENT;BLOCK;CHF;60;0.68000000;6000;EXCHANGE_LAST;;1;1;XEUR;9542931;296;
11.06.2025;09:30:04.730;COT SI 20260320 PS AM P 220.00 0;SIMPLE_INSTRUMENT;BLOCK;CHF;35;20.23000000;75;EXCHANGE_LAST;;1;1;XEUR;13041378;199899;
11.06.2025;09:30:14.308;COT SI 20250620 PS AM P 240.00 0;SIMPLE_INSTRUMENT;BLOCK;CHF;36;4.42000000;75;EXCHANGE_LAST;;1;1;XEUR;9587773;199899;
11.06.2025;15:46:18.874;D2PW SI 20261218 CS;SIMPLE_INSTRUMENT;BLOCK;EUR;122;1.77000000;400;EXCHANGE_LAST;;2;1;XEUR;4632317;9702;
11.06.2025;12:47:59.764;D3AI SI 20261218 CS;SIMPLE_INSTRUMENT;BLOCK;EUR;61;2.46000000;200;EXCHANGE_LAST;;3;1;XEUR;7144051;443197;
11.06.2025;10:48:23.478;D3B1 SI 20261218 CS;SIMPLE_INSTRUMENT;BLOCK;EUR;33;4.10000000;25;EXCHANGE_LAST;;1;1;XEUR;6800750;358;
11.06.2025;15:19:06.317;D4BK SI 20261218 CS;SIMPLE_INSTRUMENT;BLOCK;EUR;104;0.97000000;500;EXCHANGE_LAST;;1;1;XEUR;4632322;51565;
11.06.2025;11:48:15.309;DBK SI 20251219 PS AM C 24.00 0;SIMPLE_INSTRUMENT;BLOCK;EUR;19;2.83000000;3000;EXCHANGE_LAST;;1;1;XEUR;7543442;362;
11.06.2025;07:55:16.214;DPW SI 20250620 PS AM P 40.00 0;SIMPLE_INSTRUMENT;BLOCK;EUR;1;0.24000000;1000;EXCHANGE_LAST;;1;1;XEUR;7902465;445;
11.06.2025;11:25:06.691;DPW SI 20251219 PS AM C 40.00 0;SIMPLE_INSTRUMENT;BLOCK;EUR;6;3.77000000;1000;EXCHANGE_LAST;;2;1;XEUR;5926789;445;
11.06.2025;11:30:45.349;DTE SI 20260320 PS AM P 30.00 0;SIMPLE_INSTRUMENT;BLOCK;EUR;8;1.11000000;3000;EXCHANGE_LAST;;1;2;XEUR;13002330;424;
11.06.2025;15:19:22.295;DTEF SI 20250919 CS;SIMPLE_INSTRUMENT;BLOCK;EUR;103;32.88750000;5000;EXCHANGE_LAST;;1;1;XEUR;11703581;430;
11.06.2025;15:34:48.775;DTEF SI 20250620 CS;SIMPLE_INSTRUMENT;BLOCK;EUR;110;32.27200000;6000;EXCHANGE_LAST;;1;1;XEUR;11173145;430;
11.06.2025;09:02:16.248;DUFN SI 20260619 PS AM P 36.00 0;SIMPLE_INSTRUMENT;BLOCK;CHF;28;1.45000000;325;EXCHANGE_LAST;;1;1;XEUR;11356371;418;
11.06.2025;09:02:21.177;DUFN SI 20260320 PS AM P 36.00 0;SIMPLE_INSTRUMENT;BLOCK;CHF;29;1.12000000;400;EXCHANGE_LAST;;1;1;XEUR;13002037;418;
11.06.2025;13:27:32.166;EADP SI 20250919 PS;SIMPLE_INSTRUMENT;BLOCK;EUR;71;165.46000000;1000;EXCHANGE_LAST;;1;1;XEUR;11729617;124301;
11.06.2025;08:18:24.847;ENR SI 20250620 PS AM P 85.00 0;SIMPLE_INSTRUMENT;BLOCK;EUR;2;3.10000000;1000;EXCHANGE_LAST;;1;1;XEUR;13464794;298530;
11.06.2025;10:02:16.899;ENT5.O.250611.STG.000001;STANDARD_OPTION_STRATEGY;BLOCK;EUR;6;1.27000000;300;EXCHANGE_LAST;;1;1;XEUR;72059728636685284;497;
11.06.2025;10:02:16.899;ENT5 SI 20260618 PS AM P 12.00 0;SIMPLE_INSTRUMENT;BLOCK;EUR;6;0.60350000;300;PRC_DECOMP_EXCHANGE;;;;XEUR;9531346;497;EXCHANGE
11.06.2025;10:02:16.899;ENT5 SI 20260618 PS AM C 14.00 0;SIMPLE_INSTRUMENT;BLOCK;EUR;6;0.66650000;300;PRC_DECOMP_EXCHANGE;;;;XEUR;9531347;497;EXCHANGE
11.06.2025;12:53:42.648;ENT5.O.250611.STG.000001;STANDARD_OPTION_STRATEGY;BLOCK;EUR;16;1.27000000;400;EXCHANGE_LAST;;1;1;XEUR;72059728636685284;497;
11.06.2025;12:53:42.648;ENT5 SI 20260618 PS AM C 14.00 0;SIMPLE_INSTRUMENT;BLOCK;EUR;16;0.66650000;400;PRC_DECOMP_MEMBER;;;;XEUR;9531347;497;MEMBER
11.06.2025;12:53:42.648;ENT5 SI 20260618 PS AM P 12.00 0;SIMPLE_INSTRUMENT;BLOCK;EUR;16;0.60350000;400;PRC_DECOMP_MEMBER;;;;XEUR;9531346;497;MEMBER
11.06.2025;15:23:22.931;ENT5.O.250611.STG.000003;STANDARD_OPTION_STRATEGY;BLOCK;EUR;20;2.11000000;400;EXCHANGE_LAST;;1;1;XEUR;72059728636685286;497;
11.06.2025;15:23:22.931;ENT5 SI 20261217 PS AM C 14.00 0;SIMPLE_INSTRUMENT;BLOCK;EUR;20;0.81000000;400;PRC_DECOMP_MEMBER;;;;XEUR;7147800;497;MEMBER
11.06.2025;15:23:22.931;ENT5 SI 20261217 PS AM P 13.00 0;SIMPLE_INSTRUMENT;BLOCK;EUR;20;1.30000000;400;PRC_DECOMP_MEMBER;;;;XEUR;13309977;497;MEMBER
11.06.2025;15:17:34.154;ERA.O.250611.BRT.000001;STANDARD_OPTION_STRATEGY;BLOCK;EUR;22;1.75000000;100;EXCHANGE_LAST;;1;1;XEUR;72059698571910007;490;
11.06.2025;15:17:34.154;ERA SI 20250815 PS AM P 50.00 0;SIMPLE_INSTRUMENT;BLOCK;EUR;22;4.26000000;100;PRC_DECOMP_EXCHANGE;;;;XEUR;13409487;490;EXCHANGE
11.06.2025;15:17:34.154;ERA SI 20250620 PS AM P 50.00 0;SIMPLE_INSTRUMENT;BLOCK;EUR;22;2.51000000;100;PRC_DECOMP_EXCHANGE;;;;XEUR;11358147;490;EXCHANGE
11.06.2025;10:20:58.137;F3IA SI 20261218 CS;SIMPLE_INSTRUMENT;BLOCK;EUR;22;0.41500000;774;EXCHANGE_LAST;;1;1;XEUR;6830373;390387;
11.06.2025;10:41:12.886;F3IA SI 20261218 CS;SIMPLE_INSTRUMENT;BLOCK;EUR;28;0.41500000;400;EXCHANGE_LAST;;1;1;XEUR;6830373;390387;
11.06.2025;14:10:41.801;F3TE SI 20271217 CS;SIMPLE_INSTRUMENT;BLOCK;EUR;79;0.71000000;1000;EXCHANGE_LAST;;2;1;XEUR;6633916;390379;
11.06.2025;16:06:49.353;FATX SI 20250620 CS;SIMPLE_INSTRUMENT;EFP_IDX;EUR;13;4388.00000000;10;EXCHANGE_LAST;;1;1;XEUR;11905432;28699;
11.06.2025;07:56:23.494;FBTP SI 20250908 PS;SIMPLE_INSTRUMENT;EFP_FIN;EUR;1;121.06000000;274;EXCHANGE_LAST;;1;1;XEUR;12372474;636;
11.06.2025;08:25:29.544;FBTP SI 20250908 PS;SIMPLE_INSTRUMENT;BLOCK;EUR;2;120.95000000;563;EXCHANGE_LAST;;1;1;XEUR;12372474;636;
11.06.2025;08:48:16.471;FBTP SI 20250908 PS;SIMPLE_INSTRUMENT;EFP_FIN;EUR;3;121.01000000;933;EXCHANGE_LAST;;1;1;XEUR;12372474;636;
11.06.2025;09:07:55.716;FBTP SI 20250908 PS;SIMPLE_INSTRUMENT;EFP_FIN;EUR;4;121.11000000;826;EXCHANGE_LAST;;1;1;XEUR;12372474;636;
11.06.2025;09:42:28.137;FBTP SI 20250908 PS;SIMPLE_INSTRUMENT;EFP_FIN;EUR;5;121.01000000;933;EXCHANGE_LAST;;1;1;XEUR;12372474;636;
11.06.2025;09:57:42.719;FBTP SI 20250908 PS;SIMPLE_INSTRUMENT;EFP_FIN;EUR;6;121.14000000;830;EXCHANGE_LAST;;1;1;XEUR;12372474;636;
11.06.2025;10:00:43.286;FBTP SI 20250908 PS;SIMPLE_INSTRUMENT;EFP_FIN;EUR;7;121.10000000;209;EXCHANGE_LAST;;1;1;XEUR;12372474;636;
11.06.2025;10:52:35.527;FBTP SI 20250908 PS;SIMPLE_INSTRUMENT;EFP_FIN;EUR;8;121.11000000;215;EXCHANGE_LAST;;1;1;XEUR;12372474;636;
11.06.2025;10:46:46.858;FBTP SI 20250908 PS;SIMPLE_INSTRUMENT;EFS;EUR;9;121.07000000;113;EXCHANGE_LAST;;1;1;XEUR;12372474;636;
11.06.2025;11:08:10.958;FBTP SI 20250908 PS;SIMPLE_INSTRUMENT;EFP_FIN;EUR;10;121.07000000;826;EXCHANGE_LAST;;1;1;XEUR;12372474;636;
11.06.2025;11:12:09.767;FBTP SI 20250908 PS;SIMPLE_INSTRUMENT;EFS;EUR;11;121.10000000;112;EXCHANGE_LAST;;1;1;XEUR;12372474;636;
11.06.2025;11:39:10.570;FBTP SI 20250908 PS;SIMPLE_INSTRUMENT;BLOCK;EUR;12;121.12000000;1289;EXCHANGE_LAST;;1;1;XEUR;12372474;636;
11.06.2025;11:43:01.076;FBTP SI 20250908 PS;SIMPLE_INSTRUMENT;EFP_FIN;EUR;13;121.13000000;258;EXCHANGE_LAST;;1;1;XEUR;12372474;636;
11.06.2025;11:57:44.822;FBTP SI 20250908 PS;SIMPLE_INSTRUMENT;EFP_FIN;EUR;14;121.08000000;383;EXCHANGE_LAST;;1;1;XEUR;12372474;636;
11.06.2025;12:15:44.594;FBTP SI 20250908 PS;SIMPLE_INSTRUMENT;EFP_FIN;EUR;15;121.09000000;786;EXCHANGE_LAST;;1;1;XEUR;12372474;636;
11.06.2025;12:15:21.913;FBTP SI 20250908 PS;SIMPLE_INSTRUMENT;BLOCK;EUR;16;121.14000000;860;EXCHANGE_LAST;;1;1;XEUR;12372474;636;
11.06.2025;12:15:29.315;FBTP SI 20250908 PS;SIMPLE_INSTRUMENT;BLOCK;EUR;17;121.14000000;860;EXCHANGE_LAST;;1;1;XEUR;12372474;636;
11.06.2025;12:17:54.417;FBTP SI 20250908 PS;SIMPLE_INSTRUMENT;BLOCK;EUR;18;121.10000000;1075;EXCHANGE_LAST;;1;1;XEUR;12372474;636;
11.06.2025;12:28:12.655;FBTP SI 20250908 PS;SIMPLE_INSTRUMENT;EFP_FIN;EUR;19;121.05000000;280;EXCHANGE_LAST;;1;1;XEUR;12372474;636;
11.06.2025;13:22:44.831;FBTP SI 20250908 PS;SIMPLE_INSTRUMENT;EFP_FIN;EUR;20;121.36000000;424;EXCHANGE_LAST;;1;1;XEUR;12372474;636;
11.06.2025;13:27:37.846;FBTP SI 20250908 PS;SIMPLE_INSTRUMENT;EFP_FIN;EUR;21;121.39000000;554;EXCHANGE_LAST;;1;1;XEUR;12372474;636;
11.06.2025;13:32:11.351;FBTP SI 20250908 PS;SIMPLE_INSTRUMENT;BLOCK;EUR;22;121.33000000;424;EXCHANGE_LAST;;1;1;XEUR;12372474;636;
11.06.2025;13:37:41.508;FBTP SI 20250908 PS;SIMPLE_INSTRUMENT;EFS;EUR;23;121.19000000;75;EXCHANGE_LAST;;1;1;XEUR;12372474;636;
11.06.2025;13:49:33.614;FBTP SI 20250908 PS;SIMPLE_INSTRUMENT;BLOCK;EUR;24;121.27000000;430;EXCHANGE_LAST;;1;1;XEUR;12372474;636;
11.06.2025;14:12:43.635;FBTP SI 20250908 PS;SIMPLE_INSTRUMENT;EFP_FIN;EUR;25;121.28000000;894;EXCHANGE_LAST;;1;1;XEUR;12372474;636;
11.06.2025;14:15:07.992;FBTP SI 20250908 PS;SIMPLE_INSTRUMENT;EFP_FIN;EUR;26;121.28000000;215;EXCHANGE_LAST;;1;1;XEUR;12372474;636;
11.06.2025;14:32:54.045;FBTP SI 20250908 PS;SIMPLE_INSTRUMENT;BLOCK;EUR;27;121.26000000;315;EXCHANGE_LAST;;1;1;XEUR;12372474;636;
11.06.2025;15:10:28.830;FBTP SI 20250908 PS;SIMPLE_INSTRUMENT;EFP_FIN;EUR;28;121.34000000;683;EXCHANGE_LAST;;1;1;XEUR;12372474;636;
11.06.2025;15:11:46.624;FBTP SI 20250908 PS;SIMPLE_INSTRUMENT;EFP_FIN;EUR;29;121.34000000;92;EXCHANGE_LAST;;1;1;XEUR;12372474;636;
11.06.2025;15:13:02.833;FBTP SI 20250908 PS;SIMPLE_INSTRUMENT;EFP_FIN;EUR;30;121.30000000;345;EXCHANGE_LAST;;1;1;XEUR;12372474;636;
11.06.2025;15:14:20.990;FBTP SI 20250908 PS;SIMPLE_INSTRUMENT;EFP_FIN;EUR;31;121.30000000;93;EXCHANGE_LAST;;1;1;XEUR;12372474;636;
11.06.2025;15:15:28.094;FBTP SI 20250908 PS;SIMPLE_INSTRUMENT;EFP_FIN;EUR;32;121.30000000;90;EXCHANGE_LAST;;1;1;XEUR;12372474;636;
11.06.2025;15:24:35.722;FBTP SI 20250908 PS;SIMPLE_INSTRUMENT;EFP_FIN;EUR;33;121.27000000;215;EXCHANGE_LAST;;1;1;XEUR;12372474;636;
11.06.2025;15:25:11.410;FBTP SI 20250908 PS;SIMPLE_INSTRUMENT;EFP_FIN;EUR;34;121.26000000;483;EXCHANGE_LAST;;1;1;XEUR;12372474;636;
11.06.2025;07:39:58.188;FBTP SI 20250908 PS;SIMPLE_INSTRUMENT;VOLA;EUR;268435465;121.05000000;90;EXCHANGE_LAST;;1;1;XEUR;12372474;636;
11.06.2025;07:54:35.901;FBTS SI 20250908 PS;SIMPLE_INSTRUMENT;EFP_FIN;EUR;1;107.88500000;417;EXCHANGE_LAST;;1;1;XEUR;12372476;639;
11.06.2025;08:04:41.107;FBTS SI 20250908 PS;SIMPLE_INSTRUMENT;EFP_FIN;EUR;4;107.89500000;2382;EXCHANGE_LAST;;1;1;XEUR;12372476;639;
11.06.2025;08:25:02.372;FBTS SI 20250908 PS;SIMPLE_INSTRUMENT;EFP_FIN;EUR;6;107.88000000;469;EXCHANGE_LAST;;1;1;XEUR;12372476;639;
11.06.2025;09:02:57.437;FBTS SI 20250908 PS;SIMPLE_INSTRUMENT;EFP_FIN;EUR;10;107.90000000;1823;EXCHANGE_LAST;;1;1;XEUR;12372476;639;
11.06.2025;09:11:41.706;FBTS SI 20250908 PS;SIMPLE_INSTRUMENT;EFP_FIN;EUR;11;107.90000000;1406;EXCHANGE_LAST;;1;1;XEUR;12372476;639;
11.06.2025;09:14:56.172;FBTS SI 20250908 PS;SIMPLE_INSTRUMENT;EFP_FIN;EUR;14;107.90000000;937;EXCHANGE_LAST;;1;1;XEUR;12372476;639;
11.06.2025;09:18:35.877;FBTS SI 20250908 PS;SIMPLE_INSTRUMENT;EFP_FIN;EUR;15;107.89000000;636;EXCHANGE_LAST;;1;1;XEUR;12372476;639;
11.06.2025;09:18:59.605;FBTS SI 20250908 PS;SIMPLE_INSTRUMENT;EFP_FIN;EUR;16;107.89000000;827;EXCHANGE_LAST;;1;1;XEUR;12372476;639;
11.06.2025;09:24:23.356;FBTS SI 20250908 PS;SIMPLE_INSTRUMENT;EFP_FIN;EUR;17;107.89000000;2146;EXCHANGE_LAST;;1;1;XEUR;12372476;639;
11.06.2025;09:31:41.450;FBTS SI 20250908 PS;SIMPLE_INSTRUMENT;EFP_FIN;EUR;19;107.90000000;937;EXCHANGE_LAST;;1;1;XEUR;12372476;639;
11.06.2025;10:53:14.436;FBTS SI 20250908 PS;SIMPLE_INSTRUMENT;EFP_FIN;EUR;26;107.90000000;281;EXCHANGE_LAST;;1;1;XEUR;12372476;639;
11.06.2025;11:41:30.018;FBTS SI 20250908 PS;SIMPLE_INSTRUMENT;EFP_FIN;EUR;35;107.92000000;170;EXCHANGE_LAST;;1;1;XEUR;12372476;639;
11.06.2025;12:09:40.218;FBTS SI 20250908 PS;SIMPLE_INSTRUMENT;EFP_FIN;EUR;37;107.92000000;127;EXCHANGE_LAST;;1;1;XEUR;12372476;639;
11.06.2025;12:21:34.135;FBTS SI 20250908 PS;SIMPLE_INSTRUMENT;BLOCK;EUR;39;107.90000000;878;EXCHANGE_LAST;;1;1;XEUR;12372476;639;
11.06.2025;13:33:44.870;FBTS SI 20250908 PS;SIMPLE_INSTRUMENT;EFP_FIN;EUR;42;107.94000000;642;EXCHANGE_LAST;;1;1;XEUR;12372476;639;
11.06.2025;14:10:42.167;FBTS SI 20250908 PS;SIMPLE_INSTRUMENT;BLOCK;EUR;46;107.95000000;858;EXCHANGE_LAST;;1;1;XEUR;12372476;639;
11.06.2025;14:14:56.437;FBTS SI 20250908 PS;SIMPLE_INSTRUMENT;EFP_FIN;EUR;47;107.94000000;683;EXCHANGE_LAST;;1;1;XEUR;12372476;639;
11.06.2025;14:32:19.846;FBTS SI 20250908 PS;SIMPLE_INSTRUMENT;EFP_FIN;EUR;50;107.95000000;593;EXCHANGE_LAST;;1;1;XEUR;12372476;639;
11.06.2025;14:46:50.564;FBTS SI 20250908 PS;SIMPLE_INSTRUMENT;EFP_FIN;EUR;51;107.95000000;446;EXCHANGE_LAST;;1;1;XEUR;12372476;639;
11.06.2025;15:37:09.338;FBTS SI 20250908 PS;SIMPLE_INSTRUMENT;BLOCK;EUR;54;107.92000000;2831;EXCHANGE_LAST;;1;1;XEUR;12372476;639;
11.06.2025;16:13:16.435;FBTS SI 20250908 PS;SIMPLE_INSTRUMENT;EFP_FIN;EUR;57;107.90500000;256;EXCHANGE_LAST;;1;1;XEUR;12372476;639;
11.06.2025;09:55:37.806;FCDK SI 20250616 PS;SIMPLE_INSTRUMENT;BLOCK;DKK;4;7.45850000;282;EXCHANGE_LAST;;1;1;XEUR;7879246;402917;
11.06.2025;09:56:44.153;FCDK SI 20250915 PS;SIMPLE_INSTRUMENT;BLOCK;DKK;5;7.45400000;282;EXCHANGE_LAST;;1;1;XEUR;9985671;402917;
11.06.2025;10:07:05.326;FCEA SI 20250616 PS;SIMPLE_INSTRUMENT;BLOCK;AUD;6;1.75600000;1941;EXCHANGE_LAST;;1;1;XEUR;7879002;369373;
11.06.2025;10:08:03.648;FCEA SI 20250915 PS;SIMPLE_INSTRUMENT;BLOCK;AUD;7;1.76369000;1941;EXCHANGE_LAST;;1;1;XEUR;9985447;369373;
11.06.2025;11:53:17.667;FCEF.S.JUN25.SEP25.SPD;FUTURES_SPREAD;BLOCK;CHF;20;0.00510000;43;EXCHANGE_LAST;;1;1;XEUR;73644043287921069;369374;
11.06.2025;11:53:17.667;FCEF SI 20250616 PS;SIMPLE_INSTRUMENT;BLOCK;CHF;20;0.93910000;43;PRC_DECOMP_EXCHANGE;;;;XEUR;7879013;369374;EXCHANGE
11.06.2025;11:53:17.667;FCEF SI 20250915 PS;SIMPLE_INSTRUMENT;BLOCK;CHF;20;0.93400000;43;PRC_DECOMP_EXCHANGE;;;;XEUR;9985448;369374;EXCHANGE
11.06.2025;13:34:21.874;FCEF SI 20250616 PS;SIMPLE_INSTRUMENT;BLOCK;CHF;23;0.93490000;1758;EXCHANGE_LAST;;1;1;XEUR;7879013;369374;
11.06.2025;13:35:47.153;FCEF SI 20250915 PS;SIMPLE_INSTRUMENT;BLOCK;CHF;24;0.93998000;1758;EXCHANGE_LAST;;1;1;XEUR;9985448;369374;
11.06.2025;13:36:44.163;FCEF SI 20250616 PS;SIMPLE_INSTRUMENT;BLOCK;CHF;25;0.93490000;321;EXCHANGE_LAST;;1;1;XEUR;7879013;369374;
11.06.2025;13:37:50.569;FCEF SI 20250915 PS;SIMPLE_INSTRUMENT;BLOCK;CHF;26;0.93998000;321;EXCHANGE_LAST;;1;1;XEUR;9985448;369374;
11.06.2025;13:38:53.447;FCEF SI 20250616 PS;SIMPLE_INSTRUMENT;BLOCK;CHF;27;0.93490000;22;EXCHANGE_LAST;;1;1;XEUR;7879013;369374;
11.06.2025;13:39:39.310;FCEF SI 20250915 PS;SIMPLE_INSTRUMENT;BLOCK;CHF;28;0.93998000;22;EXCHANGE_LAST;;1;1;XEUR;9985448;369374;
11.06.2025;10:25:20.621;FCEP SI 20250616 PS;SIMPLE_INSTRUMENT;BLOCK;GBP;10;0.84747000;2775;EXCHANGE_LAST;;1;1;XEUR;7879017;369375;
11.06.2025;10:26:20.894;FCEP SI 20250915 PS;SIMPLE_INSTRUMENT;BLOCK;GBP;11;0.85219000;2775;EXCHANGE_LAST;;1;1;XEUR;9985449;369375;
11.06.2025;10:42:45.676;FCEP.S.JUN25.SEP25.SPD;FUTURES_SPREAD;BLOCK;GBP;19;-0.00469000;104;EXCHANGE_LAST;;1;1;XEUR;73644047582888365;369375;
11.06.2025;10:42:45.676;FCEP SI 20250915 PS;SIMPLE_INSTRUMENT;BLOCK;GBP;19;0.85217000;104;PRC_DECOMP_EXCHANGE;;;;XEUR;9985449;369375;EXCHANGE
11.06.2025;10:42:45.676;FCEP SI 20250616 PS;SIMPLE_INSTRUMENT;BLOCK;GBP;19;0.84748000;104;PRC_DECOMP_EXCHANGE;;;;XEUR;7879017;369375;EXCHANGE
11.06.2025;14:01:29.917;FCEP SI 20250616 PS;SIMPLE_INSTRUMENT;BLOCK;GBP;33;0.84747000;104;EXCHANGE_LAST;;1;1;XEUR;7879017;369375;
11.06.2025;14:02:33.883;FCEP SI 20250915 PS;SIMPLE_INSTRUMENT;BLOCK;GBP;34;0.85219000;104;EXCHANGE_LAST;;1;1;XEUR;9985449;369375;
11.06.2025;14:03:30.526;FCEP SI 20250616 PS;SIMPLE_INSTRUMENT;BLOCK;GBP;35;0.84747000;104;EXCHANGE_LAST;;1;1;XEUR;7879017;369375;
11.06.2025;14:05:39.896;FCEP SI 20250915 PS;SIMPLE_INSTRUMENT;BLOCK;GBP;36;0.85219000;104;EXCHANGE_LAST;;1;1;XEUR;9985449;369375;
11.06.2025;09:40:24.139;FCEU SI 20250616 PS;SIMPLE_INSTRUMENT;BLOCK;USD;1;1.14460000;1465;EXCHANGE_LAST;;1;1;XEUR;7879022;369376;
11.06.2025;09:41:11.161;FCEU SI 20250915 PS;SIMPLE_INSTRUMENT;BLOCK;USD;2;1.15161000;1465;EXCHANGE_LAST;;1;1;XEUR;9985450;369376;
11.06.2025;09:42:09.797;FCEU.S.JUN25.SEP25.SPD;FUTURES_SPREAD;BLOCK;USD;3;-0.00699000;18335;EXCHANGE_LAST;;1;1;XEUR;73644051877855663;369376;
11.06.2025;09:42:09.797;FCEU SI 20250616 PS;SIMPLE_INSTRUMENT;BLOCK;USD;3;1.14366000;18335;PRC_DECOMP_EXCHANGE;;;;XEUR;7879022;369376;EXCHANGE
11.06.2025;09:42:09.797;FCEU SI 20250915 PS;SIMPLE_INSTRUMENT;BLOCK;USD;3;1.15065000;18335;PRC_DECOMP_EXCHANGE;;;;XEUR;9985450;369376;EXCHANGE
11.06.2025;10:37:56.821;FCEU.S.JUN25.SEP25.SPD;FUTURES_SPREAD;BLOCK;USD;14;-0.00699000;302;EXCHANGE_LAST;;1;1;XEUR;73644051877855663;369376;
11.06.2025;10:37:56.821;FCEU SI 20250915 PS;SIMPLE_INSTRUMENT;BLOCK;USD;14;1.15065000;302;PRC_DECOMP_EXCHANGE;;;;XEUR;9985450;369376;EXCHANGE
11.06.2025;10:37:56.821;FCEU SI 20250616 PS;SIMPLE_INSTRUMENT;BLOCK;USD;14;1.14366000;302;PRC_DECOMP_EXCHANGE;;;;XEUR;7879022;369376;EXCHANGE
11.06.2025;15:17:37.606;FCEU SI 20250616 PS;SIMPLE_INSTRUMENT;BLOCK;USD;37;1.14760000;20803;EXCHANGE_LAST;;1;1;XEUR;7879022;369376;
11.06.2025;15:19:09.505;FCEU SI 20250915 PS;SIMPLE_INSTRUMENT;BLOCK;USD;38;1.15461000;10402;EXCHANGE_LAST;;1;1;XEUR;9985450;369376;
11.06.2025;15:19:37.651;FCEU SI 20250915 PS;SIMPLE_INSTRUMENT;BLOCK;USD;39;1.15462000;10401;EXCHANGE_LAST;;1;1;XEUR;9985450;369376;
11.06.2025;15:22:00.870;FCEU SI 20250616 PS;SIMPLE_INSTRUMENT;BLOCK;USD;40;1.14760000;7192;EXCHANGE_LAST;;1;1;XEUR;7879022;369376;
11.06.2025;15:24:52.824;FCEU SI 20250915 PS;SIMPLE_INSTRUMENT;BLOCK;USD;41;1.15461000;3596;EXCHANGE_LAST;;1;1;XEUR;9985450;369376;
11.06.2025;15:25:03.447;FCEU SI 20250915 PS;SIMPLE_INSTRUMENT;BLOCK;USD;42;1.15462000;3596;EXCHANGE_LAST;;1;1;XEUR;9985450;369376;
11.06.2025;13:47:18.198;FCEY SI 20250616 PS;SIMPLE_INSTRUMENT;BLOCK;JPY;29;166.05000000;1883;EXCHANGE_LAST;;1;1;XEUR;7878722;369363;
11.06.2025;13:48:01.743;FCEY SI 20250915 PS;SIMPLE_INSTRUMENT;BLOCK;JPY;30;165.36400000;1883;EXCHANGE_LAST;;1;1;XEUR;9985420;369363;
11.06.2025;13:48:48.102;FCEY SI 20250616 PS;SIMPLE_INSTRUMENT;BLOCK;JPY;31;166.05000000;5275;EXCHANGE_LAST;;1;1;XEUR;7878722;369363;
11.06.2025;13:49:17.420;FCEY SI 20250915 PS;SIMPLE_INSTRUMENT;BLOCK;JPY;32;165.36400000;5275;EXCHANGE_LAST;;1;1;XEUR;9985420;369363;
11.06.2025;12:51:36.338;FCMU SI 20250616 CS;SIMPLE_INSTRUMENT;BLOCK;USD;21;0.05257000;240;EXCHANGE_LAST;;1;1;XEUR;11855448;570874;
11.06.2025;12:51:42.936;FCMU SI 20250915 CS;SIMPLE_INSTRUMENT;BLOCK;USD;22;0.05203000;240;EXCHANGE_LAST;;1;1;XEUR;12410709;570874;
11.06.2025;10:36:12.452;FCPU.S.JUN25.SEP25.SPD;FUTURES_SPREAD;BLOCK;USD;12;-0.00077000;230;EXCHANGE_LAST;;1;1;XEUR;73644064762757549;369379;
11.06.2025;10:36:12.452;FCPU SI 20250915 PS;SIMPLE_INSTRUMENT;BLOCK;USD;12;1.35158000;230;PRC_DECOMP_EXCHANGE;;;;XEUR;9985452;369379;EXCHANGE
11.06.2025;10:36:12.452;FCPU SI 20250616 PS;SIMPLE_INSTRUMENT;BLOCK;USD;12;1.35081000;230;PRC_DECOMP_EXCHANGE;;;;XEUR;7879040;369379;EXCHANGE
11.06.2025;10:37:30.456;FCPU.S.JUN25.SEP25.SPD;FUTURES_SPREAD;BLOCK;USD;13;-0.00076000;128;EXCHANGE_LAST;;1;1;XEUR;73644064762757549;369379;
11.06.2025;10:37:30.456;FCPU SI 20250915 PS;SIMPLE_INSTRUMENT;BLOCK;USD;13;1.35157000;128;PRC_DECOMP_EXCHANGE;;;;XEUR;9985452;369379;EXCHANGE
11.06.2025;10:37:30.456;FCPU SI 20250616 PS;SIMPLE_INSTRUMENT;BLOCK;USD;13;1.35081000;128;PRC_DECOMP_EXCHANGE;;;;XEUR;7879040;369379;EXCHANGE
11.06.2025;10:38:36.081;FCSK SI 20250616 PS;SIMPLE_INSTRUMENT;BLOCK;SEK;15;10.99100000;313;EXCHANGE_LAST;;1;1;XEUR;7879245;402915;
11.06.2025;10:38:39.469;FCSK SI 20250915 PS;SIMPLE_INSTRUMENT;BLOCK;SEK;16;10.99320000;313;EXCHANGE_LAST;;1;1;XEUR;9985667;402915;
11.06.2025;10:38:43.667;FCSK SI 20250616 PS;SIMPLE_INSTRUMENT;BLOCK;SEK;17;10.99100000;218;EXCHANGE_LAST;;1;1;XEUR;7879245;402915;
11.06.2025;10:38:47.193;FCSK SI 20250915 PS;SIMPLE_INSTRUMENT;BLOCK;SEK;18;10.99320000;218;EXCHANGE_LAST;;1;1;XEUR;9985667;402915;
11.06.2025;10:10:36.463;FCZU SI 20250616 CS;SIMPLE_INSTRUMENT;BLOCK;USD;8;0.05630000;230;EXCHANGE_LAST;;1;1;XEUR;11855446;570872;
11.06.2025;10:11:29.270;FCZU SI 20250915 CS;SIMPLE_INSTRUMENT;BLOCK;USD;9;0.05591000;230;EXCHANGE_LAST;;1;1;XEUR;12410707;570872;
11.06.2025;13:47:53.423;FDAX SI 20250620 CS;SIMPLE_INSTRUMENT;BLOCK;EUR;1;24060.00000000;250;EXCHANGE_LAST;;1;1;XEUR;7903800;589;
11.06.2025;12:24:56.897;FDAX SI 20250620 CS;SIMPLE_INSTRUMENT;VOLA;EUR;671088651;24053.00000000;42;EXCHANGE_LAST;;1;1;XEUR;7903800;589;
11.06.2025;15:29:06.886;FEBD SI 20261218 CS;SIMPLE_INSTRUMENT;BLOCK;EUR;56;10.56000000;1000;EXCHANGE_LAST;;1;1;XEUR;7158212;597;
11.06.2025;16:27:40.536;FEBD SI 20261218 CS;SIMPLE_INSTRUMENT;BLOCK;EUR;77;10.57000000;1200;EXCHANGE_LAST;;1;1;XEUR;7158212;597;
11.06.2025;10:16:31.966;FEDV.S.JUN25.SEP25.SPD;FUTURES_SPREAD;BLOCK;EUR;15;5.50000000;10800;EXCHANGE_LAST;;3;1;XEUR;72060153838436448;596;
11.06.2025;10:16:31.966;FEDV SI 20250620 CS;SIMPLE_INSTRUMENT;BLOCK;EUR;15;1986.00000000;10800;PRC_DECOMP_EXCHANGE;;;;XEUR;11880642;596;EXCHANGE
11.06.2025;10:16:31.966;FEDV SI 20250919 CS;SIMPLE_INSTRUMENT;BLOCK;EUR;15;1980.50000000;10800;PRC_DECOMP_EXCHANGE;;;;XEUR;12441554;596;EXCHANGE
11.06.2025;11:34:34.774;FEDV.S.JUN25.SEP25.SPD;FUTURES_SPREAD;BLOCK;EUR;18;5.50000000;1000;EXCHANGE_LAST;;1;1;XEUR;72060153838436448;596;
11.06.2025;11:34:34.774;FEDV SI 20250919 CS;SIMPLE_INSTRUMENT;BLOCK;EUR;18;1978.50000000;1000;PRC_DECOMP_MEMBER;;;;XEUR;12441554;596;MEMBER
11.06.2025;11:34:34.774;FEDV SI 20250620 CS;SIMPLE_INSTRUMENT;BLOCK;EUR;18;1984.00000000;1000;PRC_DECOMP_MEMBER;;;;XEUR;11880642;596;MEMBER
11.06.2025;11:34:35.127;FEDV.S.JUN25.SEP25.SPD;FUTURES_SPREAD;BLOCK;EUR;19;5.60000000;1000;EXCHANGE_LAST;;1;1;XEUR;72060153838436448;596;
11.06.2025;11:34:35.127;FEDV SI 20250620 CS;SIMPLE_INSTRUMENT;BLOCK;EUR;19;1984.00000000;1000;PRC_DECOMP_MEMBER;;;;XEUR;11880642;596;MEMBER
11.06.2025;11:34:35.127;FEDV SI 20250919 CS;SIMPLE_INSTRUMENT;BLOCK;EUR;19;1978.40000000;1000;PRC_DECOMP_MEMBER;;;;XEUR;12441554;596;MEMBER
11.06.2025;11:55:58.423;FEDV.S.JUN25.SEP25.SPD;FUTURES_SPREAD;BLOCK;EUR;21;5.50000000;1250;EXCHANGE_LAST;;1;1;XEUR;72060153838436448;596;
11.06.2025;11:55:58.423;FEDV SI 20250620 CS;SIMPLE_INSTRUMENT;BLOCK;EUR;21;1987.00000000;1250;PRC_DECOMP_EXCHANGE;;;;XEUR;11880642;596;EXCHANGE
11.06.2025;11:55:58.423;FEDV SI 20250919 CS;SIMPLE_INSTRUMENT;BLOCK;EUR;21;1981.50000000;1250;PRC_DECOMP_EXCHANGE;;;;XEUR;12441554;596;EXCHANGE
11.06.2025;11:55:42.360;FEDV.S.JUN25.SEP25.SPD;FUTURES_SPREAD;BLOCK;EUR;22;5.60000000;1250;EXCHANGE_LAST;;1;1;XEUR;72060153838436448;596;
11.06.2025;11:55:42.360;FEDV SI 20250620 CS;SIMPLE_INSTRUMENT;BLOCK;EUR;22;1986.60000000;1250;PRC_DECOMP_EXCHANGE;;;;XEUR;11880642;596;EXCHANGE
11.06.2025;11:55:42.360;FEDV SI 20250919 CS;SIMPLE_INSTRUMENT;BLOCK;EUR;22;1981.00000000;1250;PRC_DECOMP_EXCHANGE;;;;XEUR;12441554;596;EXCHANGE
11.06.2025;12:23:25.884;FEDV.S.JUN25.SEP25.SPD;FUTURES_SPREAD;BLOCK;EUR;23;5.50000000;1000;EXCHANGE_LAST;;1;1;XEUR;72060153838436448;596;
11.06.2025;12:23:25.884;FEDV SI 20250919 CS;SIMPLE_INSTRUMENT;BLOCK;EUR;23;1981.00000000;1000;PRC_DECOMP_EXCHANGE;;;;XEUR;12441554;596;EXCHANGE
11.06.2025;12:23:25.884;FEDV SI 20250620 CS;SIMPLE_INSTRUMENT;BLOCK;EUR;23;1986.50000000;1000;PRC_DECOMP_EXCHANGE;;;;XEUR;11880642;596;EXCHANGE
11.06.2025;12:24:20.183;FEDV.S.JUN25.SEP25.SPD;FUTURES_SPREAD;BLOCK;EUR;24;5.60000000;1000;EXCHANGE_LAST;;1;1;XEUR;72060153838436448;596;
11.06.2025;12:24:20.183;FEDV SI 20250919 CS;SIMPLE_INSTRUMENT;BLOCK;EUR;24;1980.90000000;1000;PRC_DECOMP_MEMBER;;;;XEUR;12441554;596;MEMBER
11.06.2025;12:24:20.183;FEDV SI 20250620 CS;SIMPLE_INSTRUMENT;BLOCK;EUR;24;1986.50000000;1000;PRC_DECOMP_MEMBER;;;;XEUR;11880642;596;MEMBER
11.06.2025;12:41:23.765;FEDV.S.JUN25.SEP25.SPD;FUTURES_SPREAD;BLOCK;EUR;33;5.50000000;1500;EXCHANGE_LAST;;1;1;XEUR;72060153838436448;596;
11.06.2025;12:41:23.765;FEDV SI 20250919 CS;SIMPLE_INSTRUMENT;BLOCK;EUR;33;1981.00000000;1500;PRC_DECOMP_MEMBER;;;;XEUR;12441554;596;MEMBER
11.06.2025;12:41:23.765;FEDV SI 20250620 CS;SIMPLE_INSTRUMENT;BLOCK;EUR;33;1986.50000000;1500;PRC_DECOMP_MEMBER;;;;XEUR;11880642;596;MEMBER
11.06.2025;12:41:12.925;FEDV.S.JUN25.SEP25.SPD;FUTURES_SPREAD;BLOCK;EUR;34;5.60000000;1500;EXCHANGE_LAST;;1;1;XEUR;72060153838436448;596;
11.06.2025;12:41:12.925;FEDV SI 20250620 CS;SIMPLE_INSTRUMENT;BLOCK;EUR;34;1986.50000000;1500;PRC_DECOMP_MEMBER;;;;XEUR;11880642;596;MEMBER
11.06.2025;12:41:12.925;FEDV SI 20250919 CS;SIMPLE_INSTRUMENT;BLOCK;EUR;34;1980.90000000;1500;PRC_DECOMP_MEMBER;;;;XEUR;12441554;596;MEMBER
11.06.2025;13:09:47.989;FEDV.S.JUN25.SEP25.SPD;FUTURES_SPREAD;BLOCK;EUR;38;5.60000000;5000;EXCHANGE_LAST;;1;2;XEUR;72060153838436448;596;
11.06.2025;13:09:47.989;FEDV SI 20250919 CS;SIMPLE_INSTRUMENT;BLOCK;EUR;38;1981.00000000;5000;PRC_DECOMP_EXCHANGE;;;;XEUR;12441554;596;EXCHANGE
11.06.2025;13:09:47.989;FEDV SI 20250620 CS;SIMPLE_INSTRUMENT;BLOCK;EUR;38;1986.60000000;5000;PRC_DECOMP_EXCHANGE;;;;XEUR;11880642;596;EXCHANGE
11.06.2025;13:09:55.285;FEDV.S.JUN25.SEP25.SPD;FUTURES_SPREAD;BLOCK;EUR;39;5.50000000;5000;EXCHANGE_LAST;;1;2;XEUR;72060153838436448;596;
11.06.2025;13:09:55.285;FEDV SI 20250620 CS;SIMPLE_INSTRUMENT;BLOCK;EUR;39;1986.50000000;5000;PRC_DECOMP_EXCHANGE;;;;XEUR;11880642;596;EXCHANGE
11.06.2025;13:09:55.285;FEDV SI 20250919 CS;SIMPLE_INSTRUMENT;BLOCK;EUR;39;1981.00000000;5000;PRC_DECOMP_EXCHANGE;;;;XEUR;12441554;596;EXCHANGE
11.06.2025;13:17:33.577;FEDV.S.JUN25.SEP25.SPD;FUTURES_SPREAD;BLOCK;EUR;44;5.50000000;1000;EXCHANGE_LAST;;1;1;XEUR;72060153838436448;596;
11.06.2025;13:17:33.577;FEDV SI 20250620 CS;SIMPLE_INSTRUMENT;BLOCK;EUR;44;1985.00000000;1000;PRC_DECOMP_MEMBER;;;;XEUR;11880642;596;MEMBER
11.06.2025;13:17:33.577;FEDV SI 20250919 CS;SIMPLE_INSTRUMENT;BLOCK;EUR;44;1979.50000000;1000;PRC_DECOMP_MEMBER;;;;XEUR;12441554;596;MEMBER
11.06.2025;13:17:38.821;FEDV.S.JUN25.SEP25.SPD;FUTURES_SPREAD;BLOCK;EUR;45;5.60000000;1000;EXCHANGE_LAST;;1;1;XEUR;72060153838436448;596;
11.06.2025;13:17:38.821;FEDV SI 20250919 CS;SIMPLE_INSTRUMENT;BLOCK;EUR;45;1979.40000000;1000;PRC_DECOMP_MEMBER;;;;XEUR;12441554;596;MEMBER
11.06.2025;13:17:38.821;FEDV SI 20250620 CS;SIMPLE_INSTRUMENT;BLOCK;EUR;45;1985.00000000;1000;PRC_DECOMP_MEMBER;;;;XEUR;11880642;596;MEMBER
11.06.2025;13:24:12.043;FEDV.S.JUN25.SEP25.SPD;FUTURES_SPREAD;BLOCK;EUR;46;5.60000000;7000;EXCHANGE_LAST;;1;2;XEUR;72060153838436448;596;
11.06.2025;13:24:12.043;FEDV SI 20250620 CS;SIMPLE_INSTRUMENT;BLOCK;EUR;46;1985.60000000;7000;PRC_DECOMP_EXCHANGE;;;;XEUR;11880642;596;EXCHANGE
11.06.2025;13:24:12.043;FEDV SI 20250919 CS;SIMPLE_INSTRUMENT;BLOCK;EUR;46;1980.00000000;7000;PRC_DECOMP_EXCHANGE;;;;XEUR;12441554;596;EXCHANGE
11.06.2025;13:24:26.502;FEDV.S.JUN25.SEP25.SPD;FUTURES_SPREAD;BLOCK;EUR;47;5.70000000;7000;EXCHANGE_LAST;;1;2;XEUR;72060153838436448;596;
11.06.2025;13:24:26.502;FEDV SI 20250919 CS;SIMPLE_INSTRUMENT;BLOCK;EUR;47;1980.00000000;7000;PRC_DECOMP_EXCHANGE;;;;XEUR;12441554;596;EXCHANGE
11.06.2025;13:24:26.502;FEDV SI 20250620 CS;SIMPLE_INSTRUMENT;BLOCK;EUR;47;1985.70000000;7000;PRC_DECOMP_EXCHANGE;;;;XEUR;11880642;596;EXCHANGE
11.06.2025;15:26:27.003;FEDV.S.JUN25.SEP25.SPD;FUTURES_SPREAD;BLOCK;EUR;55;5.70000000;2000;EXCHANGE_LAST;;1;1;XEUR;72060153838436448;596;
11.06.2025;15:26:27.003;FEDV SI 20250919 CS;SIMPLE_INSTRUMENT;BLOCK;EUR;55;1976.00000000;2000;PRC_DECOMP_EXCHANGE;;;;XEUR;12441554;596;EXCHANGE
11.06.2025;15:26:27.003;FEDV SI 20250620 CS;SIMPLE_INSTRUMENT;BLOCK;EUR;55;1981.70000000;2000;PRC_DECOMP_EXCHANGE;;;;XEUR;11880642;596;EXCHANGE
11.06.2025;15:55:30.301;FEDV SI 20250620 CS;SIMPLE_INSTRUMENT;BLOCK;EUR;65;1978.50000000;990;EXCHANGE_LAST;;1;1;XEUR;11880642;596;
11.06.2025;15:55:42.629;FEDV SI 20250620 CS;SIMPLE_INSTRUMENT;BLOCK;EUR;66;1979.00000000;2010;EXCHANGE_LAST;;1;1;XEUR;11880642;596;
11.06.2025;09:52:53.489;FEHY.S.JUN25.SEP25.SPD;FUTURES_SPREAD;BLOCK;EUR;9;-1.44000000;120;EXCHANGE_LAST;;1;1;XEUR;74523107129294868;574047;
11.06.2025;09:52:53.489;FEHY SI 20250919 CS;SIMPLE_INSTRUMENT;BLOCK;EUR;9;303.82000000;120;PRC_DECOMP_EXCHANGE;;;;XEUR;12517893;574047;EXCHANGE
11.06.2025;09:52:53.489;FEHY SI 20250620 CS;SIMPLE_INSTRUMENT;BLOCK;EUR;9;302.38000000;120;PRC_DECOMP_EXCHANGE;;;;XEUR;11949378;574047;EXCHANGE
11.06.2025;09:53:34.493;FEHY.S.JUN25.SEP25.SPD;FUTURES_SPREAD;BLOCK;EUR;10;-1.46000000;120;EXCHANGE_LAST;;1;1;XEUR;74523107129294868;574047;
11.06.2025;09:53:34.493;FEHY SI 20250919 CS;SIMPLE_INSTRUMENT;BLOCK;EUR;10;303.84000000;120;PRC_DECOMP_EXCHANGE;;;;XEUR;12517893;574047;EXCHANGE
11.06.2025;09:53:34.493;FEHY SI 20250620 CS;SIMPLE_INSTRUMENT;BLOCK;EUR;10;302.38000000;120;PRC_DECOMP_EXCHANGE;;;;XEUR;11949378;574047;EXCHANGE
11.06.2025;08:33:45.165;FESB.S.JUN25.SEP25.SPD;FUTURES_SPREAD;BLOCK;EUR;59;-0.76000000;5000;EXCHANGE_LAST;;1;1;XEUR;72060192493142112;605;
11.06.2025;08:33:45.165;FESB SI 20250620 CS;SIMPLE_INSTRUMENT;BLOCK;EUR;59;201.20000000;5000;PRC_DECOMP_MEMBER;;;;XEUR;11880665;605;MEMBER
11.06.2025;08:33:45.165;FESB SI 20250919 CS;SIMPLE_INSTRUMENT;BLOCK;EUR;59;201.96000000;5000;PRC_DECOMP_MEMBER;;;;XEUR;12441572;605;MEMBER
11.06.2025;09:06:19.149;FESB SI 20250620 CS;SIMPLE_INSTRUMENT;BLOCK;EUR;69;201.40000000;2000;EXCHANGE_LAST;;1;1;XEUR;11880665;605;
11.06.2025;10:43:46.502;FESB.S.JUN25.SEP25.SPD;FUTURES_SPREAD;BLOCK;EUR;105;-0.76000000;6000;EXCHANGE_LAST;;1;1;XEUR;72060192493142112;605;
11.06.2025;10:43:46.502;FESB SI 20250919 CS;SIMPLE_INSTRUMENT;BLOCK;EUR;105;202.10000000;6000;PRC_DECOMP_EXCHANGE;;;;XEUR;12441572;605;EXCHANGE
11.06.2025;10:43:46.502;FESB SI 20250620 CS;SIMPLE_INSTRUMENT;BLOCK;EUR;105;201.34000000;6000;PRC_DECOMP_EXCHANGE;;;;XEUR;11880665;605;EXCHANGE
11.06.2025;10:43:54.459;FESB.S.JUN25.SEP25.SPD;FUTURES_SPREAD;BLOCK;EUR;106;-0.78000000;6000;EXCHANGE_LAST;;1;1;XEUR;72060192493142112;605;
11.06.2025;10:43:54.459;FESB SI 20250919 CS;SIMPLE_INSTRUMENT;BLOCK;EUR;106;202.10000000;6000;PRC_DECOMP_EXCHANGE;;;;XEUR;12441572;605;EXCHANGE
11.06.2025;10:43:54.459;FESB SI 20250620 CS;SIMPLE_INSTRUMENT;BLOCK;EUR;106;201.32000000;6000;PRC_DECOMP_EXCHANGE;;;;XEUR;11880665;605;EXCHANGE
11.06.2025;10:50:50.189;FESB.S.JUN25.SEP25.SPD;FUTURES_SPREAD;BLOCK;EUR;107;-0.76000000;1500;EXCHANGE_LAST;;1;1;XEUR;72060192493142112;605;
11.06.2025;10:50:50.189;FESB SI 20250620 CS;SIMPLE_INSTRUMENT;BLOCK;EUR;107;201.34000000;1500;PRC_DECOMP_MEMBER;;;;XEUR;11880665;605;MEMBER
11.06.2025;10:50:50.189;FESB SI 20250919 CS;SIMPLE_INSTRUMENT;BLOCK;EUR;107;202.10000000;1500;PRC_DECOMP_MEMBER;;;;XEUR;12441572;605;MEMBER
11.06.2025;10:51:38.324;FESB.S.JUN25.SEP25.SPD;FUTURES_SPREAD;BLOCK;EUR;108;-0.78000000;1500;EXCHANGE_LAST;;1;1;XEUR;72060192493142112;605;
11.06.2025;10:51:38.324;FESB SI 20250620 CS;SIMPLE_INSTRUMENT;BLOCK;EUR;108;201.32000000;1500;PRC_DECOMP_MEMBER;;;;XEUR;11880665;605;MEMBER
11.06.2025;10:51:38.324;FESB SI 20250919 CS;SIMPLE_INSTRUMENT;BLOCK;EUR;108;202.10000000;1500;PRC_DECOMP_MEMBER;;;;XEUR;12441572;605;MEMBER
11.06.2025;12:32:34.172;FESB SI 20250620 CS;SIMPLE_INSTRUMENT;BLOCK;EUR;122;201.20000000;1320;EXCHANGE_LAST;;1;1;XEUR;11880665;605;
11.06.2025;14:14:58.317;FESB SI 20250620 CS;SIMPLE_INSTRUMENT;BLOCK;EUR;133;201.00000000;5000;EXCHANGE_LAST;;1;1;XEUR;11880665;605;
11.06.2025;11:45:24.657;FESB SI 20250620 CS;SIMPLE_INSTRUMENT;VOLA;EUR;603979801;201.20000000;840;EXCHANGE_LAST;;1;1;XEUR;11880665;605;
11.06.2025;07:56:21.895;FESX.S.JUN25.SEP25.SPD;FUTURES_SPREAD;BLOCK;EUR;1;-20.85000000;5000;EXCHANGE_LAST;;1;1;XEUR;72060493140863850;675;
11.06.2025;07:56:21.895;FESX SI 20250620 CS;SIMPLE_INSTRUMENT;BLOCK;EUR;1;5420.00000000;5000;PRC_DECOMP_MEMBER;;;;XEUR;7904020;675;MEMBER
11.06.2025;07:56:21.895;FESX SI 20250919 CS;SIMPLE_INSTRUMENT;BLOCK;EUR;1;5440.85000000;5000;PRC_DECOMP_MEMBER;;;;XEUR;8380551;675;MEMBER
11.06.2025;10:23:23.672;FESX.S.JUN25.SEP25.SPD;FUTURES_SPREAD;BLOCK;EUR;3;-21.12000000;2000;EXCHANGE_LAST;;1;1;XEUR;72060493140863850;675;
11.06.2025;10:23:23.672;FESX SI 20250919 CS;SIMPLE_INSTRUMENT;BLOCK;EUR;3;5446.00000000;2000;PRC_DECOMP_EXCHANGE;;;;XEUR;8380551;675;EXCHANGE
11.06.2025;10:23:23.672;FESX SI 20250620 CS;SIMPLE_INSTRUMENT;BLOCK;EUR;3;5424.88000000;2000;PRC_DECOMP_EXCHANGE;;;;XEUR;7904020;675;EXCHANGE
11.06.2025;10:19:35.848;FESX.S.JUN25.SEP25.SPD;FUTURES_SPREAD;BLOCK;EUR;4;-21.00000000;3000;EXCHANGE_LAST;;1;1;XEUR;72060493140863850;675;
11.06.2025;10:19:35.848;FESX SI 20250919 CS;SIMPLE_INSTRUMENT;BLOCK;EUR;4;5445.00000000;3000;PRC_DECOMP_EXCHANGE;;;;XEUR;8380551;675;EXCHANGE
11.06.2025;10:19:35.848;FESX SI 20250620 CS;SIMPLE_INSTRUMENT;BLOCK;EUR;4;5424.00000000;3000;PRC_DECOMP_EXCHANGE;;;;XEUR;7904020;675;EXCHANGE
11.06.2025;10:28:13.160;FESX.S.JUN25.SEP25.SPD;FUTURES_SPREAD;BLOCK;EUR;7;-21.13000000;2000;EXCHANGE_LAST;;1;1;XEUR;72060493140863850;675;
11.06.2025;10:28:13.160;FESX SI 20250620 CS;SIMPLE_INSTRUMENT;BLOCK;EUR;7;5424.87000000;2000;PRC_DECOMP_MEMBER;;;;XEUR;7904020;675;MEMBER
11.06.2025;10:28:13.160;FESX SI 20250919 CS;SIMPLE_INSTRUMENT;BLOCK;EUR;7;5446.00000000;2000;PRC_DECOMP_MEMBER;;;;XEUR;8380551;675;MEMBER
11.06.2025;15:10:45.908;FESX SI 20250620 CS;SIMPLE_INSTRUMENT;BLOCK;EUR;8;5405.00000000;5000;EXCHANGE_LAST;;1;1;XEUR;7904020;675;
11.06.2025;15:11:58.647;FESX SI 20250620 CS;SIMPLE_INSTRUMENT;BLOCK;EUR;9;5405.00000000;2000;EXCHANGE_LAST;;1;1;XEUR;7904020;675;
11.06.2025;15:15:24.182;FESX SI 20250620 CS;SIMPLE_INSTRUMENT;BLOCK;EUR;10;5405.00000000;5000;EXCHANGE_LAST;;1;1;XEUR;7904020;675;
11.06.2025;15:18:05.930;FESX SI 20250620 CS;SIMPLE_INSTRUMENT;BLOCK;EUR;11;5405.00000000;2000;EXCHANGE_LAST;;1;1;XEUR;7904020;675;
11.06.2025;15:39:59.351;FESX SI 20250620 CS;SIMPLE_INSTRUMENT;EFP_IDX;EUR;12;5405.00000000;1000;EXCHANGE_LAST;;1;1;XEUR;7904020;675;
11.06.2025;15:48:26.402;FESX SI 20250620 CS;SIMPLE_INSTRUMENT;EFP_IDX;EUR;13;5393.00000000;1750;EXCHANGE_LAST;;1;1;XEUR;7904020;675;
11.06.2025;15:48:33.025;FESX SI 20250620 CS;SIMPLE_INSTRUMENT;BLOCK;EUR;14;5394.00000000;3250;EXCHANGE_LAST;;1;1;XEUR;7904020;675;
11.06.2025;15:50:13.895;FESX SI 20250620 CS;SIMPLE_INSTRUMENT;EFP_IDX;EUR;15;5393.00000000;70;EXCHANGE_LAST;;1;1;XEUR;7904020;675;
11.06.2025;15:50:20.902;FESX SI 20250620 CS;SIMPLE_INSTRUMENT;EFP_IDX;EUR;16;5394.00000000;130;EXCHANGE_LAST;;1;1;XEUR;7904020;675;
11.06.2025;15:49:27.412;FESX SI 20250620 CS;SIMPLE_INSTRUMENT;EFP_IDX;EUR;17;5393.00000000;394;EXCHANGE_LAST;;1;1;XEUR;7904020;675;
11.06.2025;15:49:38.435;FESX SI 20250620 CS;SIMPLE_INSTRUMENT;EFP_IDX;EUR;18;5394.00000000;1356;EXCHANGE_LAST;;1;1;XEUR;7904020;675;
11.06.2025;15:51:25.433;FESX SI 20250620 CS;SIMPLE_INSTRUMENT;EFP_IDX;EUR;19;5393.00000000;226;EXCHANGE_LAST;;1;1;XEUR;7904020;675;
11.06.2025;15:51:19.198;FESX SI 20250620 CS;SIMPLE_INSTRUMENT;EFP_IDX;EUR;20;5394.00000000;779;EXCHANGE_LAST;;1;1;XEUR;7904020;675;
11.06.2025;16:04:23.913;FESX SI 20250620 CS;SIMPLE_INSTRUMENT;EFP_IDX;EUR;21;5394.00000000;325;EXCHANGE_LAST;;1;1;XEUR;7904020;675;
11.06.2025;16:04:30.961;FESX SI 20250620 CS;SIMPLE_INSTRUMENT;EFP_IDX;EUR;22;5393.00000000;175;EXCHANGE_LAST;;1;1;XEUR;7904020;675;
11.06.2025;15:57:37.002;FESX SI 20250620 CS;SIMPLE_INSTRUMENT;EFP_IDX;EUR;23;5394.00000000;2600;EXCHANGE_LAST;;1;1;XEUR;7904020;675;
11.06.2025;15:58:27.854;FESX SI 20250620 CS;SIMPLE_INSTRUMENT;EFP_IDX;EUR;24;5393.00000000;1400;EXCHANGE_LAST;;1;1;XEUR;7904020;675;
11.06.2025;15:58:34.290;FESX SI 20250620 CS;SIMPLE_INSTRUMENT;EFP_IDX;EUR;25;5394.00000000;2600;EXCHANGE_LAST;;1;1;XEUR;7904020;675;
11.06.2025;15:58:40.934;FESX SI 20250620 CS;SIMPLE_INSTRUMENT;EFP_IDX;EUR;26;5393.00000000;1400;EXCHANGE_LAST;;1;1;XEUR;7904020;675;
11.06.2025;15:58:48.034;FESX SI 20250620 CS;SIMPLE_INSTRUMENT;EFP_IDX;EUR;27;5394.00000000;650;EXCHANGE_LAST;;1;1;XEUR;7904020;675;
11.06.2025;15:58:55.396;FESX SI 20250620 CS;SIMPLE_INSTRUMENT;EFP_IDX;EUR;28;5393.00000000;350;EXCHANGE_LAST;;1;1;XEUR;7904020;675;
11.06.2025;16:02:23.136;FESX SI 20250620 CS;SIMPLE_INSTRUMENT;EFP_IDX;EUR;29;5393.00000000;436;EXCHANGE_LAST;;1;1;XEUR;7904020;675;
11.06.2025;16:02:29.409;FESX SI 20250620 CS;SIMPLE_INSTRUMENT;EFP_IDX;EUR;30;5394.00000000;1503;EXCHANGE_LAST;;1;1;XEUR;7904020;675;
11.06.2025;08:37:25.037;FESX SI 20250620 CS;SIMPLE_INSTRUMENT;VOLA;EUR;637534221;5426.00000000;215;EXCHANGE_LAST;;1;1;XEUR;7904020;675;
11.06.2025;12:38:26.193;FESX SI 20250620 CS;SIMPLE_INSTRUMENT;VOLA;EUR;637534250;5395.00000000;10;EXCHANGE_LAST;;1;1;XEUR;7904020;675;
11.06.2025;14:33:54.263;FESX SI 20250620 CS;SIMPLE_INSTRUMENT;VOLA;EUR;637534274;5410.00000000;338;EXCHANGE_LAST;;1;1;XEUR;7904020;675;
11.06.2025;15:07:16.867;FESX SI 20250620 CS;SIMPLE_INSTRUMENT;VOLA;EUR;637534281;5406.00000000;632;EXCHANGE_LAST;;1;1;XEUR;7904020;675;
11.06.2025;15:22:07.979;FESX SI 20250620 CS;SIMPLE_INSTRUMENT;VOLA;EUR;637534299;5400.00000000;110;EXCHANGE_LAST;;1;1;XEUR;7904020;675;
11.06.2025;09:30:51.324;FEXD SI 20261218 CS;SIMPLE_INSTRUMENT;BLOCK;EUR;5;156.50000000;500;EXCHANGE_LAST;;1;1;XEUR;2163053;693;
11.06.2025;09:31:27.032;FEXD SI 20261218 CS;SIMPLE_INSTRUMENT;BLOCK;EUR;6;156.40000000;500;EXCHANGE_LAST;;1;1;XEUR;2163053;693;
11.06.2025;09:46:50.971;FEXD SI 20261218 CS;SIMPLE_INSTRUMENT;BLOCK;EUR;7;156.60000000;250;EXCHANGE_LAST;;1;1;XEUR;2163053;693;
11.06.2025;10:01:16.393;FEXD SI 20261218 CS;SIMPLE_INSTRUMENT;BLOCK;EUR;12;156.60000000;250;EXCHANGE_LAST;;1;1;XEUR;2163053;693;
11.06.2025;13:54:30.439;FEXD SI 20281215 CS;SIMPLE_INSTRUMENT;BLOCK;EUR;50;148.60000000;500;EXCHANGE_LAST;;1;1;XEUR;3680985;693;
11.06.2025;15:12:34.095;FEXD SI 20261218 CS;SIMPLE_INSTRUMENT;BLOCK;EUR;53;156.20000000;120;EXCHANGE_LAST;;1;1;XEUR;2163053;693;
11.06.2025;15:24:07.422;FEXD SI 20271217 CS;SIMPLE_INSTRUMENT;BLOCK;EUR;54;151.80000000;532;EXCHANGE_LAST;;1;1;XEUR;2848338;693;
11.06.2025;06:40:04.421;FGBL SI 20250908 PS;SIMPLE_INSTRUMENT;EFS;EUR;1;130.74000000;399;EXCHANGE_LAST;;1;1;XEUR;12372482;688;
11.06.2025;07:27:48.367;FGBL SI 20250908 PS;SIMPLE_INSTRUMENT;EFS;EUR;3;130.75000000;420;EXCHANGE_LAST;;1;1;XEUR;12372482;688;
11.06.2025;07:37:24.629;FGBL SI 20250908 PS;SIMPLE_INSTRUMENT;EFP_FIN;EUR;4;130.76000000;120;EXCHANGE_LAST;;1;1;XEUR;12372482;688;
11.06.2025;07:31:48.261;FGBL SI 20250908 PS;SIMPLE_INSTRUMENT;EFP_FIN;EUR;5;130.76000000;144;EXCHANGE_LAST;;1;1;XEUR;12372482;688;
11.06.2025;07:33:09.979;FGBL SI 20250908 PS;SIMPLE_INSTRUMENT;EFP_FIN;EUR;6;130.75000000;401;EXCHANGE_LAST;;1;1;XEUR;12372482;688;
11.06.2025;07:33:49.902;FGBL SI 20250908 PS;SIMPLE_INSTRUMENT;EFP_FIN;EUR;7;130.74000000;95;EXCHANGE_LAST;;1;1;XEUR;12372482;688;
11.06.2025;07:34:43.055;FGBL SI 20250908 PS;SIMPLE_INSTRUMENT;EFP_FIN;EUR;8;130.77000000;861;EXCHANGE_LAST;;1;1;XEUR;12372482;688;
11.06.2025;07:38:07.601;FGBL SI 20250908 PS;SIMPLE_INSTRUMENT;EFP_FIN;EUR;9;130.76000000;200;EXCHANGE_LAST;;1;1;XEUR;12372482;688;
11.06.2025;07:45:31.917;FGBL SI 20250908 PS;SIMPLE_INSTRUMENT;EFP_FIN;EUR;10;130.74000000;385;EXCHANGE_LAST;;1;1;XEUR;12372482;688;
11.06.2025;07:51:14.898;FGBL SI 20250908 PS;SIMPLE_INSTRUMENT;EFP_FIN;EUR;11;130.75000000;160;EXCHANGE_LAST;;1;1;XEUR;12372482;688;
11.06.2025;07:52:47.517;FGBL SI 20250908 PS;SIMPLE_INSTRUMENT;EFP_FIN;EUR;12;130.76000000;189;EXCHANGE_LAST;;1;1;XEUR;12372482;688;
11.06.2025;07:54:17.500;FGBL SI 20250908 PS;SIMPLE_INSTRUMENT;EFP_FIN;EUR;13;130.74000000;385;EXCHANGE_LAST;;1;1;XEUR;12372482;688;
11.06.2025;07:54:41.764;FGBL SI 20250908 PS;SIMPLE_INSTRUMENT;EFS;EUR;14;130.78000000;1260;EXCHANGE_LAST;;1;1;XEUR;12372482;688;
11.06.2025;07:55:30.481;FGBL SI 20250908 PS;SIMPLE_INSTRUMENT;EFS;EUR;15;130.78000000;1260;EXCHANGE_LAST;;1;1;XEUR;12372482;688;
11.06.2025;07:57:56.663;FGBL SI 20250908 PS;SIMPLE_INSTRUMENT;EFS;EUR;16;130.75000000;1260;EXCHANGE_LAST;;1;1;XEUR;12372482;688;
11.06.2025;07:58:16.861;FGBL SI 20250908 PS;SIMPLE_INSTRUMENT;EFP_FIN;EUR;17;130.74000000;578;EXCHANGE_LAST;;1;1;XEUR;12372482;688;
11.06.2025;07:59:41.161;FGBL SI 20250908 PS;SIMPLE_INSTRUMENT;EFS;EUR;18;130.75000000;1260;EXCHANGE_LAST;;1;1;XEUR;12372482;688;
11.06.2025;08:01:19.519;FGBL SI 20250908 PS;SIMPLE_INSTRUMENT;EFS;EUR;19;130.73000000;420;EXCHANGE_LAST;;1;1;XEUR;12372482;688;
11.06.2025;08:03:15.850;FGBL SI 20250908 PS;SIMPLE_INSTRUMENT;EFS;EUR;20;130.73000000;420;EXCHANGE_LAST;;1;1;XEUR;12372482;688;
11.06.2025;08:08:18.781;FGBL SI 20250908 PS;SIMPLE_INSTRUMENT;EFP_FIN;EUR;21;130.74000000;277;EXCHANGE_LAST;;1;1;XEUR;12372482;688;
11.06.2025;08:11:03.804;FGBL SI 20250908 PS;SIMPLE_INSTRUMENT;EFP_FIN;EUR;22;130.71000000;400;EXCHANGE_LAST;;1;1;XEUR;12372482;688;
11.06.2025;08:11:32.440;FGBL SI 20250908 PS;SIMPLE_INSTRUMENT;EFP_FIN;EUR;23;130.75000000;200;EXCHANGE_LAST;;1;1;XEUR;12372482;688;
11.06.2025;08:12:14.258;FGBL SI 20250908 PS;SIMPLE_INSTRUMENT;EFP_FIN;EUR;24;130.75000000;160;EXCHANGE_LAST;;1;1;XEUR;12372482;688;
11.06.2025;08:21:17.126;FGBL SI 20250908 PS;SIMPLE_INSTRUMENT;EFS;EUR;25;130.67000000;395;EXCHANGE_LAST;;1;1;XEUR;12372482;688;
11.06.2025;08:21:35.993;FGBL SI 20250908 PS;SIMPLE_INSTRUMENT;EFS;EUR;26;130.70000000;1940;EXCHANGE_LAST;;1;1;XEUR;12372482;688;
11.06.2025;08:21:32.045;FGBL SI 20250908 PS;SIMPLE_INSTRUMENT;EFS;EUR;27;130.78000000;485;EXCHANGE_LAST;;1;1;XEUR;12372482;688;
11.06.2025;08:29:20.934;FGBL SI 20250908 PS;SIMPLE_INSTRUMENT;EFS;EUR;28;130.66000000;849;EXCHANGE_LAST;;1;1;XEUR;12372482;688;
11.06.2025;08:30:10.473;FGBL SI 20250908 PS;SIMPLE_INSTRUMENT;EFS;EUR;29;130.64000000;485;EXCHANGE_LAST;;1;1;XEUR;12372482;688;
11.06.2025;08:37:39.541;FGBL SI 20250908 PS;SIMPLE_INSTRUMENT;EFS;EUR;30;130.66000000;420;EXCHANGE_LAST;;1;1;XEUR;12372482;688;
11.06.2025;08:40:31.279;FGBL SI 20250908 PS;SIMPLE_INSTRUMENT;EFS;EUR;31;130.65000000;175;EXCHANGE_LAST;;1;1;XEUR;12372482;688;
11.06.2025;08:43:43.886;FGBL SI 20250908 PS;SIMPLE_INSTRUMENT;EFP_FIN;EUR;32;130.75000000;120;EXCHANGE_LAST;;1;1;XEUR;12372482;688;
11.06.2025;08:43:20.592;FGBL SI 20250908 PS;SIMPLE_INSTRUMENT;EFS;EUR;33;130.66000000;378;EXCHANGE_LAST;;1;1;XEUR;12372482;688;
11.06.2025;08:51:31.489;FGBL SI 20250908 PS;SIMPLE_INSTRUMENT;EFS;EUR;34;130.64000000;420;EXCHANGE_LAST;;1;1;XEUR;12372482;688;
11.06.2025;08:53:02.226;FGBL SI 20250908 PS;SIMPLE_INSTRUMENT;EFP_FIN;EUR;35;130.66000000;192;EXCHANGE_LAST;;1;1;XEUR;12372482;688;
11.06.2025;08:53:33.974;FGBL SI 20250908 PS;SIMPLE_INSTRUMENT;EFP_FIN;EUR;36;130.67000000;160;EXCHANGE_LAST;;1;1;XEUR;12372482;688;
11.06.2025;08:54:06.596;FGBL SI 20250908 PS;SIMPLE_INSTRUMENT;EFS;EUR;37;130.64000000;210;EXCHANGE_LAST;;1;1;XEUR;12372482;688;
11.06.2025;08:54:09.527;FGBL SI 20250908 PS;SIMPLE_INSTRUMENT;EFP_FIN;EUR;38;130.66000000;96;EXCHANGE_LAST;;1;1;XEUR;12372482;688;
11.06.2025;08:55:06.650;FGBL SI 20250908 PS;SIMPLE_INSTRUMENT;EFS;EUR;39;130.65000000;210;EXCHANGE_LAST;;1;1;XEUR;12372482;688;
11.06.2025;08:55:20.975;FGBL SI 20250908 PS;SIMPLE_INSTRUMENT;EFS;EUR;40;130.69000000;840;EXCHANGE_LAST;;1;1;XEUR;12372482;688;
11.06.2025;08:55:41.678;FGBL SI 20250908 PS;SIMPLE_INSTRUMENT;EFS;EUR;41;130.65000000;210;EXCHANGE_LAST;;1;1;XEUR;12372482;688;
11.06.2025;08:57:56.786;FGBL SI 20250908 PS;SIMPLE_INSTRUMENT;EFS;EUR;42;130.67000000;210;EXCHANGE_LAST;;1;1;XEUR;12372482;688;
11.06.2025;08:58:41.828;FGBL SI 20250908 PS;SIMPLE_INSTRUMENT;EFS;EUR;43;130.67000000;210;EXCHANGE_LAST;;1;1;XEUR;12372482;688;
11.06.2025;08:59:15.623;FGBL SI 20250908 PS;SIMPLE_INSTRUMENT;EFS;EUR;44;130.69000000;420;EXCHANGE_LAST;;1;1;XEUR;12372482;688;
11.06.2025;09:00:08.276;FGBL SI 20250908 PS;SIMPLE_INSTRUMENT;EFS;EUR;45;130.67000000;210;EXCHANGE_LAST;;1;1;XEUR;12372482;688;
11.06.2025;09:01:11.871;FGBL SI 20250908 PS;SIMPLE_INSTRUMENT;EFS;EUR;46;130.66000000;210;EXCHANGE_LAST;;1;1;XEUR;12372482;688;
11.06.2025;09:01:41.981;FGBL SI 20250908 PS;SIMPLE_INSTRUMENT;EFS;EUR;47;130.66000000;210;EXCHANGE_LAST;;1;1;XEUR;12372482;688;
11.06.2025;09:02:40.450;FGBL SI 20250908 PS;SIMPLE_INSTRUMENT;EFS;EUR;48;130.66000000;841;EXCHANGE_LAST;;1;1;XEUR;12372482;688;
11.06.2025;09:04:09.189;FGBL SI 20250908 PS;SIMPLE_INSTRUMENT;EFS;EUR;49;130.66000000;841;EXCHANGE_LAST;;1;1;XEUR;12372482;688;
11.06.2025;09:06:11.958;FGBL SI 20250908 PS;SIMPLE_INSTRUMENT;EFS;EUR;50;130.67000000;210;EXCHANGE_LAST;;1;1;XEUR;12372482;688;
11.06.2025;09:07:29.600;FGBL SI 20250908 PS;SIMPLE_INSTRUMENT;EFS;EUR;51;130.67000000;420;EXCHANGE_LAST;;1;1;XEUR;12372482;688;
11.06.2025;09:07:57.503;FGBL SI 20250908 PS;SIMPLE_INSTRUMENT;EFS;EUR;52;130.66000000;420;EXCHANGE_LAST;;1;1;XEUR;12372482;688;
11.06.2025;09:09:58.443;FGBL SI 20250908 PS;SIMPLE_INSTRUMENT;EFS;EUR;53;130.62000000;420;EXCHANGE_LAST;;1;1;XEUR;12372482;688;
11.06.2025;09:10:13.457;FGBL SI 20250908 PS;SIMPLE_INSTRUMENT;EFS;EUR;54;130.62000000;420;EXCHANGE_LAST;;1;1;XEUR;12372482;688;
11.06.2025;09:10:13.604;FGBL SI 20250908 PS;SIMPLE_INSTRUMENT;EFP_FIN;EUR;55;130.67000000;426;EXCHANGE_LAST;;1;1;XEUR;12372482;688;
11.06.2025;09:13:23.404;FGBL SI 20250908 PS;SIMPLE_INSTRUMENT;EFP_FIN;EUR;56;130.65000000;86;EXCHANGE_LAST;;1;1;XEUR;12372482;688;
11.06.2025;09:14:14.318;FGBL SI 20250908 PS;SIMPLE_INSTRUMENT;EFS;EUR;57;130.62000000;420;EXCHANGE_LAST;;1;1;XEUR;12372482;688;
11.06.2025;09:16:38.331;FGBL SI 20250908 PS;SIMPLE_INSTRUMENT;EFS;EUR;58;130.65000000;150;EXCHANGE_LAST;;1;1;XEUR;12372482;688;
11.06.2025;09:18:31.294;FGBL SI 20250908 PS;SIMPLE_INSTRUMENT;EFP_FIN;EUR;59;130.66000000;616;EXCHANGE_LAST;;1;1;XEUR;12372482;688;
11.06.2025;09:23:40.878;FGBL SI 20250908 PS;SIMPLE_INSTRUMENT;EFP_FIN;EUR;60;130.70000000;400;EXCHANGE_LAST;;1;1;XEUR;12372482;688;
11.06.2025;09:29:04.113;FGBL SI 20250908 PS;SIMPLE_INSTRUMENT;EFS;EUR;61;130.58000000;420;EXCHANGE_LAST;;1;1;XEUR;12372482;688;
11.06.2025;09:29:39.263;FGBL SI 20250908 PS;SIMPLE_INSTRUMENT;EFS;EUR;62;130.58000000;420;EXCHANGE_LAST;;1;1;XEUR;12372482;688;
11.06.2025;09:30:49.125;FGBL SI 20250908 PS;SIMPLE_INSTRUMENT;EFS;EUR;63;130.57000000;294;EXCHANGE_LAST;;1;1;XEUR;12372482;688;
11.06.2025;09:42:24.802;FGBL SI 20250908 PS;SIMPLE_INSTRUMENT;EFP_FIN;EUR;64;130.64000000;200;EXCHANGE_LAST;;1;1;XEUR;12372482;688;
11.06.2025;09:41:15.482;FGBL SI 20250908 PS;SIMPLE_INSTRUMENT;EFP_FIN;EUR;65;130.64000000;200;EXCHANGE_LAST;;1;1;XEUR;12372482;688;
11.06.2025;09:42:19.419;FGBL SI 20250908 PS;SIMPLE_INSTRUMENT;EFP_FIN;EUR;66;130.64000000;600;EXCHANGE_LAST;;1;1;XEUR;12372482;688;
11.06.2025;09:48:02.084;FGBL SI 20250908 PS;SIMPLE_INSTRUMENT;EFS;EUR;67;130.68000000;485;EXCHANGE_LAST;;1;1;XEUR;12372482;688;
11.06.2025;09:58:42.054;FGBL SI 20250908 PS;SIMPLE_INSTRUMENT;EFP_FIN;EUR;68;130.69000000;323;EXCHANGE_LAST;;1;1;XEUR;12372482;688;
11.06.2025;10:20:19.771;FGBL SI 20250908 PS;SIMPLE_INSTRUMENT;EFP_FIN;EUR;69;130.69000000;122;EXCHANGE_LAST;;1;1;XEUR;12372482;688;
11.06.2025;09:59:08.188;FGBL SI 20250908 PS;SIMPLE_INSTRUMENT;EFP_FIN;EUR;70;130.69000000;81;EXCHANGE_LAST;;1;1;XEUR;12372482;688;
11.06.2025;10:20:01.442;FGBL SI 20250908 PS;SIMPLE_INSTRUMENT;EFP_FIN;EUR;71;130.69000000;80;EXCHANGE_LAST;;1;1;XEUR;12372482;688;
11.06.2025;10:01:43.570;FGBL SI 20250908 PS;SIMPLE_INSTRUMENT;EFP_FIN;EUR;72;130.69000000;84;EXCHANGE_LAST;;1;1;XEUR;12372482;688;
11.06.2025;10:05:04.446;FGBL SI 20250908 PS;SIMPLE_INSTRUMENT;EFP_FIN;EUR;73;130.69000000;200;EXCHANGE_LAST;;1;1;XEUR;12372482;688;
11.06.2025;10:09:28.119;FGBL SI 20250908 PS;SIMPLE_INSTRUMENT;EFS;EUR;74;130.65000000;421;EXCHANGE_LAST;;1;1;XEUR;12372482;688;
11.06.2025;10:15:24.799;FGBL SI 20250908 PS;SIMPLE_INSTRUMENT;EFS;EUR;75;130.65000000;210;EXCHANGE_LAST;;1;1;XEUR;12372482;688;
11.06.2025;10:17:35.348;FGBL SI 20250908 PS;SIMPLE_INSTRUMENT;EFS;EUR;76;130.68000000;1941;EXCHANGE_LAST;;1;1;XEUR;12372482;688;
11.06.2025;10:18:32.268;FGBL SI 20250908 PS;SIMPLE_INSTRUMENT;EFS;EUR;77;130.65000000;420;EXCHANGE_LAST;;1;1;XEUR;12372482;688;
11.06.2025;10:20:09.333;FGBL SI 20250908 PS;SIMPLE_INSTRUMENT;EFS;EUR;78;130.65000000;420;EXCHANGE_LAST;;1;1;XEUR;12372482;688;
11.06.2025;10:24:08.759;FGBL SI 20250908 PS;SIMPLE_INSTRUMENT;EFS;EUR;79;130.64000000;100;EXCHANGE_LAST;;1;1;XEUR;12372482;688;
11.06.2025;10:26:00.852;FGBL SI 20250908 PS;SIMPLE_INSTRUMENT;EFS;EUR;80;130.67000000;421;EXCHANGE_LAST;;1;1;XEUR;12372482;688;
11.06.2025;10:27:59.646;FGBL SI 20250908 PS;SIMPLE_INSTRUMENT;EFS;EUR;81;130.64000000;387;EXCHANGE_LAST;;1;1;XEUR;12372482;688;
11.06.2025;10:31:21.760;FGBL SI 20250908 PS;SIMPLE_INSTRUMENT;EFS;EUR;82;130.62000000;424;EXCHANGE_LAST;;1;1;XEUR;12372482;688;
11.06.2025;10:31:52.710;FGBL SI 20250908 PS;SIMPLE_INSTRUMENT;EFP_FIN;EUR;83;130.63000000;400;EXCHANGE_LAST;;1;1;XEUR;12372482;688;
11.06.2025;10:32:24.123;FGBL SI 20250908 PS;SIMPLE_INSTRUMENT;EFS;EUR;84;130.63000000;210;EXCHANGE_LAST;;1;1;XEUR;12372482;688;
11.06.2025;10:33:53.106;FGBL SI 20250908 PS;SIMPLE_INSTRUMENT;EFS;EUR;85;130.65000000;290;EXCHANGE_LAST;;1;1;XEUR;12372482;688;
11.06.2025;10:36:30.490;FGBL SI 20250908 PS;SIMPLE_INSTRUMENT;EFS;EUR;86;130.66000000;211;EXCHANGE_LAST;;1;1;XEUR;12372482;688;
11.06.2025;10:37:23.774;FGBL SI 20250908 PS;SIMPLE_INSTRUMENT;EFP_FIN;EUR;87;130.64000000;100;EXCHANGE_LAST;;1;1;XEUR;12372482;688;
11.06.2025;10:37:31.366;FGBL SI 20250908 PS;SIMPLE_INSTRUMENT;EFS;EUR;88;130.65000000;421;EXCHANGE_LAST;;1;1;XEUR;12372482;688;
11.06.2025;10:38:29.208;FGBL SI 20250908 PS;SIMPLE_INSTRUMENT;EFP_FIN;EUR;89;130.64000000;131;EXCHANGE_LAST;;1;1;XEUR;12372482;688;
11.06.2025;10:39:13.005;FGBL SI 20250908 PS;SIMPLE_INSTRUMENT;EFP_FIN;EUR;90;130.64000000;270;EXCHANGE_LAST;;1;1;XEUR;12372482;688;
11.06.2025;10:48:42.148;FGBL SI 20250908 PS;SIMPLE_INSTRUMENT;EFS;EUR;91;130.67000000;841;EXCHANGE_LAST;;1;1;XEUR;12372482;688;
11.06.2025;10:53:22.784;FGBL SI 20250908 PS;SIMPLE_INSTRUMENT;EFP_FIN;EUR;92;130.66000000;473;EXCHANGE_LAST;;1;1;XEUR;12372482;688;
11.06.2025;10:53:42.643;FGBL SI 20250908 PS;SIMPLE_INSTRUMENT;EFS;EUR;93;130.64000000;291;EXCHANGE_LAST;;1;1;XEUR;12372482;688;
11.06.2025;10:54:18.231;FGBL SI 20250908 PS;SIMPLE_INSTRUMENT;EFS;EUR;94;130.66000000;970;EXCHANGE_LAST;;1;1;XEUR;12372482;688;
11.06.2025;10:59:58.337;FGBL SI 20250908 PS;SIMPLE_INSTRUMENT;EFS;EUR;95;130.62000000;421;EXCHANGE_LAST;;1;1;XEUR;12372482;688;
11.06.2025;11:02:11.490;FGBL SI 20250908 PS;SIMPLE_INSTRUMENT;EFS;EUR;96;130.64000000;291;EXCHANGE_LAST;;1;1;XEUR;12372482;688;
11.06.2025;11:02:20.129;FGBL SI 20250908 PS;SIMPLE_INSTRUMENT;EFS;EUR;97;130.62000000;245;EXCHANGE_LAST;;1;1;XEUR;12372482;688;
11.06.2025;11:02:30.490;FGBL SI 20250908 PS;SIMPLE_INSTRUMENT;EFS;EUR;98;130.64000000;146;EXCHANGE_LAST;;1;1;XEUR;12372482;688;
11.06.2025;11:06:08.654;FGBL SI 20250908 PS;SIMPLE_INSTRUMENT;EFS;EUR;99;130.62000000;421;EXCHANGE_LAST;;1;1;XEUR;12372482;688;
11.06.2025;11:06:23.000;FGBL SI 20250908 PS;SIMPLE_INSTRUMENT;EFP_FIN;EUR;100;130.60000000;601;EXCHANGE_LAST;;1;1;XEUR;12372482;688;
11.06.2025;11:07:12.776;FGBL SI 20250908 PS;SIMPLE_INSTRUMENT;EFP_FIN;EUR;101;130.60000000;601;EXCHANGE_LAST;;1;1;XEUR;12372482;688;
11.06.2025;11:07:51.262;FGBL SI 20250908 PS;SIMPLE_INSTRUMENT;EFS;EUR;102;130.61000000;420;EXCHANGE_LAST;;1;1;XEUR;12372482;688;
11.06.2025;11:09:47.395;FGBL SI 20250908 PS;SIMPLE_INSTRUMENT;EFS;EUR;103;130.65000000;250;EXCHANGE_LAST;;1;1;XEUR;12372482;688;
11.06.2025;11:15:57.898;FGBL SI 20250908 PS;SIMPLE_INSTRUMENT;EFS;EUR;104;130.65000000;270;EXCHANGE_LAST;;1;1;XEUR;12372482;688;
11.06.2025;11:16:07.009;FGBL SI 20250908 PS;SIMPLE_INSTRUMENT;EFS;EUR;105;130.62000000;631;EXCHANGE_LAST;;1;1;XEUR;12372482;688;
11.06.2025;11:17:34.195;FGBL SI 20250908 PS;SIMPLE_INSTRUMENT;EFS;EUR;106;130.59000000;210;EXCHANGE_LAST;;1;1;XEUR;12372482;688;
11.06.2025;11:18:55.842;FGBL SI 20250908 PS;SIMPLE_INSTRUMENT;EFS;EUR;107;130.64000000;420;EXCHANGE_LAST;;1;1;XEUR;12372482;688;
11.06.2025;11:20:55.233;FGBL SI 20250908 PS;SIMPLE_INSTRUMENT;EFS;EUR;108;130.66000000;421;EXCHANGE_LAST;;1;1;XEUR;12372482;688;
11.06.2025;11:31:35.524;FGBL SI 20250908 PS;SIMPLE_INSTRUMENT;EFS;EUR;109;130.66000000;420;EXCHANGE_LAST;;1;1;XEUR;12372482;688;
11.06.2025;11:32:23.192;FGBL SI 20250908 PS;SIMPLE_INSTRUMENT;EFS;EUR;110;130.65000000;420;EXCHANGE_LAST;;1;1;XEUR;12372482;688;
11.06.2025;11:37:45.315;FGBL SI 20250908 PS;SIMPLE_INSTRUMENT;EFS;EUR;111;130.69000000;1310;EXCHANGE_LAST;;1;1;XEUR;12372482;688;
11.06.2025;11:37:59.620;FGBL SI 20250908 PS;SIMPLE_INSTRUMENT;EFS;EUR;112;130.72000000;420;EXCHANGE_LAST;;1;1;XEUR;12372482;688;
11.06.2025;11:40:13.298;FGBL SI 20250908 PS;SIMPLE_INSTRUMENT;EFS;EUR;113;130.72000000;420;EXCHANGE_LAST;;1;1;XEUR;12372482;688;
11.06.2025;11:41:11.900;FGBL SI 20250908 PS;SIMPLE_INSTRUMENT;EFS;EUR;114;130.72000000;840;EXCHANGE_LAST;;1;1;XEUR;12372482;688;
11.06.2025;11:44:32.127;FGBL SI 20250908 PS;SIMPLE_INSTRUMENT;EFS;EUR;115;130.72000000;420;EXCHANGE_LAST;;1;1;XEUR;12372482;688;
11.06.2025;11:45:14.036;FGBL SI 20250908 PS;SIMPLE_INSTRUMENT;EFS;EUR;116;130.73000000;420;EXCHANGE_LAST;;1;1;XEUR;12372482;688;
11.06.2025;11:45:54.534;FGBL SI 20250908 PS;SIMPLE_INSTRUMENT;EFS;EUR;117;130.71000000;420;EXCHANGE_LAST;;1;1;XEUR;12372482;688;
11.06.2025;11:46:02.363;FGBL SI 20250908 PS;SIMPLE_INSTRUMENT;EFS;EUR;118;130.66000000;420;EXCHANGE_LAST;;1;1;XEUR;12372482;688;
11.06.2025;11:46:27.060;FGBL SI 20250908 PS;SIMPLE_INSTRUMENT;EFS;EUR;119;130.71000000;420;EXCHANGE_LAST;;1;1;XEUR;12372482;688;
11.06.2025;11:46:49.499;FGBL SI 20250908 PS;SIMPLE_INSTRUMENT;EFS;EUR;120;130.66000000;421;EXCHANGE_LAST;;1;1;XEUR;12372482;688;
11.06.2025;11:46:53.962;FGBL SI 20250908 PS;SIMPLE_INSTRUMENT;EFS;EUR;121;130.68000000;210;EXCHANGE_LAST;;1;1;XEUR;12372482;688;
11.06.2025;11:47:02.417;FGBL SI 20250908 PS;SIMPLE_INSTRUMENT;EFS;EUR;122;130.66000000;421;EXCHANGE_LAST;;1;1;XEUR;12372482;688;
11.06.2025;11:47:17.433;FGBL SI 20250908 PS;SIMPLE_INSTRUMENT;EFS;EUR;123;130.66000000;210;EXCHANGE_LAST;;1;1;XEUR;12372482;688;
11.06.2025;11:47:30.417;FGBL SI 20250908 PS;SIMPLE_INSTRUMENT;EFS;EUR;124;130.67000000;210;EXCHANGE_LAST;;1;1;XEUR;12372482;688;
11.06.2025;11:48:12.770;FGBL SI 20250908 PS;SIMPLE_INSTRUMENT;EFS;EUR;125;130.67000000;420;EXCHANGE_LAST;;1;1;XEUR;12372482;688;
11.06.2025;11:51:05.651;FGBL SI 20250908 PS;SIMPLE_INSTRUMENT;EFP_FIN;EUR;126;130.67000000;385;EXCHANGE_LAST;;1;1;XEUR;12372482;688;
11.06.2025;11:51:52.632;FGBL SI 20250908 PS;SIMPLE_INSTRUMENT;EFS;EUR;127;130.65000000;210;EXCHANGE_LAST;;1;1;XEUR;12372482;688;
11.06.2025;11:52:47.686;FGBL SI 20250908 PS;SIMPLE_INSTRUMENT;EFS;EUR;128;130.65000000;420;EXCHANGE_LAST;;1;1;XEUR;12372482;688;
11.06.2025;11:52:52.691;FGBL SI 20250908 PS;SIMPLE_INSTRUMENT;EFS;EUR;129;130.63000000;420;EXCHANGE_LAST;;1;1;XEUR;12372482;688;
11.06.2025;11:53:57.741;FGBL SI 20250908 PS;SIMPLE_INSTRUMENT;EFS;EUR;130;130.63000000;420;EXCHANGE_LAST;;1;1;XEUR;12372482;688;
11.06.2025;11:59:41.731;FGBL SI 20250908 PS;SIMPLE_INSTRUMENT;EFS;EUR;131;130.64000000;242;EXCHANGE_LAST;;1;1;XEUR;12372482;688;
11.06.2025;12:01:54.400;FGBL SI 20250908 PS;SIMPLE_INSTRUMENT;EFS;EUR;132;130.62000000;479;EXCHANGE_LAST;;1;1;XEUR;12372482;688;
11.06.2025;12:02:10.962;FGBL SI 20250908 PS;SIMPLE_INSTRUMENT;EFS;EUR;133;130.72000000;212;EXCHANGE_LAST;;1;1;XEUR;12372482;688;
11.06.2025;12:02:42.345;FGBL SI 20250908 PS;SIMPLE_INSTRUMENT;EFS;EUR;134;130.63000000;252;EXCHANGE_LAST;;1;1;XEUR;12372482;688;
11.06.2025;12:11:51.891;FGBL SI 20250908 PS;SIMPLE_INSTRUMENT;EFS;EUR;135;130.63000000;425;EXCHANGE_LAST;;1;1;XEUR;12372482;688;
11.06.2025;12:23:40.866;FGBL SI 20250908 PS;SIMPLE_INSTRUMENT;EFS;EUR;136;130.59000000;420;EXCHANGE_LAST;;1;1;XEUR;12372482;688;
11.06.2025;12:24:23.507;FGBL SI 20250908 PS;SIMPLE_INSTRUMENT;EFS;EUR;137;130.56000000;421;EXCHANGE_LAST;;1;1;XEUR;12372482;688;
11.06.2025;12:37:21.663;FGBL SI 20250908 PS;SIMPLE_INSTRUMENT;EFS;EUR;138;130.81000000;210;EXCHANGE_LAST;;1;1;XEUR;12372482;688;
11.06.2025;12:37:44.802;FGBL SI 20250908 PS;SIMPLE_INSTRUMENT;EFP_FIN;EUR;139;130.77000000;770;EXCHANGE_LAST;;1;1;XEUR;12372482;688;
11.06.2025;12:47:47.553;FGBL SI 20250908 PS;SIMPLE_INSTRUMENT;EFP_FIN;EUR;140;130.59000000;280;EXCHANGE_LAST;;1;1;XEUR;12372482;688;
11.06.2025;12:41:23.989;FGBL SI 20250908 PS;SIMPLE_INSTRUMENT;EFP_FIN;EUR;141;130.79000000;280;EXCHANGE_LAST;;1;1;XEUR;12372482;688;
11.06.2025;12:44:08.904;FGBL SI 20250908 PS;SIMPLE_INSTRUMENT;EFP_FIN;EUR;142;130.63000000;377;EXCHANGE_LAST;;1;1;XEUR;12372482;688;
11.06.2025;12:48:17.145;FGBL SI 20250908 PS;SIMPLE_INSTRUMENT;EFS;EUR;143;130.87000000;470;EXCHANGE_LAST;;1;1;XEUR;12372482;688;
11.06.2025;12:50:05.445;FGBL SI 20250908 PS;SIMPLE_INSTRUMENT;EFS;EUR;144;130.87000000;210;EXCHANGE_LAST;;1;1;XEUR;12372482;688;
11.06.2025;13:05:41.377;FGBL SI 20250908 PS;SIMPLE_INSTRUMENT;EFS;EUR;145;130.90000000;210;EXCHANGE_LAST;;1;1;XEUR;12372482;688;
11.06.2025;13:08:21.044;FGBL SI 20250908 PS;SIMPLE_INSTRUMENT;EFS;EUR;146;130.87000000;420;EXCHANGE_LAST;;1;1;XEUR;12372482;688;
11.06.2025;13:12:45.694;FGBL SI 20250908 PS;SIMPLE_INSTRUMENT;EFS;EUR;147;130.90000000;484;EXCHANGE_LAST;;1;1;XEUR;12372482;688;
11.06.2025;13:19:28.524;FGBL SI 20250908 PS;SIMPLE_INSTRUMENT;EFS;EUR;148;130.89000000;420;EXCHANGE_LAST;;1;1;XEUR;12372482;688;
11.06.2025;13:24:38.803;FGBL SI 20250908 PS;SIMPLE_INSTRUMENT;EFS;EUR;149;130.93000000;174;EXCHANGE_LAST;;1;1;XEUR;12372482;688;
11.06.2025;13:24:50.761;FGBL SI 20250908 PS;SIMPLE_INSTRUMENT;EFP_FIN;EUR;150;130.90000000;1063;EXCHANGE_LAST;;1;1;XEUR;12372482;688;
11.06.2025;13:28:50.935;FGBL SI 20250908 PS;SIMPLE_INSTRUMENT;EFS;EUR;151;130.80000000;420;EXCHANGE_LAST;;1;1;XEUR;12372482;688;
11.06.2025;13:31:22.921;FGBL SI 20250908 PS;SIMPLE_INSTRUMENT;EFP_FIN;EUR;152;130.94000000;216;EXCHANGE_LAST;;1;1;XEUR;12372482;688;
11.06.2025;13:31:50.753;FGBL SI 20250908 PS;SIMPLE_INSTRUMENT;EFP_FIN;EUR;153;130.94000000;258;EXCHANGE_LAST;;1;1;XEUR;12372482;688;
11.06.2025;13:33:39.803;FGBL SI 20250908 PS;SIMPLE_INSTRUMENT;EFS;EUR;154;130.76000000;420;EXCHANGE_LAST;;1;1;XEUR;12372482;688;
11.06.2025;13:35:12.211;FGBL SI 20250908 PS;SIMPLE_INSTRUMENT;EFS;EUR;155;130.80000000;420;EXCHANGE_LAST;;1;1;XEUR;12372482;688;
11.06.2025;13:35:17.216;FGBL SI 20250908 PS;SIMPLE_INSTRUMENT;EFS;EUR;156;130.80000000;420;EXCHANGE_LAST;;1;1;XEUR;12372482;688;
11.06.2025;13:36:08.844;FGBL SI 20250908 PS;SIMPLE_INSTRUMENT;EFP_FIN;EUR;157;130.94000000;677;EXCHANGE_LAST;;1;1;XEUR;12372482;688;
11.06.2025;13:37:21.459;FGBL SI 20250908 PS;SIMPLE_INSTRUMENT;EFS;EUR;158;130.76000000;420;EXCHANGE_LAST;;1;1;XEUR;12372482;688;
11.06.2025;13:37:26.562;FGBL SI 20250908 PS;SIMPLE_INSTRUMENT;EFS;EUR;159;130.80000000;420;EXCHANGE_LAST;;1;1;XEUR;12372482;688;
11.06.2025;13:39:37.285;FGBL SI 20250908 PS;SIMPLE_INSTRUMENT;EFS;EUR;160;130.78000000;294;EXCHANGE_LAST;;1;1;XEUR;12372482;688;
11.06.2025;13:41:12.495;FGBL SI 20250908 PS;SIMPLE_INSTRUMENT;EFS;EUR;161;130.83000000;420;EXCHANGE_LAST;;1;1;XEUR;12372482;688;
11.06.2025;13:44:58.340;FGBL SI 20250908 PS;SIMPLE_INSTRUMENT;EFS;EUR;162;130.83000000;420;EXCHANGE_LAST;;1;1;XEUR;12372482;688;
11.06.2025;13:55:43.152;FGBL SI 20250908 PS;SIMPLE_INSTRUMENT;EFS;EUR;163;130.87000000;420;EXCHANGE_LAST;;1;1;XEUR;12372482;688;
11.06.2025;13:55:48.157;FGBL SI 20250908 PS;SIMPLE_INSTRUMENT;EFS;EUR;164;130.87000000;210;EXCHANGE_LAST;;1;1;XEUR;12372482;688;
11.06.2025;14:00:56.569;FGBL SI 20250908 PS;SIMPLE_INSTRUMENT;EFS;EUR;165;130.87000000;420;EXCHANGE_LAST;;1;1;XEUR;12372482;688;
11.06.2025;14:02:44.483;FGBL SI 20250908 PS;SIMPLE_INSTRUMENT;EFS;EUR;166;130.83000000;841;EXCHANGE_LAST;;1;1;XEUR;12372482;688;
11.06.2025;14:06:34.658;FGBL SI 20250908 PS;SIMPLE_INSTRUMENT;EFS;EUR;167;130.86000000;420;EXCHANGE_LAST;;1;1;XEUR;12372482;688;
11.06.2025;14:06:59.680;FGBL SI 20250908 PS;SIMPLE_INSTRUMENT;EFS;EUR;168;130.86000000;420;EXCHANGE_LAST;;1;1;XEUR;12372482;688;
11.06.2025;14:07:09.691;FGBL SI 20250908 PS;SIMPLE_INSTRUMENT;EFS;EUR;169;130.86000000;420;EXCHANGE_LAST;;1;1;XEUR;12372482;688;
11.06.2025;14:07:37.804;FGBL SI 20250908 PS;SIMPLE_INSTRUMENT;EFS;EUR;170;130.88000000;420;EXCHANGE_LAST;;1;1;XEUR;12372482;688;
11.06.2025;14:08:09.754;FGBL SI 20250908 PS;SIMPLE_INSTRUMENT;EFS;EUR;171;130.82000000;420;EXCHANGE_LAST;;1;1;XEUR;12372482;688;
11.06.2025;14:08:29.779;FGBL SI 20250908 PS;SIMPLE_INSTRUMENT;EFS;EUR;172;130.82000000;168;EXCHANGE_LAST;;1;1;XEUR;12372482;688;
11.06.2025;14:12:01.547;FGBL SI 20250908 PS;SIMPLE_INSTRUMENT;EFS;EUR;173;130.85000000;484;EXCHANGE_LAST;;1;1;XEUR;12372482;688;
11.06.2025;14:18:10.263;FGBL SI 20250908 PS;SIMPLE_INSTRUMENT;EFS;EUR;174;130.87000000;100;EXCHANGE_LAST;;1;1;XEUR;12372482;688;
11.06.2025;14:24:14.501;FGBL SI 20250908 PS;SIMPLE_INSTRUMENT;EFS;EUR;175;130.83000000;336;EXCHANGE_LAST;;1;1;XEUR;12372482;688;
11.06.2025;14:24:45.829;FGBL SI 20250908 PS;SIMPLE_INSTRUMENT;EFS;EUR;176;130.84000000;168;EXCHANGE_LAST;;1;1;XEUR;12372482;688;
11.06.2025;14:29:19.033;FGBL SI 20250908 PS;SIMPLE_INSTRUMENT;EFS;EUR;177;130.82000000;211;EXCHANGE_LAST;;1;1;XEUR;12372482;688;
11.06.2025;14:29:42.122;FGBL SI 20250908 PS;SIMPLE_INSTRUMENT;EFS;EUR;178;130.82000000;420;EXCHANGE_LAST;;1;1;XEUR;12372482;688;
11.06.2025;14:38:54.064;FGBL SI 20250908 PS;SIMPLE_INSTRUMENT;EFS;EUR;179;130.82000000;969;EXCHANGE_LAST;;1;1;XEUR;12372482;688;
11.06.2025;14:44:37.954;FGBL SI 20250908 PS;SIMPLE_INSTRUMENT;EFS;EUR;180;130.81000000;210;EXCHANGE_LAST;;1;1;XEUR;12372482;688;
11.06.2025;14:47:11.367;FGBL SI 20250908 PS;SIMPLE_INSTRUMENT;EFS;EUR;182;130.81000000;210;EXCHANGE_LAST;;1;1;XEUR;12372482;688;
11.06.2025;14:49:51.363;FGBL SI 20250908 PS;SIMPLE_INSTRUMENT;EFS;EUR;183;130.82000000;210;EXCHANGE_LAST;;1;1;XEUR;12372482;688;
11.06.2025;14:50:44.986;FGBL SI 20250908 PS;SIMPLE_INSTRUMENT;EFS;EUR;184;130.82000000;588;EXCHANGE_LAST;;1;1;XEUR;12372482;688;
11.06.2025;14:52:22.106;FGBL SI 20250908 PS;SIMPLE_INSTRUMENT;EFS;EUR;185;130.81000000;213;EXCHANGE_LAST;;1;1;XEUR;12372482;688;
11.06.2025;14:52:31.107;FGBL SI 20250908 PS;SIMPLE_INSTRUMENT;EFS;EUR;186;130.81000000;213;EXCHANGE_LAST;;1;1;XEUR;12372482;688;
11.06.2025;14:52:39.968;FGBL SI 20250908 PS;SIMPLE_INSTRUMENT;EFP_FIN;EUR;187;130.81000000;199;EXCHANGE_LAST;;1;1;XEUR;12372482;688;
11.06.2025;14:56:57.735;FGBL SI 20250908 PS;SIMPLE_INSTRUMENT;EFP_FIN;EUR;188;130.84000000;71;EXCHANGE_LAST;;1;1;XEUR;12372482;688;
11.06.2025;15:01:10.658;FGBL SI 20250908 PS;SIMPLE_INSTRUMENT;EFS;EUR;189;130.86000000;1361;EXCHANGE_LAST;;1;1;XEUR;12372482;688;
11.06.2025;15:01:59.397;FGBL SI 20250908 PS;SIMPLE_INSTRUMENT;EFS;EUR;190;130.85000000;420;EXCHANGE_LAST;;1;1;XEUR;12372482;688;
11.06.2025;15:05:13.870;FGBL SI 20250908 PS;SIMPLE_INSTRUMENT;EFS;EUR;191;130.86000000;1500;EXCHANGE_LAST;;1;1;XEUR;12372482;688;
11.06.2025;15:13:09.458;FGBL SI 20250908 PS;SIMPLE_INSTRUMENT;EFP_FIN;EUR;192;130.85000000;175;EXCHANGE_LAST;;1;1;XEUR;12372482;688;
11.06.2025;15:17:43.373;FGBL SI 20250908 PS;SIMPLE_INSTRUMENT;EFP_FIN;EUR;193;130.85000000;175;EXCHANGE_LAST;;1;1;XEUR;12372482;688;
11.06.2025;15:18:16.119;FGBL SI 20250908 PS;SIMPLE_INSTRUMENT;EFS;EUR;194;130.78000000;420;EXCHANGE_LAST;;1;1;XEUR;12372482;688;
11.06.2025;15:33:05.776;FGBL SI 20250908 PS;SIMPLE_INSTRUMENT;EFS;EUR;195;130.80000000;211;EXCHANGE_LAST;;1;1;XEUR;12372482;688;
11.06.2025;15:39:49.517;FGBL SI 20250908 PS;SIMPLE_INSTRUMENT;EFP_FIN;EUR;196;130.67000000;578;EXCHANGE_LAST;;1;1;XEUR;12372482;688;
11.06.2025;15:43:02.319;FGBL SI 20250908 PS;SIMPLE_INSTRUMENT;EFP_FIN;EUR;197;130.68000000;824;EXCHANGE_LAST;;1;1;XEUR;12372482;688;
11.06.2025;15:44:48.909;FGBL SI 20250908 PS;SIMPLE_INSTRUMENT;EFP_FIN;EUR;198;130.81000000;104;EXCHANGE_LAST;;1;1;XEUR;12372482;688;
11.06.2025;15:49:42.169;FGBL SI 20250908 PS;SIMPLE_INSTRUMENT;EFP_FIN;EUR;199;130.72000000;426;EXCHANGE_LAST;;1;1;XEUR;12372482;688;
11.06.2025;15:52:37.812;FGBL SI 20250908 PS;SIMPLE_INSTRUMENT;EFP_FIN;EUR;200;130.78000000;50;EXCHANGE_LAST;;1;1;XEUR;12372482;688;
11.06.2025;15:59:48.766;FGBL SI 20250908 PS;SIMPLE_INSTRUMENT;EFS;EUR;201;130.71000000;210;EXCHANGE_LAST;;1;1;XEUR;12372482;688;
11.06.2025;16:00:30.846;FGBL SI 20250908 PS;SIMPLE_INSTRUMENT;EFS;EUR;202;130.78000000;223;EXCHANGE_LAST;;1;1;XEUR;12372482;688;
11.06.2025;16:01:23.178;FGBL SI 20250908 PS;SIMPLE_INSTRUMENT;EFS;EUR;203;130.78000000;210;EXCHANGE_LAST;;1;1;XEUR;12372482;688;
11.06.2025;16:09:19.255;FGBL SI 20250908 PS;SIMPLE_INSTRUMENT;EFS;EUR;204;130.81000000;420;EXCHANGE_LAST;;1;1;XEUR;12372482;688;
11.06.2025;08:17:45.303;FGBL SI 20250908 PS;SIMPLE_INSTRUMENT;VOLA;EUR;268435467;130.73000000;64;EXCHANGE_LAST;;1;1;XEUR;12372482;688;
11.06.2025;10:28:08.808;FGBL SI 20250908 PS;SIMPLE_INSTRUMENT;VOLA;EUR;268435473;130.74000000;10;EXCHANGE_LAST;;1;1;XEUR;12372482;688;
11.06.2025;10:41:17.372;FGBL SI 20250908 PS;SIMPLE_INSTRUMENT;VOLA;EUR;268435478;130.65000000;195;EXCHANGE_LAST;;1;1;XEUR;12372482;688;
11.06.2025;10:42:43.252;FGBL SI 20250908 PS;SIMPLE_INSTRUMENT;VOLA;EUR;268435479;130.65000000;195;EXCHANGE_LAST;;1;1;XEUR;12372482;688;
11.06.2025;13:10:50.300;FGBL SI 20250908 PS;SIMPLE_INSTRUMENT;VOLA;EUR;268435493;130.91000000;50;EXCHANGE_LAST;;1;1;XEUR;12372482;688;
11.06.2025;13:50:22.466;FGBL SI 20250908 PS;SIMPLE_INSTRUMENT;VOLA;EUR;268435504;130.76000000;25;EXCHANGE_LAST;;1;1;XEUR;12372482;688;
11.06.2025;13:55:00.694;FGBL SI 20250908 PS;SIMPLE_INSTRUMENT;VOLA;EUR;268435506;130.87000000;48;EXCHANGE_LAST;;1;1;XEUR;12372482;688;
11.06.2025;06:39:15.044;FGBM SI 20250908 PS;SIMPLE_INSTRUMENT;EFS;EUR;1;117.79000000;807;EXCHANGE_LAST;;1;1;XEUR;12372483;689;
11.06.2025;07:28:38.414;FGBM SI 20250908 PS;SIMPLE_INSTRUMENT;EFS;EUR;2;117.81000000;294;EXCHANGE_LAST;;1;1;XEUR;12372483;689;
11.06.2025;07:37:39.755;FGBM SI 20250908 PS;SIMPLE_INSTRUMENT;EFS;EUR;3;117.84000000;490;EXCHANGE_LAST;;1;1;XEUR;12372483;689;
11.06.2025;07:48:51.472;FGBM SI 20250908 PS;SIMPLE_INSTRUMENT;EFS;EUR;4;117.83000000;490;EXCHANGE_LAST;;1;1;XEUR;12372483;689;
11.06.2025;07:54:46.678;FGBM SI 20250908 PS;SIMPLE_INSTRUMENT;EFS;EUR;5;117.83000000;858;EXCHANGE_LAST;;1;1;XEUR;12372483;689;
11.06.2025;08:10:54.688;FGBM SI 20250908 PS;SIMPLE_INSTRUMENT;EFS;EUR;7;117.76000000;882;EXCHANGE_LAST;;1;1;XEUR;12372483;689;
11.06.2025;08:36:56.654;FGBM SI 20250908 PS;SIMPLE_INSTRUMENT;EFS;EUR;10;117.78000000;858;EXCHANGE_LAST;;1;1;XEUR;12372483;689;
11.06.2025;08:40:38.018;FGBM SI 20250908 PS;SIMPLE_INSTRUMENT;EFP_FIN;EUR;12;117.80000000;129;EXCHANGE_LAST;;1;1;XEUR;12372483;689;
11.06.2025;08:41:41.044;FGBM SI 20250908 PS;SIMPLE_INSTRUMENT;EFS;EUR;13;117.82000000;881;EXCHANGE_LAST;;1;1;XEUR;12372483;689;
11.06.2025;08:43:36.135;FGBM SI 20250908 PS;SIMPLE_INSTRUMENT;EFS;EUR;14;117.81000000;882;EXCHANGE_LAST;;1;1;XEUR;12372483;689;
11.06.2025;08:44:36.576;FGBM SI 20250908 PS;SIMPLE_INSTRUMENT;EFP_FIN;EUR;15;117.82000000;661;EXCHANGE_LAST;;1;1;XEUR;12372483;689;
11.06.2025;08:45:16.216;FGBM SI 20250908 PS;SIMPLE_INSTRUMENT;EFS;EUR;16;117.81000000;441;EXCHANGE_LAST;;1;1;XEUR;12372483;689;
11.06.2025;09:06:41.582;FGBM SI 20250908 PS;SIMPLE_INSTRUMENT;EFP_FIN;EUR;17;117.80000000;858;EXCHANGE_LAST;;1;1;XEUR;12372483;689;
11.06.2025;09:01:35.282;FGBM SI 20250908 PS;SIMPLE_INSTRUMENT;EFP_FIN;EUR;18;117.78000000;215;EXCHANGE_LAST;;1;1;XEUR;12372483;689;
11.06.2025;09:04:08.887;FGBM SI 20250908 PS;SIMPLE_INSTRUMENT;EFS;EUR;19;117.84000000;661;EXCHANGE_LAST;;1;1;XEUR;12372483;689;
11.06.2025;09:06:57.699;FGBM SI 20250908 PS;SIMPLE_INSTRUMENT;EFS;EUR;20;117.78000000;858;EXCHANGE_LAST;;1;1;XEUR;12372483;689;
11.06.2025;09:45:59.755;FGBM SI 20250908 PS;SIMPLE_INSTRUMENT;EFS;EUR;21;117.81000000;177;EXCHANGE_LAST;;1;1;XEUR;12372483;689;
11.06.2025;09:48:56.487;FGBM SI 20250908 PS;SIMPLE_INSTRUMENT;EFP_FIN;EUR;22;117.77000000;491;EXCHANGE_LAST;;1;1;XEUR;12372483;689;
11.06.2025;09:48:56.487;FGBM SI 20250908 PS;SIMPLE_INSTRUMENT;EFP_FIN;EUR;23;117.77000000;491;EXCHANGE_LAST;;1;1;XEUR;12372483;689;
11.06.2025;09:50:11.305;FGBM SI 20250908 PS;SIMPLE_INSTRUMENT;EFS;EUR;24;117.83000000;882;EXCHANGE_LAST;;1;1;XEUR;12372483;689;
11.06.2025;09:57:31.028;FGBM SI 20250908 PS;SIMPLE_INSTRUMENT;EFP_FIN;EUR;25;117.79000000;1863;EXCHANGE_LAST;;1;1;XEUR;12372483;689;
11.06.2025;10:15:39.459;FGBM SI 20250908 PS;SIMPLE_INSTRUMENT;EFS;EUR;26;117.81000000;500;EXCHANGE_LAST;;1;1;XEUR;12372483;689;
11.06.2025;10:17:26.462;FGBM SI 20250908 PS;SIMPLE_INSTRUMENT;EFS;EUR;27;117.81000000;881;EXCHANGE_LAST;;1;1;XEUR;12372483;689;
11.06.2025;10:20:25.235;FGBM SI 20250908 PS;SIMPLE_INSTRUMENT;EFS;EUR;28;117.80000000;500;EXCHANGE_LAST;;1;1;XEUR;12372483;689;
11.06.2025;10:19:37.361;FGBM SI 20250908 PS;SIMPLE_INSTRUMENT;EFP_FIN;EUR;29;117.79000000;858;EXCHANGE_LAST;;1;1;XEUR;12372483;689;
11.06.2025;10:30:20.200;FGBM SI 20250908 PS;SIMPLE_INSTRUMENT;EFP_FIN;EUR;31;117.78000000;1803;EXCHANGE_LAST;;1;1;XEUR;12372483;689;
11.06.2025;10:30:44.268;FGBM SI 20250908 PS;SIMPLE_INSTRUMENT;EFS;EUR;32;117.78000000;1709;EXCHANGE_LAST;;1;1;XEUR;12372483;689;
11.06.2025;10:38:57.623;FGBM SI 20250908 PS;SIMPLE_INSTRUMENT;EFS;EUR;33;117.79000000;881;EXCHANGE_LAST;;1;1;XEUR;12372483;689;
11.06.2025;10:44:53.072;FGBM SI 20250908 PS;SIMPLE_INSTRUMENT;EFS;EUR;34;117.79000000;588;EXCHANGE_LAST;;1;1;XEUR;12372483;689;
11.06.2025;10:45:46.467;FGBM SI 20250908 PS;SIMPLE_INSTRUMENT;EFS;EUR;35;117.80000000;1658;EXCHANGE_LAST;;1;1;XEUR;12372483;689;
11.06.2025;10:49:14.665;FGBM SI 20250908 PS;SIMPLE_INSTRUMENT;EFS;EUR;37;117.78000000;714;EXCHANGE_LAST;;1;1;XEUR;12372483;689;
11.06.2025;10:52:42.978;FGBM SI 20250908 PS;SIMPLE_INSTRUMENT;EFS;EUR;39;117.78000000;1763;EXCHANGE_LAST;;1;1;XEUR;12372483;689;
11.06.2025;10:54:14.831;FGBM SI 20250908 PS;SIMPLE_INSTRUMENT;EFS;EUR;40;117.79000000;3923;EXCHANGE_LAST;;1;1;XEUR;12372483;689;
11.06.2025;11:06:08.609;FGBM SI 20250908 PS;SIMPLE_INSTRUMENT;EFS;EUR;41;117.78000000;830;EXCHANGE_LAST;;1;1;XEUR;12372483;689;
11.06.2025;11:10:39.042;FGBM SI 20250908 PS;SIMPLE_INSTRUMENT;EFS;EUR;42;117.78000000;828;EXCHANGE_LAST;;1;1;XEUR;12372483;689;
11.06.2025;11:11:01.759;FGBM SI 20250908 PS;SIMPLE_INSTRUMENT;EFP_FIN;EUR;43;117.80000000;601;EXCHANGE_LAST;;1;1;XEUR;12372483;689;
11.06.2025;11:15:35.995;FGBM SI 20250908 PS;SIMPLE_INSTRUMENT;EFS;EUR;44;117.78000000;1243;EXCHANGE_LAST;;1;1;XEUR;12372483;689;
11.06.2025;11:17:03.281;FGBM SI 20250908 PS;SIMPLE_INSTRUMENT;EFS;EUR;45;117.76000000;414;EXCHANGE_LAST;;1;1;XEUR;12372483;689;
11.06.2025;11:18:13.419;FGBM SI 20250908 PS;SIMPLE_INSTRUMENT;EFS;EUR;46;117.78000000;828;EXCHANGE_LAST;;1;1;XEUR;12372483;689;
11.06.2025;11:23:10.486;FGBM SI 20250908 PS;SIMPLE_INSTRUMENT;EFP_FIN;EUR;47;117.76000000;95;EXCHANGE_LAST;;1;1;XEUR;12372483;689;
11.06.2025;11:42:07.151;FGBM SI 20250908 PS;SIMPLE_INSTRUMENT;EFS;EUR;48;117.81000000;882;EXCHANGE_LAST;;1;1;XEUR;12372483;689;
11.06.2025;11:56:11.119;FGBM SI 20250908 PS;SIMPLE_INSTRUMENT;EFS;EUR;49;117.77000000;1763;EXCHANGE_LAST;;1;1;XEUR;12372483;689;
11.06.2025;11:57:11.553;FGBM SI 20250908 PS;SIMPLE_INSTRUMENT;EFS;EUR;50;117.78000000;481;EXCHANGE_LAST;;1;1;XEUR;12372483;689;
11.06.2025;12:18:37.023;FGBM SI 20250908 PS;SIMPLE_INSTRUMENT;EFP_FIN;EUR;51;117.75000000;315;EXCHANGE_LAST;;1;1;XEUR;12372483;689;
11.06.2025;12:20:38.373;FGBM SI 20250908 PS;SIMPLE_INSTRUMENT;EFP_FIN;EUR;52;117.81000000;879;EXCHANGE_LAST;;1;1;XEUR;12372483;689;
11.06.2025;12:25:11.771;FGBM SI 20250908 PS;SIMPLE_INSTRUMENT;EFP_FIN;EUR;53;117.79000000;203;EXCHANGE_LAST;;1;1;XEUR;12372483;689;
11.06.2025;12:26:38.650;FGBM SI 20250908 PS;SIMPLE_INSTRUMENT;EFS;EUR;54;117.75000000;1470;EXCHANGE_LAST;;1;1;XEUR;12372483;689;
11.06.2025;12:37:16.658;FGBM SI 20250908 PS;SIMPLE_INSTRUMENT;EFS;EUR;55;117.88000000;882;EXCHANGE_LAST;;1;1;XEUR;12372483;689;
11.06.2025;12:38:01.696;FGBM SI 20250908 PS;SIMPLE_INSTRUMENT;EFS;EUR;56;117.90000000;882;EXCHANGE_LAST;;1;1;XEUR;12372483;689;
11.06.2025;12:42:32.103;FGBM SI 20250908 PS;SIMPLE_INSTRUMENT;EFP_FIN;EUR;57;117.75000000;493;EXCHANGE_LAST;;1;1;XEUR;12372483;689;
11.06.2025;12:46:33.079;FGBM SI 20250908 PS;SIMPLE_INSTRUMENT;EFS;EUR;58;117.92000000;441;EXCHANGE_LAST;;1;1;XEUR;12372483;689;
11.06.2025;12:47:43.136;FGBM SI 20250908 PS;SIMPLE_INSTRUMENT;EFS;EUR;59;117.93000000;882;EXCHANGE_LAST;;1;1;XEUR;12372483;689;
11.06.2025;12:50:05.777;FGBM SI 20250908 PS;SIMPLE_INSTRUMENT;EFS;EUR;60;117.87000000;490;EXCHANGE_LAST;;1;1;XEUR;12372483;689;
11.06.2025;12:49:40.826;FGBM SI 20250908 PS;SIMPLE_INSTRUMENT;EFS;EUR;61;117.79000000;1960;EXCHANGE_LAST;;1;1;XEUR;12372483;689;
11.06.2025;12:54:24.929;FGBM SI 20250908 PS;SIMPLE_INSTRUMENT;EFS;EUR;62;117.91000000;933;EXCHANGE_LAST;;1;1;XEUR;12372483;689;
11.06.2025;13:04:33.405;FGBM SI 20250908 PS;SIMPLE_INSTRUMENT;EFS;EUR;63;117.91000000;401;EXCHANGE_LAST;;1;1;XEUR;12372483;689;
11.06.2025;13:05:08.933;FGBM SI 20250908 PS;SIMPLE_INSTRUMENT;EFS;EUR;64;117.93000000;342;EXCHANGE_LAST;;1;1;XEUR;12372483;689;
11.06.2025;13:08:20.367;FGBM SI 20250908 PS;SIMPLE_INSTRUMENT;EFS;EUR;65;117.95000000;342;EXCHANGE_LAST;;1;1;XEUR;12372483;689;
11.06.2025;13:10:20.017;FGBM SI 20250908 PS;SIMPLE_INSTRUMENT;EFS;EUR;66;117.91000000;881;EXCHANGE_LAST;;1;1;XEUR;12372483;689;
11.06.2025;13:11:59.508;FGBM SI 20250908 PS;SIMPLE_INSTRUMENT;EFS;EUR;67;117.90000000;881;EXCHANGE_LAST;;1;1;XEUR;12372483;689;
11.06.2025;13:14:10.302;FGBM SI 20250908 PS;SIMPLE_INSTRUMENT;EFS;EUR;68;117.90000000;882;EXCHANGE_LAST;;1;1;XEUR;12372483;689;
11.06.2025;13:15:23.825;FGBM SI 20250908 PS;SIMPLE_INSTRUMENT;EFS;EUR;69;117.90000000;1959;EXCHANGE_LAST;;1;1;XEUR;12372483;689;
11.06.2025;13:21:55.258;FGBM SI 20250908 PS;SIMPLE_INSTRUMENT;EFS;EUR;70;117.89000000;150;EXCHANGE_LAST;;1;1;XEUR;12372483;689;
11.06.2025;13:29:22.987;FGBM SI 20250908 PS;SIMPLE_INSTRUMENT;EFS;EUR;71;117.91000000;933;EXCHANGE_LAST;;1;1;XEUR;12372483;689;
11.06.2025;13:31:42.274;FGBM SI 20250908 PS;SIMPLE_INSTRUMENT;EFS;EUR;72;117.90000000;881;EXCHANGE_LAST;;1;1;XEUR;12372483;689;
11.06.2025;13:49:15.903;FGBM SI 20250908 PS;SIMPLE_INSTRUMENT;EFS;EUR;73;117.89000000;882;EXCHANGE_LAST;;1;1;XEUR;12372483;689;
11.06.2025;13:56:10.087;FGBM SI 20250908 PS;SIMPLE_INSTRUMENT;EFS;EUR;74;117.92000000;880;EXCHANGE_LAST;;1;1;XEUR;12372483;689;
11.06.2025;13:59:32.494;FGBM SI 20250908 PS;SIMPLE_INSTRUMENT;EFP_FIN;EUR;75;117.88000000;59;EXCHANGE_LAST;;1;1;XEUR;12372483;689;
11.06.2025;13:59:57.816;FGBM SI 20250908 PS;SIMPLE_INSTRUMENT;EFP_FIN;EUR;76;117.88000000;98;EXCHANGE_LAST;;1;1;XEUR;12372483;689;
11.06.2025;14:03:04.501;FGBM SI 20250908 PS;SIMPLE_INSTRUMENT;EFS;EUR;77;117.89000000;881;EXCHANGE_LAST;;1;1;XEUR;12372483;689;
11.06.2025;14:17:10.898;FGBM SI 20250908 PS;SIMPLE_INSTRUMENT;EFS;EUR;78;117.92000000;200;EXCHANGE_LAST;;1;1;XEUR;12372483;689;
11.06.2025;14:18:55.135;FGBM SI 20250908 PS;SIMPLE_INSTRUMENT;EFS;EUR;79;117.88000000;661;EXCHANGE_LAST;;1;1;XEUR;12372483;689;
11.06.2025;14:26:05.369;FGBM SI 20250908 PS;SIMPLE_INSTRUMENT;EFP_FIN;EUR;80;117.84000000;553;EXCHANGE_LAST;;1;1;XEUR;12372483;689;
11.06.2025;14:27:04.453;FGBM SI 20250908 PS;SIMPLE_INSTRUMENT;EFS;EUR;81;117.86000000;828;EXCHANGE_LAST;;1;1;XEUR;12372483;689;
11.06.2025;14:40:10.675;FGBM SI 20250908 PS;SIMPLE_INSTRUMENT;EFS;EUR;82;117.88000000;881;EXCHANGE_LAST;;1;1;XEUR;12372483;689;
11.06.2025;14:46:17.830;FGBM SI 20250908 PS;SIMPLE_INSTRUMENT;EFS;EUR;83;117.87000000;683;EXCHANGE_LAST;;1;1;XEUR;12372483;689;
11.06.2025;14:49:11.844;FGBM SI 20250908 PS;SIMPLE_INSTRUMENT;EFS;EUR;84;117.87000000;372;EXCHANGE_LAST;;1;1;XEUR;12372483;689;
11.06.2025;14:59:05.447;FGBM SI 20250908 PS;SIMPLE_INSTRUMENT;EFP_FIN;EUR;85;117.87000000;1237;EXCHANGE_LAST;;1;1;XEUR;12372483;689;
11.06.2025;15:04:00.977;FGBM SI 20250908 PS;SIMPLE_INSTRUMENT;EFP_FIN;EUR;86;117.86000000;1172;EXCHANGE_LAST;;1;1;XEUR;12372483;689;
11.06.2025;15:04:00.977;FGBM SI 20250908 PS;SIMPLE_INSTRUMENT;EFP_FIN;EUR;87;117.86000000;586;EXCHANGE_LAST;;1;1;XEUR;12372483;689;
11.06.2025;15:21:04.163;FGBM SI 20250908 PS;SIMPLE_INSTRUMENT;EFS;EUR;89;117.86000000;881;EXCHANGE_LAST;;1;1;XEUR;12372483;689;
11.06.2025;15:21:57.964;FGBM SI 20250908 PS;SIMPLE_INSTRUMENT;EFS;EUR;90;117.85000000;881;EXCHANGE_LAST;;1;1;XEUR;12372483;689;
11.06.2025;15:37:22.143;FGBM SI 20250908 PS;SIMPLE_INSTRUMENT;EFP_FIN;EUR;91;117.83000000;854;EXCHANGE_LAST;;1;1;XEUR;12372483;689;
11.06.2025;15:44:48.909;FGBM SI 20250908 PS;SIMPLE_INSTRUMENT;EFP_FIN;EUR;92;117.88000000;592;EXCHANGE_LAST;;1;1;XEUR;12372483;689;
11.06.2025;15:48:19.157;FGBM SI 20250908 PS;SIMPLE_INSTRUMENT;EFS;EUR;93;117.82000000;200;EXCHANGE_LAST;;1;1;XEUR;12372483;689;
11.06.2025;15:58:59.765;FGBM SI 20250908 PS;SIMPLE_INSTRUMENT;EFS;EUR;94;117.83000000;414;EXCHANGE_LAST;;1;1;XEUR;12372483;689;
11.06.2025;16:00:46.205;FGBM SI 20250908 PS;SIMPLE_INSTRUMENT;EFS;EUR;95;117.86000000;414;EXCHANGE_LAST;;1;1;XEUR;12372483;689;
11.06.2025;16:01:40.010;FGBM SI 20250908 PS;SIMPLE_INSTRUMENT;EFS;EUR;96;117.86000000;440;EXCHANGE_LAST;;1;1;XEUR;12372483;689;
11.06.2025;16:13:42.695;FGBM SI 20250908 PS;SIMPLE_INSTRUMENT;EFS;EUR;97;117.89000000;2500;EXCHANGE_LAST;;1;1;XEUR;12372483;689;
11.06.2025;16:28:48.249;FGBM SI 20250908 PS;SIMPLE_INSTRUMENT;EFS;EUR;98;117.86000000;661;EXCHANGE_LAST;;1;1;XEUR;12372483;689;
11.06.2025;07:28:14.884;FGBS SI 20250908 PS;SIMPLE_INSTRUMENT;EFP_FIN;EUR;1;107.27000000;447;EXCHANGE_LAST;;1;1;XEUR;12372484;690;
11.06.2025;07:48:15.148;FGBS SI 20250908 PS;SIMPLE_INSTRUMENT;EFP_FIN;EUR;2;107.27000000;1322;EXCHANGE_LAST;;1;1;XEUR;12372484;690;
11.06.2025;08:04:31.583;FGBS SI 20250908 PS;SIMPLE_INSTRUMENT;EFP_FIN;EUR;3;107.26500000;1691;EXCHANGE_LAST;;1;1;XEUR;12372484;690;
11.06.2025;08:07:14.182;FGBS SI 20250908 PS;SIMPLE_INSTRUMENT;EFP_FIN;EUR;4;107.27000000;299;EXCHANGE_LAST;;1;1;XEUR;12372484;690;
11.06.2025;08:22:07.567;FGBS SI 20250908 PS;SIMPLE_INSTRUMENT;EFP_FIN;EUR;5;107.25500000;124;EXCHANGE_LAST;;1;1;XEUR;12372484;690;
11.06.2025;08:30:36.117;FGBS SI 20250908 PS;SIMPLE_INSTRUMENT;EFP_FIN;EUR;6;107.26000000;1321;EXCHANGE_LAST;;1;1;XEUR;12372484;690;
11.06.2025;08:57:14.004;FGBS SI 20250908 PS;SIMPLE_INSTRUMENT;EFP_FIN;EUR;7;107.26500000;135;EXCHANGE_LAST;;1;1;XEUR;12372484;690;
11.06.2025;09:00:52.539;FGBS SI 20250908 PS;SIMPLE_INSTRUMENT;EFP_FIN;EUR;8;107.26000000;930;EXCHANGE_LAST;;1;1;XEUR;12372484;690;
11.06.2025;09:18:17.587;FGBS SI 20250908 PS;SIMPLE_INSTRUMENT;EFS;EUR;9;107.27000000;1363;EXCHANGE_LAST;;1;1;XEUR;12372484;690;
11.06.2025;10:10:42.469;FGBS SI 20250908 PS;SIMPLE_INSTRUMENT;EFP_FIN;EUR;10;107.26500000;4800;EXCHANGE_LAST;;1;1;XEUR;12372484;690;
11.06.2025;10:49:28.142;FGBS SI 20250908 PS;SIMPLE_INSTRUMENT;EFS;EUR;11;107.26500000;5454;EXCHANGE_LAST;;1;1;XEUR;12372484;690;
11.06.2025;12:51:40.821;FGBS SI 20250908 PS;SIMPLE_INSTRUMENT;EFS;EUR;12;107.30000000;1434;EXCHANGE_LAST;;1;1;XEUR;12372484;690;
11.06.2025;13:06:49.056;FGBS SI 20250908 PS;SIMPLE_INSTRUMENT;EFP_FIN;EUR;13;107.30000000;2325;EXCHANGE_LAST;;1;1;XEUR;12372484;690;
11.06.2025;13:24:08.059;FGBS SI 20250908 PS;SIMPLE_INSTRUMENT;EFS;EUR;14;107.30000000;6756;EXCHANGE_LAST;;1;1;XEUR;12372484;690;
11.06.2025;13:24:32.935;FGBS SI 20250908 PS;SIMPLE_INSTRUMENT;EFS;EUR;15;107.29000000;1090;EXCHANGE_LAST;;1;1;XEUR;12372484;690;
11.06.2025;13:25:00.051;FGBS SI 20250908 PS;SIMPLE_INSTRUMENT;EFS;EUR;16;107.31000000;1084;EXCHANGE_LAST;;1;1;XEUR;12372484;690;
11.06.2025;13:35:32.584;FGBS SI 20250908 PS;SIMPLE_INSTRUMENT;EFP_FIN;EUR;17;107.26000000;465;EXCHANGE_LAST;;1;1;XEUR;12372484;690;
11.06.2025;13:54:54.405;FGBS SI 20250908 PS;SIMPLE_INSTRUMENT;EFP_FIN;EUR;18;107.29000000;107;EXCHANGE_LAST;;1;1;XEUR;12372484;690;
11.06.2025;14:29:42.035;FGBS SI 20250908 PS;SIMPLE_INSTRUMENT;EFS;EUR;20;107.27000000;1188;EXCHANGE_LAST;;1;1;XEUR;12372484;690;
11.06.2025;14:30:04.988;FGBS SI 20250908 PS;SIMPLE_INSTRUMENT;EFS;EUR;21;107.28000000;718;EXCHANGE_LAST;;1;1;XEUR;12372484;690;
11.06.2025;14:50:59.100;FGBS SI 20250908 PS;SIMPLE_INSTRUMENT;EFS;EUR;22;107.27000000;1193;EXCHANGE_LAST;;1;1;XEUR;12372484;690;
11.06.2025;14:51:09.101;FGBS SI 20250908 PS;SIMPLE_INSTRUMENT;EFS;EUR;23;107.27000000;1193;EXCHANGE_LAST;;1;1;XEUR;12372484;690;
11.06.2025;15:03:28.490;FGBS SI 20250908 PS;SIMPLE_INSTRUMENT;EFS;EUR;24;107.28500000;4000;EXCHANGE_LAST;;1;1;XEUR;12372484;690;
11.06.2025;15:44:48.930;FGBS SI 20250908 PS;SIMPLE_INSTRUMENT;EFP_FIN;EUR;25;107.28000000;180;EXCHANGE_LAST;;1;1;XEUR;12372484;690;
11.06.2025;07:58:45.371;FGBX SI 20250908 PS;SIMPLE_INSTRUMENT;EFS;EUR;2;121.10000000;821;EXCHANGE_LAST;;1;1;XEUR;12372485;691;
