#Date;TrdTime;Contract;ContractType;TrdTyp;Currency;TesId;Prc;Qty;TrdInd;Aggressor;Buy;Sell;Exch;InstrumentId;RelatedProdId;PrcDecomp
12.06.2025;11:09:13.309;7PIF SI 20250918 CS;SIMPLE_INSTRUMENT;BLOCK;EUR;26;18.25800000;2000;EXCHANGE_LAST;;1;1;XEUR;11692904;48299;
12.06.2025;11:19:02.553;7PIF SI 20250918 CS;SIMPLE_INSTRUMENT;BLOCK;EUR;29;18.26930000;2000;EXCHANGE_LAST;;2;1;XEUR;11692904;48299;
12.06.2025;10:06:32.581;A2SG SI 20251219 CS;SIMPLE_INSTRUMENT;BLOCK;EUR;13;1.47000000;1000;EXCHANGE_LAST;;2;1;XEUR;5914262;14;
12.06.2025;08:41:50.708;ABBN FI 20250709 CS EU C 49.1000 0;FLEXIBLE_INSTRUMENT;BLOCK;CHF;14;0.41000000;2000;EXCHANGE_LAST;;1;1;XEUR;1155389036332855049;574517;
12.06.2025;09:11:41.899;ABBN SI 20250620 PS AM P 44.00 0;SIMPLE_INSTRUMENT;BLOCK;CHF;23;0.07000000;1250;EXCHANGE_LAST;;1;1;XEUR;8536819;574517;
12.06.2025;09:11:51.020;ABBN SI 20260619 PS AM P 38.00 0;SIMPLE_INSTRUMENT;BLOCK;CHF;24;1.68000000;1250;EXCHANGE_LAST;;1;1;XEUR;12984762;574517;
12.06.2025;11:42:02.261;ABBN.O.250612.STG.000009;STANDARD_OPTION_STRATEGY;BLOCK;CHF;51;1.32000000;2000;EXCHANGE_LAST;;1;1;XEUR;74525125763939179;574517;
12.06.2025;11:42:02.261;ABBN SI 20250718 PS AM C 50.00 0;SIMPLE_INSTRUMENT;BLOCK;CHF;51;0.52000000;2000;PRC_DECOMP_EXCHANGE;;;;XEUR;13352678;574517;EXCHANGE
12.06.2025;11:42:02.261;ABBN SI 20250718 PS AM P 45.00 0;SIMPLE_INSTRUMENT;BLOCK;CHF;51;0.80000000;2000;PRC_DECOMP_EXCHANGE;;;;XEUR;13277955;574517;EXCHANGE
12.06.2025;08:40:45.960;ADEN FI 20250709 CS EU C 24.8500 0;FLEXIBLE_INSTRUMENT;BLOCK;CHF;13;0.31000000;500;EXCHANGE_LAST;;1;1;XEUR;1152921693585424016;44;
12.06.2025;08:17:23.693;ADS.O.250612.BRT.000001;STANDARD_OPTION_STRATEGY;BLOCK;EUR;1;3.20000000;650;EXCHANGE_LAST;;1;2;XEUR;72057808786333950;50;
12.06.2025;08:17:23.693;ADS SI 20250718 PS AM P 200.00 0;SIMPLE_INSTRUMENT;BLOCK;EUR;1;4.60000000;650;PRC_DECOMP_EXCHANGE;;;;XEUR;13234353;50;EXCHANGE
12.06.2025;08:17:23.693;ADS SI 20250620 PS AM P 200.00 0;SIMPLE_INSTRUMENT;BLOCK;EUR;1;1.40000000;650;PRC_DECOMP_EXCHANGE;;;;XEUR;7897594;50;EXCHANGE
12.06.2025;10:24:25.510;ADS SI 20250620 PS AM P 200.00 0;SIMPLE_INSTRUMENT;BLOCK;EUR;9;1.70000000;450;EXCHANGE_LAST;;1;2;XEUR;7897594;50;
12.06.2025;13:32:22.128;ADS SI 20250620 PS AM P 200.00 0;SIMPLE_INSTRUMENT;BLOCK;EUR;15;1.55000000;300;EXCHANGE_LAST;;1;1;XEUR;7897594;50;
12.06.2025;14:27:36.005;ADS SI 20250620 PS AM P 200.00 0;SIMPLE_INSTRUMENT;BLOCK;EUR;16;1.69000000;260;EXCHANGE_LAST;;1;1;XEUR;7897594;50;
12.06.2025;14:27:46.419;ADS SI 20251219 PS AM P 180.00 0;SIMPLE_INSTRUMENT;BLOCK;EUR;17;7.36000000;260;EXCHANGE_LAST;;1;1;XEUR;5919896;50;
12.06.2025;10:46:54.429;ADSG SI 20250919 CS;SIMPLE_INSTRUMENT;BLOCK;EUR;20;207.18160000;35;EXCHANGE_LAST;;1;1;XEUR;11697793;48;
12.06.2025;15:07:05.524;ADSG.S.JUN25.SEP25.SPD;FUTURES_SPREAD;BLOCK;EUR;73;-1.16000000;750;EXCHANGE_LAST;;1;1;XEUR;72057800196358364;48;
12.06.2025;15:07:05.524;ADSG SI 20250919 CS;SIMPLE_INSTRUMENT;BLOCK;EUR;73;211.07820000;750;PRC_DECOMP_EXCHANGE;;;;XEUR;11697793;48;EXCHANGE
12.06.2025;15:07:05.524;ADSG SI 20250620 CS;SIMPLE_INSTRUMENT;BLOCK;EUR;73;209.91820000;750;PRC_DECOMP_EXCHANGE;;;;XEUR;11167407;48;EXCHANGE
12.06.2025;13:35:38.515;ADY SI 20260619 PS AM P 1600.00 0;SIMPLE_INSTRUMENT;BLOCK;EUR;11;205.00000000;275;EXCHANGE_LAST;;1;1;XEUR;11696087;76315;
12.06.2025;12:34:52.425;AI3A.O.250612.STD.000001;STANDARD_OPTION_STRATEGY;BLOCK;EUR;9;7.20000000;300;EXCHANGE_LAST;;1;1;XEUR;72389388851478636;77252;
12.06.2025;12:34:52.425;AI3A SI 20250919 PS AM P 72.00 0;SIMPLE_INSTRUMENT;BLOCK;EUR;9;3.93000000;300;PRC_DECOMP_EXCHANGE;;;;XEUR;10871171;77252;EXCHANGE
12.06.2025;12:34:52.425;AI3A SI 20250919 PS AM C 72.00 0;SIMPLE_INSTRUMENT;BLOCK;EUR;9;3.27000000;300;PRC_DECOMP_EXCHANGE;;;;XEUR;10871166;77252;EXCHANGE
12.06.2025;08:16:34.156;ALC FI 20250709 CS EU C 75.1000 0;FLEXIBLE_INSTRUMENT;BLOCK;CHF;6;0.66000000;1200;EXCHANGE_LAST;;1;1;XEUR;1153480425880957666;130134;
12.06.2025;10:02:08.800;ALVG.S.JUN25.SEP25.SPD;FUTURES_SPREAD;BLOCK;EUR;10;-2.32000000;160;EXCHANGE_LAST;;1;1;XEUR;72057959110148378;85;
12.06.2025;10:02:08.800;ALVG SI 20250919 CS;SIMPLE_INSTRUMENT;BLOCK;EUR;10;348.31140000;160;PRC_DECOMP_EXCHANGE;;;;XEUR;11698574;85;EXCHANGE
12.06.2025;10:02:08.800;ALVG SI 20250620 CS;SIMPLE_INSTRUMENT;BLOCK;EUR;10;345.99140000;160;PRC_DECOMP_EXCHANGE;;;;XEUR;11168195;85;EXCHANGE
12.06.2025;10:03:12.784;ASMH.S.JUN25.SEP25.SPD;FUTURES_SPREAD;BLOCK;EUR;11;-2.38000000;172;EXCHANGE_LAST;;1;1;XEUR;72074683712798967;3979;
12.06.2025;10:03:12.784;ASMH SI 20250919 CS;SIMPLE_INSTRUMENT;BLOCK;EUR;11;692.94520000;172;PRC_DECOMP_EXCHANGE;;;;XEUR;11721731;3979;EXCHANGE
12.06.2025;10:03:12.784;ASMH SI 20250620 CS;SIMPLE_INSTRUMENT;BLOCK;EUR;11;690.56520000;172;PRC_DECOMP_EXCHANGE;;;;XEUR;11191365;3979;EXCHANGE
12.06.2025;14:57:09.962;AXA SI 20260320 PS AM P 36.00 0;SIMPLE_INSTRUMENT;BLOCK;EUR;22;1.08000000;1250;EXCHANGE_LAST;;1;1;XEUR;12996520;127;
12.06.2025;09:47:11.230;B2NP SI 20261218 CS;SIMPLE_INSTRUMENT;BLOCK;EUR;8;4.83000000;200;EXCHANGE_LAST;;1;2;XEUR;6798320;131;
12.06.2025;13:08:10.558;B2NP SI 20261218 CS;SIMPLE_INSTRUMENT;BLOCK;EUR;53;4.83500000;80;EXCHANGE_LAST;;1;1;XEUR;6798320;131;
12.06.2025;15:11:14.553;B2YG SI 20271217 CS;SIMPLE_INSTRUMENT;BLOCK;EUR;75;1.96500000;131;EXCHANGE_LAST;;1;1;XEUR;8405340;45713;
12.06.2025;13:44:38.047;B3AY SI 20250919 CS;SIMPLE_INSTRUMENT;BLOCK;EUR;65;0.11000000;420;EXCHANGE_LAST;;1;1;XEUR;11392387;76035;
12.06.2025;13:44:47.908;B3AY SI 20250919 CS;SIMPLE_INSTRUMENT;BLOCK;EUR;66;0.11000000;1428;EXCHANGE_LAST;;1;1;XEUR;11392387;76035;
12.06.2025;10:25:24.641;BAEN FI 20250709 CS EU C 55.9000 0;FLEXIBLE_INSTRUMENT;BLOCK;CHF;40;0.44000000;400;EXCHANGE_LAST;;1;1;XEUR;1152922187506660071;159;
12.06.2025;08:17:37.700;BALN FI 20250709 CS EU C 194.0000 0;FLEXIBLE_INSTRUMENT;BLOCK;CHF;8;1.21000000;290;EXCHANGE_LAST;;1;1;XEUR;1152922135967048495;147;
12.06.2025;08:43:57.940;BAS SI 20260320 PS AM P 40.00 0;SIMPLE_INSTRUMENT;BLOCK;EUR;2;2.45000000;1000;EXCHANGE_LAST;;1;2;XEUR;12996556;150;
12.06.2025;14:08:55.566;BAS SI 20260320 PS AM P 40.00 0;SIMPLE_INSTRUMENT;BLOCK;EUR;11;2.45000000;2000;EXCHANGE_LAST;;1;1;XEUR;12996556;150;
12.06.2025;14:28:52.096;BAS.O.250612.STD.000009;STANDARD_OPTION_STRATEGY;BLOCK;EUR;12;1.89000000;800;EXCHANGE_LAST;;1;1;XEUR;72058238283094805;150;
12.06.2025;14:28:52.096;BAS SI 20250620 PS AM C 44.00 0;SIMPLE_INSTRUMENT;BLOCK;EUR;12;0.46000000;800;PRC_DECOMP_EXCHANGE;;;;XEUR;7899118;150;EXCHANGE
12.06.2025;14:28:52.096;BAS SI 20250620 PS AM P 44.00 0;SIMPLE_INSTRUMENT;BLOCK;EUR;12;1.43000000;800;PRC_DECOMP_EXCHANGE;;;;XEUR;7898970;150;EXCHANGE
12.06.2025;14:44:05.903;BAS SI 20260320 PS AM P 40.00 0;SIMPLE_INSTRUMENT;BLOCK;EUR;13;2.45000000;2500;EXCHANGE_LAST;;1;1;XEUR;12996556;150;
12.06.2025;10:14:44.662;BASG SI 20250620 CS;SIMPLE_INSTRUMENT;BLOCK;EUR;14;42.82000000;3000;EXCHANGE_LAST;;1;1;XEUR;11169531;171;
12.06.2025;11:59:50.657;BASG SI 20250620 CS;SIMPLE_INSTRUMENT;BLOCK;EUR;33;42.72000000;21015;EXCHANGE_LAST;;2;1;XEUR;11169531;171;
12.06.2025;08:23:21.775;BAY.O.250612.BER.000012;STANDARD_OPTION_STRATEGY;BLOCK;EUR;1;1.81000000;5000;EXCHANGE_LAST;;1;2;XEUR;72058315592512292;168;
12.06.2025;08:23:21.775;BAY SI 20251219 PS AM P 24.00 0;SIMPLE_INSTRUMENT;BLOCK;EUR;1;1.86000000;5000;PRC_DECOMP_EXCHANGE;;;;XEUR;8112387;168;EXCHANGE
12.06.2025;08:23:21.775;BAY SI 20251219 PS AM P 28.00 0;SIMPLE_INSTRUMENT;BLOCK;EUR;1;3.67000000;5000;PRC_DECOMP_EXCHANGE;;;;XEUR;6068400;168;EXCHANGE
12.06.2025;09:12:48.068;BAY SI 20251219 PS AM C 40.00 0;SIMPLE_INSTRUMENT;BLOCK;EUR;3;0.70000000;5000;EXCHANGE_LAST;;1;1;XEUR;5922331;168;
12.06.2025;09:12:44.244;BAY SI 20260619 PS AM C 52.00 0;SIMPLE_INSTRUMENT;BLOCK;EUR;4;0.50000000;7500;EXCHANGE_LAST;;1;1;XEUR;9539672;168;
12.06.2025;10:08:32.952;BAY SI 20250620 PS AM C 28.00 0;SIMPLE_INSTRUMENT;BLOCK;EUR;6;0.40000000;6700;EXCHANGE_LAST;;3;1;XEUR;8112566;168;
12.06.2025;12:13:15.148;BAY SI 20250718 PS AM C 30.00 0;SIMPLE_INSTRUMENT;BLOCK;EUR;8;0.92000000;5750;EXCHANGE_LAST;;2;2;XEUR;13498313;168;
12.06.2025;14:02:16.753;BAY SI 20260320 PS AM P 26.00 0;SIMPLE_INSTRUMENT;BLOCK;EUR;10;3.10000000;2000;EXCHANGE_LAST;;2;2;XEUR;12997310;168;
12.06.2025;15:15:48.952;BAY.O.250612.BUL.000049;STANDARD_OPTION_STRATEGY;BLOCK;EUR;14;0.52000000;7750;EXCHANGE_LAST;;1;3;XEUR;72058315592512329;168;
12.06.2025;15:15:48.952;BAY SI 20250718 PS AM C 29.50 0;SIMPLE_INSTRUMENT;BLOCK;EUR;14;1.24000000;7750;PRC_DECOMP_EXCHANGE;;;;XEUR;13390598;168;EXCHANGE
12.06.2025;15:15:48.952;BAY SI 20250718 PS AM C 31.50 0;SIMPLE_INSTRUMENT;BLOCK;EUR;14;0.72000000;7750;PRC_DECOMP_EXCHANGE;;;;XEUR;13531627;168;EXCHANGE
12.06.2025;13:38:43.203;BAYG.S.JUN25.SEP25.SPD;FUTURES_SPREAD;BLOCK;EUR;59;-0.15100000;15000;EXCHANGE_LAST;;1;1;XEUR;72384157581312179;76034;
12.06.2025;13:38:43.203;BAYG SI 20250620 CS;SIMPLE_INSTRUMENT;BLOCK;EUR;59;27.80000000;15000;PRC_DECOMP_MEMBER;;;;XEUR;11197544;76034;MEMBER
12.06.2025;13:38:43.203;BAYG SI 20250919 CS;SIMPLE_INSTRUMENT;BLOCK;EUR;59;27.95100000;15000;PRC_DECOMP_MEMBER;;;;XEUR;11728197;76034;MEMBER
12.06.2025;13:38:54.241;BAYG.S.JUN25.SEP25.SPD;FUTURES_SPREAD;BLOCK;EUR;60;-0.15100000;7000;EXCHANGE_LAST;;1;1;XEUR;72384157581312179;76034;
12.06.2025;13:38:54.241;BAYG SI 20250919 CS;SIMPLE_INSTRUMENT;BLOCK;EUR;60;27.95100000;7000;PRC_DECOMP_MEMBER;;;;XEUR;11728197;76034;MEMBER
12.06.2025;13:38:54.241;BAYG SI 20250620 CS;SIMPLE_INSTRUMENT;BLOCK;EUR;60;27.80000000;7000;PRC_DECOMP_MEMBER;;;;XEUR;11197544;76034;MEMBER
12.06.2025;09:00:38.961;BMW SI 20260320 PS AM P 84.00 0;SIMPLE_INSTRUMENT;BLOCK;EUR;5;11.85000000;500;EXCHANGE_LAST;;1;1;XEUR;12998568;210;
12.06.2025;10:51:30.345;BMW SI 20281215 PS AM P 60.00 0;SIMPLE_INSTRUMENT;BLOCK;EUR;7;8.80000000;500;EXCHANGE_LAST;;1;1;XEUR;10398351;210;
12.06.2025;11:25:07.437;BMW SI 20281215 PS AM P 60.00 0;SIMPLE_INSTRUMENT;BLOCK;EUR;9;8.77000000;1000;EXCHANGE_LAST;;1;1;XEUR;10398351;210;
12.06.2025;15:15:17.209;BMW SI 20250627 PS AM P 73.00 0;SIMPLE_INSTRUMENT;BLOCK;EUR;12;0.50000000;1328;EXCHANGE_LAST;;1;1;XEUR;13405965;210;
12.06.2025;09:10:54.560;BMWF SI 20250620 CS;SIMPLE_INSTRUMENT;BLOCK;EUR;1;75.69500000;11334;EXCHANGE_LAST;;1;3;XEUR;11170639;239;
12.06.2025;14:18:59.572;BPV.O.250612.STG.000001;STANDARD_OPTION_STRATEGY;BLOCK;EUR;12;1.33000000;650;EXCHANGE_LAST;;1;1;XEUR;72058672074719317;251;
12.06.2025;14:18:59.572;BPV SI 20260319 PS AM C 11.00 0;SIMPLE_INSTRUMENT;BLOCK;EUR;12;0.62000000;650;PRC_DECOMP_MEMBER;;;;XEUR;12987923;251;MEMBER
12.06.2025;14:18:59.572;BPV SI 20260319 PS AM P 9.00 0;SIMPLE_INSTRUMENT;BLOCK;EUR;12;0.71000000;650;PRC_DECOMP_MEMBER;;;;XEUR;12987938;251;MEMBER
12.06.2025;07:26:03.883;BSI.O.250612.BUL.000001;STANDARD_OPTION_STRATEGY;BLOCK;EUR;1;4.90000000;250;EXCHANGE_LAST;;1;1;XEUR;72385373057062456;76317;
12.06.2025;07:26:03.883;BSI SI 20250919 PS AM C 140.00 0;SIMPLE_INSTRUMENT;BLOCK;EUR;1;7.81000000;250;PRC_DECOMP_EXCHANGE;;;;XEUR;11912051;76317;EXCHANGE
12.06.2025;07:26:03.883;BSI SI 20250919 PS AM C 160.00 0;SIMPLE_INSTRUMENT;BLOCK;EUR;1;2.91000000;250;PRC_DECOMP_EXCHANGE;;;;XEUR;11912066;76317;EXCHANGE
12.06.2025;12:55:56.771;C4RI SI 20271217 CS;SIMPLE_INSTRUMENT;BLOCK;EUR;49;2.94000000;650;EXCHANGE_LAST;;1;1;XEUR;8408414;50862;
12.06.2025;13:02:03.342;C4RI SI 20261218 CS;SIMPLE_INSTRUMENT;BLOCK;EUR;52;3.09000000;1095;EXCHANGE_LAST;;1;1;XEUR;6821680;50862;
12.06.2025;09:33:36.642;CBK SI 20261218 PS AM P 20.00 0;SIMPLE_INSTRUMENT;BLOCK;EUR;5;2.40000000;75000;EXCHANGE_LAST;;6;5;XEUR;9040227;268;
12.06.2025;09:51:01.575;CBK SI 20271217 PS AM P 16.00 0;SIMPLE_INSTRUMENT;BLOCK;EUR;7;2.06000000;1250;EXCHANGE_LAST;;1;1;XEUR;8776865;268;
12.06.2025;09:12:23.377;CFR FI 20250709 CS EU C 160.7000 0;FLEXIBLE_INSTRUMENT;BLOCK;CHF;27;1.64000000;550;EXCHANGE_LAST;;1;1;XEUR;1152922848931628674;313;
12.06.2025;11:11:43.777;CFRE.O.250612.COMBO.000007;STANDARD_OPTION_STRATEGY;BLOCK;CHF;49;10.05000000;750;EXCHANGE_LAST;;1;1;XEUR;72728162986893733;156129;
12.06.2025;11:11:43.777;CFRE SI 20260320 PS EU C 180.00 0;SIMPLE_INSTRUMENT;BLOCK;CHF;49;5.63000000;750;PRC_DECOMP_EXCHANGE;;;;XEUR;13039010;156129;EXCHANGE
12.06.2025;11:11:43.777;CFRE SI 20260320 PS EU P 150.00 0;SIMPLE_INSTRUMENT;BLOCK;CHF;49;15.68000000;750;PRC_DECOMP_EXCHANGE;;;;XEUR;13039045;156129;EXCHANGE
12.06.2025;09:00:28.333;CGM.O.250612.BLT.000004;STANDARD_OPTION_STRATEGY;BLOCK;EUR;2;6.15000000;400;EXCHANGE_LAST;;1;2;XEUR;72058955542573622;317;
12.06.2025;09:00:28.333;CGM SI 20250620 PS AM C 160.00 0;SIMPLE_INSTRUMENT;BLOCK;EUR;2;0.18000000;400;PRC_DECOMP_EXCHANGE;;;;XEUR;7900818;317;EXCHANGE
12.06.2025;09:00:28.333;CGM SI 20250919 PS AM C 160.00 0;SIMPLE_INSTRUMENT;BLOCK;EUR;2;6.33000000;400;PRC_DECOMP_EXCHANGE;;;;XEUR;11876466;317;EXCHANGE
12.06.2025;09:35:53.592;CNYA SI 20251219 PS AM C 5.75 0;SIMPLE_INSTRUMENT;BLOCK;USD;1;0.02000000;472;EXCHANGE_LAST;;1;1;XEUR;12494147;666868;
12.06.2025;09:36:28.111;CNYA SI 20251219 PS AM C 4.75 0;SIMPLE_INSTRUMENT;BLOCK;USD;2;0.28000000;472;EXCHANGE_LAST;;1;1;XEUR;12494140;666868;
12.06.2025;09:36:57.586;CNYA SI 20250620 PS AM C 5.50 0;SIMPLE_INSTRUMENT;BLOCK;USD;3;0.01000000;586;EXCHANGE_LAST;;1;1;XEUR;13366503;666868;
12.06.2025;07:39:22.604;CRI5 SI 20250918 PS AM P 38.00 0;SIMPLE_INSTRUMENT;BLOCK;EUR;2;0.33800000;1000;EXCHANGE_LAST;;1;1;XEUR;11863130;320;
12.06.2025;07:39:25.188;CRI5 SI 20261217 PS AM P 38.00 0;SIMPLE_INSTRUMENT;BLOCK;EUR;3;2.69200000;1500;EXCHANGE_LAST;;1;1;XEUR;12762036;320;
12.06.2025;14:46:38.824;CRI5 SI 20261217 PS AM P 50.00 0;SIMPLE_INSTRUMENT;BLOCK;EUR;19;6.50000000;2000;EXCHANGE_LAST;;1;2;XEUR;12762046;320;
12.06.2025;14:56:47.977;CRI5 SI 20270617 PS AM P 52.00 0;SIMPLE_INSTRUMENT;BLOCK;EUR;20;8.49000000;2000;EXCHANGE_LAST;;2;1;XEUR;11337320;320;
12.06.2025;08:51:33.120;DBK SI 20251219 PS AM C 22.00 0;SIMPLE_INSTRUMENT;BLOCK;EUR;3;3.86000000;5000;EXCHANGE_LAST;;1;1;XEUR;7543440;362;
12.06.2025;12:22:45.245;DBK SI 20260619 PS AM P 20.00 0;SIMPLE_INSTRUMENT;BLOCK;EUR;14;1.65000000;2500;EXCHANGE_LAST;;1;1;XEUR;10253252;362;
12.06.2025;13:57:48.362;DPW.O.250612.CDIA.000005;STANDARD_OPTION_STRATEGY;BLOCK;EUR;16;-0.45000000;2000;EXCHANGE_LAST;;1;1;XEUR;72059505298417852;445;
12.06.2025;13:57:48.362;DPW SI 20250718 PS AM C 42.00 0;SIMPLE_INSTRUMENT;BLOCK;EUR;16;0.93000000;2000;PRC_DECOMP_EXCHANGE;;;;XEUR;13305429;445;EXCHANGE
12.06.2025;13:57:48.362;DPW SI 20250620 PS AM C 40.00 0;SIMPLE_INSTRUMENT;BLOCK;EUR;16;1.38000000;2000;PRC_DECOMP_EXCHANGE;;;;XEUR;7902462;445;EXCHANGE
12.06.2025;14:04:46.543;DPW SI 20271217 PS AM P 36.00 0;SIMPLE_INSTRUMENT;BLOCK;EUR;18;3.90000000;2000;EXCHANGE_LAST;;1;1;XEUR;8780220;445;
12.06.2025;07:23:20.345;DTE SI 20250620 PS AM P 33.00 0;SIMPLE_INSTRUMENT;BLOCK;EUR;1;0.95000000;1880;EXCHANGE_LAST;;1;1;XEUR;12038061;424;
12.06.2025;08:47:16.376;DTE.O.250612.COMBO.000006;STANDARD_OPTION_STRATEGY;BLOCK;EUR;7;1.08000000;4000;EXCHANGE_LAST;;2;1;XEUR;72059415104109815;424;
12.06.2025;08:47:16.376;DTE SI 20250620 PS AM P 33.00 0;SIMPLE_INSTRUMENT;BLOCK;EUR;7;1.16000000;4000;PRC_DECOMP_EXCHANGE;;;;XEUR;12038061;424;EXCHANGE
12.06.2025;08:47:16.376;DTE SI 20250620 PS AM C 34.00 0;SIMPLE_INSTRUMENT;BLOCK;EUR;7;0.08000000;4000;PRC_DECOMP_EXCHANGE;;;;XEUR;11356822;424;EXCHANGE
12.06.2025;09:06:35.689;DTE SI 20250919 PS AM P 31.00 0;SIMPLE_INSTRUMENT;BLOCK;EUR;8;0.98000000;7000;EXCHANGE_LAST;;2;2;XEUR;12795510;424;
12.06.2025;10:22:00.587;DTE.O.250612.COMBO.000010;STANDARD_OPTION_STRATEGY;BLOCK;EUR;10;-0.23000000;1500;EXCHANGE_LAST;;1;1;XEUR;72059415104109819;424;
12.06.2025;10:22:00.587;DTE SI 20250620 PS AM C 32.00 0;SIMPLE_INSTRUMENT;BLOCK;EUR;10;0.38000000;1500;PRC_DECOMP_EXCHANGE;;;;XEUR;7976636;424;EXCHANGE
12.06.2025;10:22:00.587;DTE SI 20250620 PS AM P 31.00 0;SIMPLE_INSTRUMENT;BLOCK;EUR;10;0.15000000;1500;PRC_DECOMP_EXCHANGE;;;;XEUR;13002072;424;EXCHANGE
12.06.2025;10:50:06.918;DTE.O.250612.BUL.000012;STANDARD_OPTION_STRATEGY;BLOCK;EUR;13;0.33000000;2000;EXCHANGE_LAST;;1;1;XEUR;72059415104109821;424;
12.06.2025;10:50:06.918;DTE SI 20250620 PS AM C 32.00 0;SIMPLE_INSTRUMENT;BLOCK;EUR;13;0.34000000;2000;PRC_DECOMP_EXCHANGE;;;;XEUR;7976636;424;EXCHANGE
12.06.2025;10:50:06.918;DTE SI 20250620 PS AM C 34.00 0;SIMPLE_INSTRUMENT;BLOCK;EUR;13;0.01000000;2000;PRC_DECOMP_EXCHANGE;;;;XEUR;11356822;424;EXCHANGE
12.06.2025;11:18:20.173;DTE SI 20250620 PS AM C 34.00 0;SIMPLE_INSTRUMENT;BLOCK;EUR;14;0.02000000;6000;EXCHANGE_LAST;;2;2;XEUR;11356822;424;
12.06.2025;13:26:14.306;DTE.O.250612.BU23.000017;STANDARD_OPTION_STRATEGY;BLOCK;EUR;15;-2.78000000;3000;EXCHANGE_LAST;;1;1;XEUR;72059415104109826;424;
12.06.2025;13:26:14.306;DTE SI 20251219 PS AM C 38.00 0;SIMPLE_INSTRUMENT;BLOCK;EUR;15;0.28000000;9000;PRC_DECOMP_EXCHANGE;;;;XEUR;12409334;424;EXCHANGE
12.06.2025;13:26:14.306;DTE SI 20251219 PS AM C 32.00 0;SIMPLE_INSTRUMENT;BLOCK;EUR;15;1.81000000;6000;PRC_DECOMP_EXCHANGE;;;;XEUR;7834488;424;EXCHANGE
12.06.2025;14:14:58.477;DTE SI 20250815 PS AM C 33.50 0;SIMPLE_INSTRUMENT;BLOCK;EUR;17;0.47000000;10000;EXCHANGE_LAST;;4;2;XEUR;13408657;424;
12.06.2025;14:23:13.667;DTE SI 20250620 PS AM P 31.00 0;SIMPLE_INSTRUMENT;BLOCK;EUR;19;0.27000000;1711;EXCHANGE_LAST;;1;1;XEUR;13002072;424;
12.06.2025;15:09:26.762;DTE SI 20250620 PS AM P 30.00 0;SIMPLE_INSTRUMENT;BLOCK;EUR;20;0.07000000;7000;EXCHANGE_LAST;;1;3;XEUR;11356792;424;
12.06.2025;15:29:33.831;DTE SI 20251219 PS AM P 30.00 0;SIMPLE_INSTRUMENT;BLOCK;EUR;21;1.13000000;3000;EXCHANGE_LAST;;1;1;XEUR;12052911;424;
12.06.2025;15:35:41.300;DTE SI 20250815 PS AM C 33.50 0;SIMPLE_INSTRUMENT;BLOCK;EUR;22;0.42000000;13985;EXCHANGE_LAST;;1;1;XEUR;13408657;424;
12.06.2025;15:41:16.348;DTE SI 20250815 PS AM C 33.50 0;SIMPLE_INSTRUMENT;BLOCK;EUR;23;0.41000000;2865;EXCHANGE_LAST;;1;1;XEUR;13408657;424;
12.06.2025;15:36:15.541;DTE SI 20250620 PS AM C 34.00 0;SIMPLE_INSTRUMENT;BLOCK;EUR;24;0.02000000;16837;EXCHANGE_LAST;;1;1;XEUR;11356822;424;
12.06.2025;15:28:48.568;DTEF SI 20250919 CS;SIMPLE_INSTRUMENT;BLOCK;EUR;77;31.58400000;7500;EXCHANGE_LAST;;1;1;XEUR;11703581;430;
12.06.2025;15:04:21.102;DUFN SI 20261218 PS AM P 40.00 0;SIMPLE_INSTRUMENT;BLOCK;CHF;70;4.15000000;1000;EXCHANGE_LAST;;2;1;XEUR;12438790;418;
12.06.2025;15:33:33.769;E2NL SI 20281215 CS;SIMPLE_INSTRUMENT;BLOCK;EUR;79;0.42700000;1500;EXCHANGE_LAST;;1;1;XEUR;6802276;471;
12.06.2025;15:33:41.420;E2NL SI 20281215 CS;SIMPLE_INSTRUMENT;BLOCK;EUR;80;0.42800000;1500;EXCHANGE_LAST;;1;1;XEUR;6802276;471;
12.06.2025;11:02:11.886;E2NT.S.DEC27.DEC28.SPD;FUTURES_SPREAD;BLOCK;EUR;24;0.09500000;500;EXCHANGE_LAST;;1;1;XEUR;72059612672557097;470;
12.06.2025;11:02:11.886;E2NT SI 20281215 CS;SIMPLE_INSTRUMENT;BLOCK;EUR;24;0.82000000;500;PRC_DECOMP_MEMBER;;;;XEUR;6802271;470;MEMBER
12.06.2025;11:02:11.886;E2NT SI 20271217 CS;SIMPLE_INSTRUMENT;BLOCK;EUR;24;0.91500000;500;PRC_DECOMP_MEMBER;;;;XEUR;5914575;470;MEMBER
12.06.2025;13:39:27.738;E2NT SI 20271217 CS;SIMPLE_INSTRUMENT;BLOCK;EUR;58;0.92200000;500;EXCHANGE_LAST;;1;2;XEUR;5914575;470;
12.06.2025;13:39:48.791;E2NT SI 20271217 CS;SIMPLE_INSTRUMENT;BLOCK;EUR;61;0.92300000;500;EXCHANGE_LAST;;1;2;XEUR;5914575;470;
12.06.2025;10:02:39.388;ENR SI 20250718 PS AM C 90.00 0;SIMPLE_INSTRUMENT;BLOCK;EUR;9;3.02000000;2000;EXCHANGE_LAST;;1;1;XEUR;13335300;298530;
12.06.2025;10:26:35.565;F3TE SI 20271217 CS;SIMPLE_INSTRUMENT;BLOCK;EUR;15;0.71000000;1000;EXCHANGE_LAST;;1;1;XEUR;6633916;390379;
12.06.2025;13:34:46.254;F3TE SI 20271217 CS;SIMPLE_INSTRUMENT;BLOCK;EUR;57;0.71000000;750;EXCHANGE_LAST;;1;1;XEUR;6633916;390379;
12.06.2025;07:55:24.518;FBTP SI 20250908 PS;SIMPLE_INSTRUMENT;EFP_FIN;EUR;1;121.34000000;479;EXCHANGE_LAST;;1;1;XEUR;12372474;636;
12.06.2025;08:04:27.912;FBTP SI 20250908 PS;SIMPLE_INSTRUMENT;EFP_FIN;EUR;2;121.28000000;138;EXCHANGE_LAST;;1;1;XEUR;12372474;636;
12.06.2025;08:12:07.272;FBTP SI 20250908 PS;SIMPLE_INSTRUMENT;EFP_FIN;EUR;3;121.40000000;1126;EXCHANGE_LAST;;1;1;XEUR;12372474;636;
12.06.2025;08:31:02.108;FBTP SI 20250908 PS;SIMPLE_INSTRUMENT;EFP_FIN;EUR;4;121.35000000;120;EXCHANGE_LAST;;1;1;XEUR;12372474;636;
12.06.2025;08:45:52.764;FBTP SI 20250908 PS;SIMPLE_INSTRUMENT;EFP_FIN;EUR;5;121.45000000;491;EXCHANGE_LAST;;1;1;XEUR;12372474;636;
12.06.2025;09:02:21.932;FBTP SI 20250908 PS;SIMPLE_INSTRUMENT;EFP_FIN;EUR;6;121.46000000;545;EXCHANGE_LAST;;1;1;XEUR;12372474;636;
12.06.2025;09:06:40.814;FBTP SI 20250908 PS;SIMPLE_INSTRUMENT;EFP_FIN;EUR;7;121.40000000;69;EXCHANGE_LAST;;1;1;XEUR;12372474;636;
12.06.2025;09:06:20.918;FBTP SI 20250908 PS;SIMPLE_INSTRUMENT;EFP_FIN;EUR;8;121.40000000;137;EXCHANGE_LAST;;1;1;XEUR;12372474;636;
12.06.2025;09:06:44.945;FBTP SI 20250908 PS;SIMPLE_INSTRUMENT;EFP_FIN;EUR;9;121.40000000;676;EXCHANGE_LAST;;1;1;XEUR;12372474;636;
12.06.2025;09:07:03.725;FBTP SI 20250908 PS;SIMPLE_INSTRUMENT;EFP_FIN;EUR;10;121.35000000;470;EXCHANGE_LAST;;1;1;XEUR;12372474;636;
12.06.2025;09:40:20.210;FBTP SI 20250908 PS;SIMPLE_INSTRUMENT;EFP_FIN;EUR;11;121.37000000;311;EXCHANGE_LAST;;1;1;XEUR;12372474;636;
12.06.2025;09:43:35.220;FBTP SI 20250908 PS;SIMPLE_INSTRUMENT;EFP_FIN;EUR;12;121.42000000;524;EXCHANGE_LAST;;1;1;XEUR;12372474;636;
12.06.2025;09:51:15.286;FBTP SI 20250908 PS;SIMPLE_INSTRUMENT;EFP_FIN;EUR;13;121.44000000;934;EXCHANGE_LAST;;1;1;XEUR;12372474;636;
12.06.2025;10:08:48.632;FBTP SI 20250908 PS;SIMPLE_INSTRUMENT;EFP_FIN;EUR;14;121.51000000;788;EXCHANGE_LAST;;1;1;XEUR;12372474;636;
12.06.2025;10:30:22.518;FBTP SI 20250908 PS;SIMPLE_INSTRUMENT;EFP_FIN;EUR;15;121.44000000;138;EXCHANGE_LAST;;1;1;XEUR;12372474;636;
12.06.2025;10:32:56.902;FBTP SI 20250908 PS;SIMPLE_INSTRUMENT;EFP_FIN;EUR;16;121.48000000;860;EXCHANGE_LAST;;1;1;XEUR;12372474;636;
12.06.2025;10:51:40.682;FBTP SI 20250908 PS;SIMPLE_INSTRUMENT;EFP_FIN;EUR;17;121.55000000;127;EXCHANGE_LAST;;1;1;XEUR;12372474;636;
12.06.2025;10:54:45.173;FBTP SI 20250908 PS;SIMPLE_INSTRUMENT;EFP_FIN;EUR;18;121.57000000;901;EXCHANGE_LAST;;1;1;XEUR;12372474;636;
12.06.2025;10:55:27.522;FBTP SI 20250908 PS;SIMPLE_INSTRUMENT;EFP_FIN;EUR;19;121.48000000;205;EXCHANGE_LAST;;1;1;XEUR;12372474;636;
12.06.2025;10:56:57.090;FBTP SI 20250908 PS;SIMPLE_INSTRUMENT;EFP_FIN;EUR;20;121.57000000;934;EXCHANGE_LAST;;1;1;XEUR;12372474;636;
12.06.2025;11:02:22.105;FBTP SI 20250908 PS;SIMPLE_INSTRUMENT;EFP_FIN;EUR;21;121.50000000;462;EXCHANGE_LAST;;1;1;XEUR;12372474;636;
12.06.2025;11:10:53.752;FBTP SI 20250908 PS;SIMPLE_INSTRUMENT;BLOCK;EUR;22;121.50000000;430;EXCHANGE_LAST;;1;1;XEUR;12372474;636;
12.06.2025;11:37:23.981;FBTP SI 20250908 PS;SIMPLE_INSTRUMENT;EFP_FIN;EUR;23;121.54000000;2579;EXCHANGE_LAST;;1;1;XEUR;12372474;636;
12.06.2025;11:48:50.077;FBTP SI 20250908 PS;SIMPLE_INSTRUMENT;BLOCK;EUR;24;121.40000000;437;EXCHANGE_LAST;;1;1;XEUR;12372474;636;
12.06.2025;12:14:39.136;FBTP SI 20250908 PS;SIMPLE_INSTRUMENT;EFP_FIN;EUR;25;121.36000000;206;EXCHANGE_LAST;;1;1;XEUR;12372474;636;
12.06.2025;12:19:32.902;FBTP SI 20250908 PS;SIMPLE_INSTRUMENT;EFS;EUR;26;121.40000000;112;EXCHANGE_LAST;;1;1;XEUR;12372474;636;
12.06.2025;12:43:10.252;FBTP SI 20250908 PS;SIMPLE_INSTRUMENT;EFP_FIN;EUR;27;121.37000000;215;EXCHANGE_LAST;;1;1;XEUR;12372474;636;
12.06.2025;13:00:14.367;FBTP SI 20250908 PS;SIMPLE_INSTRUMENT;BLOCK;EUR;28;121.39000000;256;EXCHANGE_LAST;;1;1;XEUR;12372474;636;
12.06.2025;13:14:13.359;FBTP SI 20250908 PS;SIMPLE_INSTRUMENT;BLOCK;EUR;29;121.50000000;1075;EXCHANGE_LAST;;1;1;XEUR;12372474;636;
12.06.2025;13:16:27.708;FBTP SI 20250908 PS;SIMPLE_INSTRUMENT;EFP_FIN;EUR;30;121.46000000;143;EXCHANGE_LAST;;1;1;XEUR;12372474;636;
12.06.2025;13:19:01.548;FBTP SI 20250908 PS;SIMPLE_INSTRUMENT;EFP_FIN;EUR;31;121.41000000;467;EXCHANGE_LAST;;1;1;XEUR;12372474;636;
12.06.2025;13:19:54.450;FBTP SI 20250908 PS;SIMPLE_INSTRUMENT;EFP_FIN;EUR;32;121.33000000;980;EXCHANGE_LAST;;1;1;XEUR;12372474;636;
12.06.2025;13:22:12.583;FBTP SI 20250908 PS;SIMPLE_INSTRUMENT;BLOCK;EUR;33;121.47000000;700;EXCHANGE_LAST;;1;1;XEUR;12372474;636;
12.06.2025;13:29:56.319;FBTP SI 20250908 PS;SIMPLE_INSTRUMENT;EFP_FIN;EUR;34;121.50000000;296;EXCHANGE_LAST;;1;1;XEUR;12372474;636;
12.06.2025;13:31:38.680;FBTP SI 20250908 PS;SIMPLE_INSTRUMENT;EFP_FIN;EUR;35;121.50000000;934;EXCHANGE_LAST;;1;1;XEUR;12372474;636;
12.06.2025;13:34:25.440;FBTP SI 20250908 PS;SIMPLE_INSTRUMENT;EFP_FIN;EUR;36;121.51000000;2888;EXCHANGE_LAST;;1;1;XEUR;12372474;636;
12.06.2025;13:37:33.927;FBTP SI 20250908 PS;SIMPLE_INSTRUMENT;EFP_FIN;EUR;37;121.42000000;467;EXCHANGE_LAST;;1;1;XEUR;12372474;636;
12.06.2025;14:08:01.322;FBTP SI 20250908 PS;SIMPLE_INSTRUMENT;EFP_FIN;EUR;38;121.39000000;1027;EXCHANGE_LAST;;1;1;XEUR;12372474;636;
12.06.2025;14:43:00.004;FBTP SI 20250908 PS;SIMPLE_INSTRUMENT;EFP_FIN;EUR;39;121.46000000;430;EXCHANGE_LAST;;1;1;XEUR;12372474;636;
12.06.2025;14:48:31.201;FBTP SI 20250908 PS;SIMPLE_INSTRUMENT;EFP_FIN;EUR;40;121.43000000;847;EXCHANGE_LAST;;1;1;XEUR;12372474;636;
12.06.2025;14:59:42.031;FBTP SI 20250908 PS;SIMPLE_INSTRUMENT;EFP_FIN;EUR;41;121.42000000;847;EXCHANGE_LAST;;1;1;XEUR;12372474;636;
12.06.2025;15:11:47.579;FBTP SI 20250908 PS;SIMPLE_INSTRUMENT;EFP_FIN;EUR;42;121.40000000;2150;EXCHANGE_LAST;;1;1;XEUR;12372474;636;
12.06.2025;15:13:09.102;FBTP SI 20250908 PS;SIMPLE_INSTRUMENT;EFP_FIN;EUR;43;121.42000000;280;EXCHANGE_LAST;;1;1;XEUR;12372474;636;
12.06.2025;15:20:10.634;FBTP SI 20250908 PS;SIMPLE_INSTRUMENT;BLOCK;EUR;44;121.45000000;2149;EXCHANGE_LAST;;1;1;XEUR;12372474;636;
12.06.2025;15:22:49.982;FBTP SI 20250908 PS;SIMPLE_INSTRUMENT;EFP_FIN;EUR;45;121.44000000;170;EXCHANGE_LAST;;1;1;XEUR;12372474;636;
12.06.2025;15:24:52.195;FBTP SI 20250908 PS;SIMPLE_INSTRUMENT;EFP_FIN;EUR;46;121.44000000;212;EXCHANGE_LAST;;1;1;XEUR;12372474;636;
12.06.2025;15:35:27.639;FBTP SI 20250908 PS;SIMPLE_INSTRUMENT;EFP_FIN;EUR;47;121.42000000;430;EXCHANGE_LAST;;1;1;XEUR;12372474;636;
12.06.2025;15:35:27.639;FBTP SI 20250908 PS;SIMPLE_INSTRUMENT;EFP_FIN;EUR;48;121.42000000;1289;EXCHANGE_LAST;;1;1;XEUR;12372474;636;
12.06.2025;15:37:11.441;FBTP SI 20250908 PS;SIMPLE_INSTRUMENT;EFP_FIN;EUR;49;121.44000000;93;EXCHANGE_LAST;;1;1;XEUR;12372474;636;
12.06.2025;15:39:24.952;FBTP SI 20250908 PS;SIMPLE_INSTRUMENT;EFP_FIN;EUR;50;121.44000000;92;EXCHANGE_LAST;;1;1;XEUR;12372474;636;
12.06.2025;15:42:46.057;FBTP SI 20250908 PS;SIMPLE_INSTRUMENT;BLOCK;EUR;51;121.47000000;685;EXCHANGE_LAST;;1;1;XEUR;12372474;636;
12.06.2025;15:50:24.059;FBTP SI 20250908 PS;SIMPLE_INSTRUMENT;EFP_FIN;EUR;52;121.42000000;568;EXCHANGE_LAST;;1;1;XEUR;12372474;636;
12.06.2025;15:54:10.209;FBTP SI 20250908 PS;SIMPLE_INSTRUMENT;EFP_FIN;EUR;53;121.42000000;280;EXCHANGE_LAST;;1;1;XEUR;12372474;636;
12.06.2025;07:35:19.269;FBTS SI 20250908 PS;SIMPLE_INSTRUMENT;EFP_FIN;EUR;14;107.94000000;477;EXCHANGE_LAST;;1;1;XEUR;12372476;639;
12.06.2025;07:49:45.132;FBTS SI 20250908 PS;SIMPLE_INSTRUMENT;EFP_FIN;EUR;17;107.94000000;596;EXCHANGE_LAST;;1;1;XEUR;12372476;639;
12.06.2025;09:21:11.955;FBTS SI 20250908 PS;SIMPLE_INSTRUMENT;EFP_FIN;EUR;26;107.94500000;298;EXCHANGE_LAST;;1;1;XEUR;12372476;639;
12.06.2025;09:26:46.423;FBTS SI 20250908 PS;SIMPLE_INSTRUMENT;EFP_FIN;EUR;27;107.94500000;215;EXCHANGE_LAST;;1;1;XEUR;12372476;639;
12.06.2025;09:30:06.852;FBTS SI 20250908 PS;SIMPLE_INSTRUMENT;EFP_FIN;EUR;28;107.94500000;720;EXCHANGE_LAST;;1;1;XEUR;12372476;639;
12.06.2025;09:50:30.690;FBTS SI 20250908 PS;SIMPLE_INSTRUMENT;EFP_FIN;EUR;29;107.94500000;1192;EXCHANGE_LAST;;1;1;XEUR;12372476;639;
12.06.2025;09:59:18.300;FBTS SI 20250908 PS;SIMPLE_INSTRUMENT;EFP_FIN;EUR;30;107.99000000;1875;EXCHANGE_LAST;;1;1;XEUR;12372476;639;
12.06.2025;10:05:31.721;FBTS SI 20250908 PS;SIMPLE_INSTRUMENT;EFP_FIN;EUR;31;107.99000000;1074;EXCHANGE_LAST;;1;1;XEUR;12372476;639;
12.06.2025;10:27:45.243;FBTS SI 20250908 PS;SIMPLE_INSTRUMENT;EFP_FIN;EUR;32;107.97500000;1271;EXCHANGE_LAST;;1;1;XEUR;12372476;639;
12.06.2025;10:33:05.678;FBTS SI 20250908 PS;SIMPLE_INSTRUMENT;EFP_FIN;EUR;33;107.99000000;275;EXCHANGE_LAST;;1;1;XEUR;12372476;639;
12.06.2025;10:33:05.678;FBTS SI 20250908 PS;SIMPLE_INSTRUMENT;EFP_FIN;EUR;34;107.99000000;1091;EXCHANGE_LAST;;1;1;XEUR;12372476;639;
12.06.2025;10:41:40.377;FBTS SI 20250908 PS;SIMPLE_INSTRUMENT;BLOCK;EUR;36;107.98500000;4000;EXCHANGE_LAST;;1;1;XEUR;12372476;639;
12.06.2025;10:43:03.136;FBTS SI 20250908 PS;SIMPLE_INSTRUMENT;EFP_FIN;EUR;37;107.99000000;3375;EXCHANGE_LAST;;1;1;XEUR;12372476;639;
12.06.2025;11:05:52.234;FBTS SI 20250908 PS;SIMPLE_INSTRUMENT;BLOCK;EUR;38;107.97500000;303;EXCHANGE_LAST;;1;1;XEUR;12372476;639;
12.06.2025;11:14:41.160;FBTS SI 20250908 PS;SIMPLE_INSTRUMENT;EFP_FIN;EUR;39;107.97500000;1920;EXCHANGE_LAST;;1;1;XEUR;12372476;639;
12.06.2025;11:25:47.914;FBTS SI 20250908 PS;SIMPLE_INSTRUMENT;BLOCK;EUR;40;107.99000000;1406;EXCHANGE_LAST;;1;1;XEUR;12372476;639;
12.06.2025;12:18:32.497;FBTS SI 20250908 PS;SIMPLE_INSTRUMENT;BLOCK;EUR;42;107.95000000;3441;EXCHANGE_LAST;;1;1;XEUR;12372476;639;
12.06.2025;12:25:20.198;FBTS SI 20250908 PS;SIMPLE_INSTRUMENT;EFP_FIN;EUR;43;107.97500000;1920;EXCHANGE_LAST;;1;1;XEUR;12372476;639;
12.06.2025;12:28:22.863;FBTS SI 20250908 PS;SIMPLE_INSTRUMENT;EFP_FIN;EUR;44;107.98500000;1831;EXCHANGE_LAST;;1;1;XEUR;12372476;639;
12.06.2025;12:39:21.373;FBTS SI 20250908 PS;SIMPLE_INSTRUMENT;EFP_FIN;EUR;45;107.95000000;751;EXCHANGE_LAST;;1;1;XEUR;12372476;639;
12.06.2025;12:39:23.819;FBTS SI 20250908 PS;SIMPLE_INSTRUMENT;BLOCK;EUR;46;107.95000000;240;EXCHANGE_LAST;;1;1;XEUR;12372476;639;
12.06.2025;13:14:58.828;FBTS SI 20250908 PS;SIMPLE_INSTRUMENT;BLOCK;EUR;48;107.99000000;703;EXCHANGE_LAST;;1;1;XEUR;12372476;639;
12.06.2025;14:24:23.063;FBTS SI 20250908 PS;SIMPLE_INSTRUMENT;EFP_FIN;EUR;50;107.97000000;188;EXCHANGE_LAST;;1;1;XEUR;12372476;639;
12.06.2025;14:30:24.620;FBTS SI 20250908 PS;SIMPLE_INSTRUMENT;EFP_FIN;EUR;53;107.98000000;238;EXCHANGE_LAST;;1;1;XEUR;12372476;639;
12.06.2025;14:43:47.478;FBTS SI 20250908 PS;SIMPLE_INSTRUMENT;BLOCK;EUR;55;107.97000000;375;EXCHANGE_LAST;;1;1;XEUR;12372476;639;
12.06.2025;15:12:16.988;FBTS SI 20250908 PS;SIMPLE_INSTRUMENT;EFP_FIN;EUR;56;107.98000000;120;EXCHANGE_LAST;;1;1;XEUR;12372476;639;
12.06.2025;14:35:08.324;FCEF SI 20250915 PS;SIMPLE_INSTRUMENT;BLOCK;CHF;1;0.93490000;321;EXCHANGE_LAST;;1;1;XEUR;9985448;369374;
12.06.2025;14:35:37.280;FCEF SI 20250915 PS;SIMPLE_INSTRUMENT;BLOCK;CHF;2;0.93490000;22;EXCHANGE_LAST;;1;1;XEUR;9985448;369374;
12.06.2025;14:37:06.447;FCEF SI 20250915 PS;SIMPLE_INSTRUMENT;BLOCK;CHF;3;0.93490000;1758;EXCHANGE_LAST;;1;1;XEUR;9985448;369374;
12.06.2025;14:39:29.878;FCEF SI 20250616 PS;SIMPLE_INSTRUMENT;BLOCK;CHF;4;0.93998000;22;EXCHANGE_LAST;;1;1;XEUR;7879013;369374;
12.06.2025;14:40:05.953;FCEF SI 20250616 PS;SIMPLE_INSTRUMENT;BLOCK;CHF;5;0.93998000;321;EXCHANGE_LAST;;1;1;XEUR;7879013;369374;
12.06.2025;14:43:18.463;FCEF SI 20250616 PS;SIMPLE_INSTRUMENT;BLOCK;CHF;6;0.93998000;1758;EXCHANGE_LAST;;1;1;XEUR;7879013;369374;
12.06.2025;07:41:32.673;FDAX SI 20250620 CS;SIMPLE_INSTRUMENT;VOLA;EUR;671088643;23740.00000000;18;EXCHANGE_LAST;;1;1;XEUR;7903800;589;
12.06.2025;14:52:14.805;FDAX SI 20250620 CS;SIMPLE_INSTRUMENT;VOLA;EUR;671088656;23885.00000000;13;EXCHANGE_LAST;;1;1;XEUR;7903800;589;
12.06.2025;15:15:02.458;FDAX SI 20250620 CS;SIMPLE_INSTRUMENT;VOLA;EUR;671088660;23861.00000000;17;EXCHANGE_LAST;;1;1;XEUR;7903800;589;
12.06.2025;15:27:35.606;FDAX SI 20250620 CS;SIMPLE_INSTRUMENT;VOLA;EUR;671088662;23860.00000000;41;EXCHANGE_LAST;;1;1;XEUR;7903800;589;
12.06.2025;15:52:34.030;FDAX SI 20250620 CS;SIMPLE_INSTRUMENT;VOLA;EUR;671088674;23812.00000000;11;EXCHANGE_LAST;;1;1;XEUR;7903800;589;
12.06.2025;15:52:37.669;FDAX SI 20250620 CS;SIMPLE_INSTRUMENT;VOLA;EUR;671088675;23812.00000000;15;EXCHANGE_LAST;;1;1;XEUR;7903800;589;
12.06.2025;15:52:41.253;FDAX SI 20250620 CS;SIMPLE_INSTRUMENT;VOLA;EUR;671088678;23812.00000000;8;EXCHANGE_LAST;;1;1;XEUR;7903800;589;
12.06.2025;15:52:44.717;FDAX SI 20250620 CS;SIMPLE_INSTRUMENT;VOLA;EUR;671088679;23812.00000000;3;EXCHANGE_LAST;;1;1;XEUR;7903800;589;
12.06.2025;15:52:48.253;FDAX SI 20250620 CS;SIMPLE_INSTRUMENT;VOLA;EUR;671088680;23812.00000000;10;EXCHANGE_LAST;;1;1;XEUR;7903800;589;
12.06.2025;15:52:51.829;FDAX SI 20250620 CS;SIMPLE_INSTRUMENT;VOLA;EUR;671088681;23812.00000000;3;EXCHANGE_LAST;;1;1;XEUR;7903800;589;
12.06.2025;07:10:03.081;FECX.S.JUN25.SEP25.SPD;FUTURES_SPREAD;BLOCK;EUR;1;-0.70000000;500;EXCHANGE_LAST;;1;1;XEUR;73819209234120732;410158;
12.06.2025;07:10:03.081;FECX SI 20250919 CS;SIMPLE_INSTRUMENT;BLOCK;EUR;1;168.71000000;500;PRC_DECOMP_MEMBER;;;;XEUR;12517647;410158;MEMBER
12.06.2025;07:10:03.081;FECX SI 20250620 CS;SIMPLE_INSTRUMENT;BLOCK;EUR;1;168.01000000;500;PRC_DECOMP_MEMBER;;;;XEUR;11949125;410158;MEMBER
12.06.2025;08:45:49.958;FECX.S.JUN25.SEP25.SPD;FUTURES_SPREAD;BLOCK;EUR;9;-0.90000000;800;EXCHANGE_LAST;;1;1;XEUR;73819209234120732;410158;
12.06.2025;08:45:49.958;FECX SI 20250620 CS;SIMPLE_INSTRUMENT;BLOCK;EUR;9;168.10000000;800;PRC_DECOMP_MEMBER;;;;XEUR;11949125;410158;MEMBER
12.06.2025;08:45:49.958;FECX SI 20250919 CS;SIMPLE_INSTRUMENT;BLOCK;EUR;9;169.00000000;800;PRC_DECOMP_MEMBER;;;;XEUR;12517647;410158;MEMBER
12.06.2025;09:51:07.836;FECX.S.JUN25.SEP25.SPD;FUTURES_SPREAD;BLOCK;EUR;17;-0.84000000;34;EXCHANGE_LAST;;1;1;XEUR;73819209234120732;410158;
12.06.2025;09:51:07.836;FECX SI 20250919 CS;SIMPLE_INSTRUMENT;BLOCK;EUR;17;169.14000000;34;PRC_DECOMP_MEMBER;;;;XEUR;12517647;410158;MEMBER
12.06.2025;09:51:07.836;FECX SI 20250620 CS;SIMPLE_INSTRUMENT;BLOCK;EUR;17;168.30000000;34;PRC_DECOMP_MEMBER;;;;XEUR;11949125;410158;MEMBER
12.06.2025;08:58:34.141;FEDV.S.JUN25.SEP25.SPD;FUTURES_SPREAD;BLOCK;EUR;10;5.90000000;5000;EXCHANGE_LAST;;1;2;XEUR;72060153838436448;596;
12.06.2025;08:58:34.141;FEDV SI 20250919 CS;SIMPLE_INSTRUMENT;BLOCK;EUR;10;1968.00000000;5000;PRC_DECOMP_EXCHANGE;;;;XEUR;12441554;596;EXCHANGE
12.06.2025;08:58:34.141;FEDV SI 20250620 CS;SIMPLE_INSTRUMENT;BLOCK;EUR;10;1973.90000000;5000;PRC_DECOMP_EXCHANGE;;;;XEUR;11880642;596;EXCHANGE
12.06.2025;14:10:19.564;FEDV.S.JUN25.SEP25.SPD;FUTURES_SPREAD;BLOCK;EUR;35;5.80000000;1000;EXCHANGE_LAST;;1;1;XEUR;72060153838436448;596;
12.06.2025;14:10:19.564;FEDV SI 20250620 CS;SIMPLE_INSTRUMENT;BLOCK;EUR;35;1978.00000000;1000;PRC_DECOMP_MEMBER;;;;XEUR;11880642;596;MEMBER
12.06.2025;14:10:19.564;FEDV SI 20250919 CS;SIMPLE_INSTRUMENT;BLOCK;EUR;35;1972.20000000;1000;PRC_DECOMP_MEMBER;;;;XEUR;12441554;596;MEMBER
12.06.2025;14:10:19.921;FEDV.S.JUN25.SEP25.SPD;FUTURES_SPREAD;BLOCK;EUR;36;5.90000000;1000;EXCHANGE_LAST;;1;1;XEUR;72060153838436448;596;
12.06.2025;14:10:19.921;FEDV SI 20250620 CS;SIMPLE_INSTRUMENT;BLOCK;EUR;36;1978.00000000;1000;PRC_DECOMP_MEMBER;;;;XEUR;11880642;596;MEMBER
12.06.2025;14:10:19.921;FEDV SI 20250919 CS;SIMPLE_INSTRUMENT;BLOCK;EUR;36;1972.10000000;1000;PRC_DECOMP_MEMBER;;;;XEUR;12441554;596;MEMBER
12.06.2025;07:26:02.231;FESB SI 20250620 CS;SIMPLE_INSTRUMENT;BLOCK;EUR;50;199.70000000;7073;EXCHANGE_LAST;;1;1;XEUR;11880665;605;
12.06.2025;09:05:36.892;FESB.S.JUN25.SEP25.SPD;FUTURES_SPREAD;BLOCK;EUR;80;-0.72000000;1710;EXCHANGE_LAST;;1;1;XEUR;72060192493142112;605;
12.06.2025;09:05:36.892;FESB SI 20250919 CS;SIMPLE_INSTRUMENT;BLOCK;EUR;80;199.95000000;1710;PRC_DECOMP_EXCHANGE;;;;XEUR;12441572;605;EXCHANGE
12.06.2025;09:05:36.892;FESB SI 20250620 CS;SIMPLE_INSTRUMENT;BLOCK;EUR;80;199.23000000;1710;PRC_DECOMP_EXCHANGE;;;;XEUR;11880665;605;EXCHANGE
12.06.2025;14:35:54.586;FESB SI 20250620 CS;SIMPLE_INSTRUMENT;BLOCK;EUR;156;200.80000000;3200;EXCHANGE_LAST;;1;1;XEUR;11880665;605;
12.06.2025;15:23:36.709;FESB SI 20250620 CS;SIMPLE_INSTRUMENT;BLOCK;EUR;166;201.40000000;5000;EXCHANGE_LAST;;1;1;XEUR;11880665;605;
12.06.2025;15:47:18.082;FESB SI 20250620 CS;SIMPLE_INSTRUMENT;BLOCK;EUR;169;200.90000000;4500;EXCHANGE_LAST;;1;1;XEUR;11880665;605;
12.06.2025;15:47:30.270;FESB SI 20250620 CS;SIMPLE_INSTRUMENT;BLOCK;EUR;170;201.10000000;5500;EXCHANGE_LAST;;1;1;XEUR;11880665;605;
12.06.2025;09:01:19.518;FESB SI 20250620 CS;SIMPLE_INSTRUMENT;VOLA;EUR;603979785;199.20000000;600;EXCHANGE_LAST;;1;1;XEUR;11880665;605;
12.06.2025;12:29:53.846;FESB SI 20250620 CS;SIMPLE_INSTRUMENT;VOLA;EUR;603979816;198.95000000;60;EXCHANGE_LAST;;1;1;XEUR;11880665;605;
12.06.2025;12:31:29.485;FESB SI 20250620 CS;SIMPLE_INSTRUMENT;VOLA;EUR;603979817;198.95000000;60;EXCHANGE_LAST;;1;1;XEUR;11880665;605;
12.06.2025;12:41:28.593;FESB SI 20250620 CS;SIMPLE_INSTRUMENT;VOLA;EUR;603979819;198.95000000;60;EXCHANGE_LAST;;1;1;XEUR;11880665;605;
12.06.2025;15:33:06.154;FESB SI 20250620 CS;SIMPLE_INSTRUMENT;VOLA;EUR;603979870;201.60000000;600;EXCHANGE_LAST;;1;1;XEUR;11880665;605;
12.06.2025;09:20:57.377;FESO SI 20250620 CS;SIMPLE_INSTRUMENT;VOLA;EUR;603979790;485.70000000;19;EXCHANGE_LAST;;1;1;XEUR;11881128;677;
12.06.2025;08:08:38.299;FESX.S.JUN25.SEP25.SPD;FUTURES_SPREAD;BLOCK;EUR;1;-20.50000000;8000;EXCHANGE_LAST;;1;1;XEUR;72060493140863850;675;
12.06.2025;08:08:38.299;FESX SI 20250620 CS;SIMPLE_INSTRUMENT;BLOCK;EUR;1;5332.50000000;8000;PRC_DECOMP_EXCHANGE;;;;XEUR;7904020;675;EXCHANGE
12.06.2025;08:08:38.299;FESX SI 20250919 CS;SIMPLE_INSTRUMENT;BLOCK;EUR;1;5353.00000000;8000;PRC_DECOMP_EXCHANGE;;;;XEUR;8380551;675;EXCHANGE
12.06.2025;08:31:45.011;FESX.S.JUN25.SEP25.SPD;FUTURES_SPREAD;BLOCK;EUR;2;-20.43000000;9406;EXCHANGE_LAST;;1;1;XEUR;72060493140863850;675;
12.06.2025;08:31:45.011;FESX SI 20250620 CS;SIMPLE_INSTRUMENT;BLOCK;EUR;2;5334.57000000;9406;PRC_DECOMP_EXCHANGE;;;;XEUR;7904020;675;EXCHANGE
12.06.2025;08:31:45.011;FESX SI 20250919 CS;SIMPLE_INSTRUMENT;BLOCK;EUR;2;5355.00000000;9406;PRC_DECOMP_EXCHANGE;;;;XEUR;8380551;675;EXCHANGE
12.06.2025;11:07:31.638;FESX.S.JUN25.SEP25.SPD;FUTURES_SPREAD;BLOCK;EUR;3;-20.40000000;2500;EXCHANGE_LAST;;1;1;XEUR;72060493140863850;675;
12.06.2025;11:07:31.638;FESX SI 20250620 CS;SIMPLE_INSTRUMENT;BLOCK;EUR;3;5341.00000000;2500;PRC_DECOMP_MEMBER;;;;XEUR;7904020;675;MEMBER
12.06.2025;11:07:31.638;FESX SI 20250919 CS;SIMPLE_INSTRUMENT;BLOCK;EUR;3;5361.40000000;2500;PRC_DECOMP_MEMBER;;;;XEUR;8380551;675;MEMBER
12.06.2025;13:11:40.299;FESX.S.JUN25.SEP25.SPD;FUTURES_SPREAD;BLOCK;EUR;4;-20.59000000;2000;EXCHANGE_LAST;;1;1;XEUR;72060493140863850;675;
12.06.2025;13:11:40.299;FESX SI 20250620 CS;SIMPLE_INSTRUMENT;BLOCK;EUR;4;5357.41000000;2000;PRC_DECOMP_EXCHANGE;;;;XEUR;7904020;675;EXCHANGE
12.06.2025;13:11:40.299;FESX SI 20250919 CS;SIMPLE_INSTRUMENT;BLOCK;EUR;4;5378.00000000;2000;PRC_DECOMP_EXCHANGE;;;;XEUR;8380551;675;EXCHANGE
12.06.2025;14:36:39.417;FESX.S.JUN25.SEP25.SPD;FUTURES_SPREAD;BLOCK;EUR;5;-20.62000000;2500;EXCHANGE_LAST;;1;1;XEUR;72060493140863850;675;
12.06.2025;14:36:39.417;FESX SI 20250919 CS;SIMPLE_INSTRUMENT;BLOCK;EUR;5;5400.00000000;2500;PRC_DECOMP_EXCHANGE;;;;XEUR;8380551;675;EXCHANGE
12.06.2025;14:36:39.417;FESX SI 20250620 CS;SIMPLE_INSTRUMENT;BLOCK;EUR;5;5379.38000000;2500;PRC_DECOMP_EXCHANGE;;;;XEUR;7904020;675;EXCHANGE
12.06.2025;14:36:45.606;FESX.S.JUN25.SEP25.SPD;FUTURES_SPREAD;BLOCK;EUR;6;-20.63000000;2500;EXCHANGE_LAST;;1;1;XEUR;72060493140863850;675;
12.06.2025;14:36:45.606;FESX SI 20250620 CS;SIMPLE_INSTRUMENT;BLOCK;EUR;6;5379.37000000;2500;PRC_DECOMP_EXCHANGE;;;;XEUR;7904020;675;EXCHANGE
12.06.2025;14:36:45.606;FESX SI 20250919 CS;SIMPLE_INSTRUMENT;BLOCK;EUR;6;5400.00000000;2500;PRC_DECOMP_EXCHANGE;;;;XEUR;8380551;675;EXCHANGE
12.06.2025;14:56:38.849;FESX.S.JUN25.SEP25.SPD;FUTURES_SPREAD;BLOCK;EUR;7;-20.63000000;2000;EXCHANGE_LAST;;1;1;XEUR;72060493140863850;675;
12.06.2025;14:56:38.849;FESX SI 20250620 CS;SIMPLE_INSTRUMENT;BLOCK;EUR;7;5373.00000000;2000;PRC_DECOMP_MEMBER;;;;XEUR;7904020;675;MEMBER
12.06.2025;14:56:38.849;FESX SI 20250919 CS;SIMPLE_INSTRUMENT;BLOCK;EUR;7;5393.63000000;2000;PRC_DECOMP_MEMBER;;;;XEUR;8380551;675;MEMBER
12.06.2025;15:32:13.730;FESX SI 20250919 CS;SIMPLE_INSTRUMENT;BLOCK;EUR;8;5400.00000000;2050;EXCHANGE_LAST;;1;1;XEUR;8380551;675;
12.06.2025;15:28:04.395;FESX.S.JUN25.SEP25.SPD;FUTURES_SPREAD;BLOCK;EUR;9;-20.60000000;5000;EXCHANGE_LAST;;1;1;XEUR;72060493140863850;675;
12.06.2025;15:28:04.395;FESX SI 20250620 CS;SIMPLE_INSTRUMENT;BLOCK;EUR;9;5358.40000000;5000;PRC_DECOMP_EXCHANGE;;;;XEUR;7904020;675;EXCHANGE
12.06.2025;15:28:04.395;FESX SI 20250919 CS;SIMPLE_INSTRUMENT;BLOCK;EUR;9;5379.00000000;5000;PRC_DECOMP_EXCHANGE;;;;XEUR;8380551;675;EXCHANGE
12.06.2025;15:45:54.325;FESX SI 20250620 CS;SIMPLE_INSTRUMENT;EFP_IDX;EUR;10;5360.00000000;272;EXCHANGE_LAST;;1;1;XEUR;7904020;675;
12.06.2025;15:45:59.878;FESX SI 20250620 CS;SIMPLE_INSTRUMENT;EFP_IDX;EUR;11;5361.00000000;128;EXCHANGE_LAST;;1;1;XEUR;7904020;675;
12.06.2025;15:42:09.587;FESX SI 20250620 CS;SIMPLE_INSTRUMENT;EFP_IDX;EUR;12;5360.00000000;644;EXCHANGE_LAST;;1;1;XEUR;7904020;675;
12.06.2025;15:42:28.070;FESX SI 20250620 CS;SIMPLE_INSTRUMENT;EFP_IDX;EUR;13;5361.00000000;156;EXCHANGE_LAST;;1;1;XEUR;7904020;675;
12.06.2025;15:47:15.037;FESX SI 20250620 CS;SIMPLE_INSTRUMENT;EFP_IDX;EUR;14;5360.00000000;1474;EXCHANGE_LAST;;1;1;XEUR;7904020;675;
12.06.2025;15:47:27.526;FESX SI 20250620 CS;SIMPLE_INSTRUMENT;EFP_IDX;EUR;15;5361.00000000;1181;EXCHANGE_LAST;;1;1;XEUR;7904020;675;
12.06.2025;15:48:51.583;FESX SI 20250620 CS;SIMPLE_INSTRUMENT;EFP_IDX;EUR;16;5360.00000000;680;EXCHANGE_LAST;;1;1;XEUR;7904020;675;
12.06.2025;15:48:59.214;FESX SI 20250620 CS;SIMPLE_INSTRUMENT;EFP_IDX;EUR;17;5361.00000000;320;EXCHANGE_LAST;;1;1;XEUR;7904020;675;
12.06.2025;15:51:49.198;FESX SI 20250620 CS;SIMPLE_INSTRUMENT;EFP_IDX;EUR;18;5360.00000000;680;EXCHANGE_LAST;;1;1;XEUR;7904020;675;
12.06.2025;15:51:59.848;FESX SI 20250620 CS;SIMPLE_INSTRUMENT;EFP_IDX;EUR;19;5361.00000000;320;EXCHANGE_LAST;;1;1;XEUR;7904020;675;
12.06.2025;15:48:35.447;FESX SI 20250620 CS;SIMPLE_INSTRUMENT;BLOCK;EUR;20;5360.00000000;5000;EXCHANGE_LAST;;1;1;XEUR;7904020;675;
12.06.2025;15:52:10.519;FESX SI 20250620 CS;SIMPLE_INSTRUMENT;EFP_IDX;EUR;21;5360.00000000;680;EXCHANGE_LAST;;1;1;XEUR;7904020;675;
12.06.2025;15:52:22.625;FESX SI 20250620 CS;SIMPLE_INSTRUMENT;EFP_IDX;EUR;22;5361.00000000;320;EXCHANGE_LAST;;1;1;XEUR;7904020;675;
12.06.2025;15:58:52.802;FESX SI 20250620 CS;SIMPLE_INSTRUMENT;EFP_IDX;EUR;23;5360.00000000;204;EXCHANGE_LAST;;1;1;XEUR;7904020;675;
12.06.2025;15:59:05.840;FESX SI 20250620 CS;SIMPLE_INSTRUMENT;EFP_IDX;EUR;24;5361.00000000;96;EXCHANGE_LAST;;1;1;XEUR;7904020;675;
12.06.2025;07:30:02.985;FESX SI 20250620 CS;SIMPLE_INSTRUMENT;VOLA;EUR;637534215;5360.00000000;150;EXCHANGE_LAST;;1;1;XEUR;7904020;675;
12.06.2025;07:33:01.187;FESX SI 20250620 CS;SIMPLE_INSTRUMENT;VOLA;EUR;637534218;5360.00000000;150;EXCHANGE_LAST;;1;1;XEUR;7904020;675;
12.06.2025;07:43:10.200;FESX SI 20250620 CS;SIMPLE_INSTRUMENT;VOLA;EUR;637534224;5360.00000000;170;EXCHANGE_LAST;;1;1;XEUR;7904020;675;
12.06.2025;08:25:31.479;FESX SI 20250620 CS;SIMPLE_INSTRUMENT;VOLA;EUR;637534235;5330.00000000;525;EXCHANGE_LAST;;1;1;XEUR;7904020;675;
12.06.2025;08:41:48.740;FESX SI 20250620 CS;SIMPLE_INSTRUMENT;VOLA;EUR;637534243;5335.00000000;1192;EXCHANGE_LAST;;1;1;XEUR;7904020;675;
12.06.2025;08:49:57.882;FESX SI 20250620 CS;SIMPLE_INSTRUMENT;VOLA;EUR;637534252;5332.00000000;581;EXCHANGE_LAST;;1;1;XEUR;7904020;675;
12.06.2025;09:29:39.852;FESX SI 20250620 CS;SIMPLE_INSTRUMENT;VOLA;EUR;637534268;5352.00000000;820;EXCHANGE_LAST;;1;1;XEUR;7904020;675;
12.06.2025;11:43:46.440;FESX SI 20250620 CS;SIMPLE_INSTRUMENT;VOLA;EUR;637534297;5345.00000000;75;EXCHANGE_LAST;;1;1;XEUR;7904020;675;
12.06.2025;13:22:40.819;FESX SI 20250620 CS;SIMPLE_INSTRUMENT;VOLA;EUR;637534316;5350.00000000;40;EXCHANGE_LAST;;1;1;XEUR;7904020;675;
12.06.2025;14:44:27.897;FESX SI 20250620 CS;SIMPLE_INSTRUMENT;VOLA;EUR;637534330;5380.00000000;116;EXCHANGE_LAST;;1;1;XEUR;7904020;675;
12.06.2025;15:13:46.217;FESX SI 20250620 CS;SIMPLE_INSTRUMENT;VOLA;EUR;637534344;5374.00000000;325;EXCHANGE_LAST;;1;1;XEUR;7904020;675;
12.06.2025;15:19:39.767;FESX SI 20250620 CS;SIMPLE_INSTRUMENT;VOLA;EUR;637534349;5375.00000000;105;EXCHANGE_LAST;;1;1;XEUR;7904020;675;
12.06.2025;09:34:59.734;FESY SI 20250620 CS;SIMPLE_INSTRUMENT;VOLA;EUR;603979797;1118.50000000;18;EXCHANGE_LAST;;1;1;XEUR;11881027;674;
12.06.2025;08:06:15.906;FEXD SI 20271217 CS;SIMPLE_INSTRUMENT;BLOCK;EUR;6;151.00000000;224;EXCHANGE_LAST;;1;1;XEUR;2848338;693;
12.06.2025;08:20:46.973;FEXD.S.DEC26.DEC27.SPD;FUTURES_SPREAD;BLOCK;EUR;7;4.80000000;1000;EXCHANGE_LAST;;1;1;XEUR;72060570450264153;693;
12.06.2025;08:20:46.973;FEXD SI 20261218 CS;SIMPLE_INSTRUMENT;BLOCK;EUR;7;155.60000000;1000;PRC_DECOMP_EXCHANGE;;;;XEUR;2163053;693;EXCHANGE
12.06.2025;08:20:46.973;FEXD SI 20271217 CS;SIMPLE_INSTRUMENT;BLOCK;EUR;7;150.80000000;1000;PRC_DECOMP_EXCHANGE;;;;XEUR;2848338;693;EXCHANGE
12.06.2025;09:05:04.704;FEXD SI 20281215 CS;SIMPLE_INSTRUMENT;BLOCK;EUR;12;147.90000000;100;EXCHANGE_LAST;;1;1;XEUR;3680985;693;
12.06.2025;09:06:04.170;FEXD SI 20301220 CS;SIMPLE_INSTRUMENT;BLOCK;EUR;13;141.90000000;100;EXCHANGE_LAST;;1;1;XEUR;5914108;693;
12.06.2025;09:07:12.666;FEXD.S.DEC26.DEC27.SPD;FUTURES_SPREAD;BLOCK;EUR;14;4.80000000;250;EXCHANGE_LAST;;1;1;XEUR;72060570450264153;693;
12.06.2025;09:07:12.666;FEXD SI 20261218 CS;SIMPLE_INSTRUMENT;BLOCK;EUR;14;156.00000000;250;PRC_DECOMP_EXCHANGE;;;;XEUR;2163053;693;EXCHANGE
12.06.2025;09:07:12.666;FEXD SI 20271217 CS;SIMPLE_INSTRUMENT;BLOCK;EUR;14;151.20000000;250;PRC_DECOMP_EXCHANGE;;;;XEUR;2848338;693;EXCHANGE
12.06.2025;09:31:04.152;FEXD.S.DEC28.DEC29.SPD;FUTURES_SPREAD;BLOCK;EUR;16;3.30000000;300;EXCHANGE_LAST;;1;1;XEUR;72060570450264171;693;
12.06.2025;09:31:04.152;FEXD SI 20281215 CS;SIMPLE_INSTRUMENT;BLOCK;EUR;16;147.90000000;300;PRC_DECOMP_EXCHANGE;;;;XEUR;3680985;693;EXCHANGE
12.06.2025;09:31:04.152;FEXD SI 20291221 CS;SIMPLE_INSTRUMENT;BLOCK;EUR;16;144.60000000;300;PRC_DECOMP_EXCHANGE;;;;XEUR;4631968;693;EXCHANGE
12.06.2025;10:02:42.661;FEXD SI 20261218 CS;SIMPLE_INSTRUMENT;BLOCK;EUR;18;156.00000000;560;EXCHANGE_LAST;;1;2;XEUR;2163053;693;
12.06.2025;10:07:23.412;FEXD SI 20271217 CS;SIMPLE_INSTRUMENT;BLOCK;EUR;19;151.20000000;560;EXCHANGE_LAST;;2;1;XEUR;2848338;693;
12.06.2025;12:06:42.411;FEXD SI 20281215 CS;SIMPLE_INSTRUMENT;BLOCK;EUR;25;147.60000000;750;EXCHANGE_LAST;;1;1;XEUR;3680985;693;
12.06.2025;12:06:53.033;FEXD SI 20301220 CS;SIMPLE_INSTRUMENT;BLOCK;EUR;26;141.50000000;750;EXCHANGE_LAST;;1;1;XEUR;5914108;693;
12.06.2025;13:17:01.874;FEXD.S.DEC30.DEC31.SPD;FUTURES_SPREAD;BLOCK;EUR;28;2.10000000;1500;EXCHANGE_LAST;;2;1;XEUR;72060570450264225;693;
12.06.2025;13:17:01.874;FEXD SI 20301220 CS;SIMPLE_INSTRUMENT;BLOCK;EUR;28;142.10000000;1500;PRC_DECOMP_MEMBER;;;;XEUR;5914108;693;MEMBER
12.06.2025;13:17:01.874;FEXD SI 20311219 CS;SIMPLE_INSTRUMENT;BLOCK;EUR;28;140.00000000;1500;PRC_DECOMP_MEMBER;;;;XEUR;7158547;693;MEMBER
12.06.2025;14:34:42.650;FEXD.S.DEC28.DEC29.SPD;FUTURES_SPREAD;BLOCK;EUR;37;3.30000000;300;EXCHANGE_LAST;;1;1;XEUR;72060570450264171;693;
12.06.2025;14:34:42.650;FEXD SI 20281215 CS;SIMPLE_INSTRUMENT;BLOCK;EUR;37;148.00000000;300;PRC_DECOMP_EXCHANGE;;;;XEUR;3680985;693;EXCHANGE
12.06.2025;14:34:42.650;FEXD SI 20291221 CS;SIMPLE_INSTRUMENT;BLOCK;EUR;37;144.70000000;300;PRC_DECOMP_EXCHANGE;;;;XEUR;4631968;693;EXCHANGE
12.06.2025;15:02:43.602;FEXD.S.DEC27.DEC28.SPD;FUTURES_SPREAD;BLOCK;EUR;44;3.40000000;1250;EXCHANGE_LAST;;1;1;XEUR;72060570450264162;693;
12.06.2025;15:02:43.602;FEXD SI 20271217 CS;SIMPLE_INSTRUMENT;BLOCK;EUR;44;151.70000000;1250;PRC_DECOMP_MEMBER;;;;XEUR;2848338;693;MEMBER
12.06.2025;15:02:43.602;FEXD SI 20281215 CS;SIMPLE_INSTRUMENT;BLOCK;EUR;44;148.30000000;1250;PRC_DECOMP_MEMBER;;;;XEUR;3680985;693;MEMBER
12.06.2025;15:26:35.569;FFOX SI 20250619 CS;SIMPLE_INSTRUMENT;BLOCK;EUR;4;4761.80000000;200;EXCHANGE_LAST;;1;1;XEUR;11881292;695;
12.06.2025;06:58:07.678;FGBL SI 20250908 PS;SIMPLE_INSTRUMENT;EFS;EUR;1;130.90000000;171;EXCHANGE_LAST;;1;1;XEUR;12372482;688;
12.06.2025;07:02:32.161;FGBL SI 20250908 PS;SIMPLE_INSTRUMENT;EFS;EUR;2;130.91000000;242;EXCHANGE_LAST;;1;1;XEUR;12372482;688;
12.06.2025;07:04:10.492;FGBL SI 20250908 PS;SIMPLE_INSTRUMENT;EFP_FIN;EUR;3;131.16000000;318;EXCHANGE_LAST;;1;1;XEUR;12372482;688;
12.06.2025;07:16:25.783;FGBL SI 20250908 PS;SIMPLE_INSTRUMENT;EFS;EUR;4;131.17000000;435;EXCHANGE_LAST;;1;1;XEUR;12372482;688;
12.06.2025;07:18:00.790;FGBL SI 20250908 PS;SIMPLE_INSTRUMENT;EFS;EUR;5;131.17000000;839;EXCHANGE_LAST;;1;1;XEUR;12372482;688;
12.06.2025;07:50:07.499;FGBL SI 20250908 PS;SIMPLE_INSTRUMENT;EFS;EUR;6;131.16000000;241;EXCHANGE_LAST;;1;1;XEUR;12372482;688;
12.06.2025;07:23:18.316;FGBL SI 20250908 PS;SIMPLE_INSTRUMENT;EFS;EUR;7;131.16000000;1048;EXCHANGE_LAST;;1;1;XEUR;12372482;688;
12.06.2025;07:26:16.814;FGBL SI 20250908 PS;SIMPLE_INSTRUMENT;EFS;EUR;8;131.17000000;419;EXCHANGE_LAST;;1;1;XEUR;12372482;688;
12.06.2025;07:26:32.787;FGBL SI 20250908 PS;SIMPLE_INSTRUMENT;EFS;EUR;9;131.17000000;1045;EXCHANGE_LAST;;1;1;XEUR;12372482;688;
12.06.2025;07:28:16.502;FGBL SI 20250908 PS;SIMPLE_INSTRUMENT;EFS;EUR;10;131.06000000;210;EXCHANGE_LAST;;1;1;XEUR;12372482;688;
12.06.2025;07:29:01.538;FGBL SI 20250908 PS;SIMPLE_INSTRUMENT;EFS;EUR;11;131.06000000;210;EXCHANGE_LAST;;1;1;XEUR;12372482;688;
12.06.2025;07:31:19.585;FGBL SI 20250908 PS;SIMPLE_INSTRUMENT;EFS;EUR;12;131.24000000;420;EXCHANGE_LAST;;1;1;XEUR;12372482;688;
12.06.2025;07:32:21.064;FGBL SI 20250908 PS;SIMPLE_INSTRUMENT;EFS;EUR;13;131.25000000;420;EXCHANGE_LAST;;1;1;XEUR;12372482;688;
12.06.2025;07:32:33.325;FGBL SI 20250908 PS;SIMPLE_INSTRUMENT;EFP_FIN;EUR;14;131.06000000;193;EXCHANGE_LAST;;1;1;XEUR;12372482;688;
12.06.2025;07:32:51.499;FGBL SI 20250908 PS;SIMPLE_INSTRUMENT;EFP_FIN;EUR;15;131.06000000;1925;EXCHANGE_LAST;;1;1;XEUR;12372482;688;
12.06.2025;07:33:54.817;FGBL SI 20250908 PS;SIMPLE_INSTRUMENT;EFS;EUR;16;131.20000000;420;EXCHANGE_LAST;;1;1;XEUR;12372482;688;
12.06.2025;07:35:17.172;FGBL SI 20250908 PS;SIMPLE_INSTRUMENT;EFS;EUR;17;131.17000000;210;EXCHANGE_LAST;;1;1;XEUR;12372482;688;
12.06.2025;07:36:10.857;FGBL SI 20250908 PS;SIMPLE_INSTRUMENT;EFS;EUR;18;131.13000000;378;EXCHANGE_LAST;;1;1;XEUR;12372482;688;
12.06.2025;07:40:16.372;FGBL SI 20250908 PS;SIMPLE_INSTRUMENT;EFS;EUR;19;131.13000000;840;EXCHANGE_LAST;;1;1;XEUR;12372482;688;
12.06.2025;07:41:31.689;FGBL SI 20250908 PS;SIMPLE_INSTRUMENT;EFS;EUR;20;130.99000000;629;EXCHANGE_LAST;;1;1;XEUR;12372482;688;
12.06.2025;07:41:22.435;FGBL SI 20250908 PS;SIMPLE_INSTRUMENT;EFS;EUR;21;131.13000000;840;EXCHANGE_LAST;;1;1;XEUR;12372482;688;
12.06.2025;07:42:27.872;FGBL SI 20250908 PS;SIMPLE_INSTRUMENT;EFS;EUR;22;131.07000000;420;EXCHANGE_LAST;;1;1;XEUR;12372482;688;
12.06.2025;07:43:26.902;FGBL SI 20250908 PS;SIMPLE_INSTRUMENT;EFS;EUR;23;131.12000000;210;EXCHANGE_LAST;;1;1;XEUR;12372482;688;
12.06.2025;07:44:13.912;FGBL SI 20250908 PS;SIMPLE_INSTRUMENT;EFS;EUR;24;131.12000000;420;EXCHANGE_LAST;;1;1;XEUR;12372482;688;
12.06.2025;07:44:43.316;FGBL SI 20250908 PS;SIMPLE_INSTRUMENT;EFS;EUR;25;131.12000000;420;EXCHANGE_LAST;;1;1;XEUR;12372482;688;
12.06.2025;07:46:06.781;FGBL SI 20250908 PS;SIMPLE_INSTRUMENT;EFS;EUR;26;131.11000000;210;EXCHANGE_LAST;;1;1;XEUR;12372482;688;
12.06.2025;07:48:11.665;FGBL SI 20250908 PS;SIMPLE_INSTRUMENT;EFS;EUR;27;131.12000000;420;EXCHANGE_LAST;;1;1;XEUR;12372482;688;
12.06.2025;07:50:40.624;FGBL SI 20250908 PS;SIMPLE_INSTRUMENT;EFP_FIN;EUR;28;131.12000000;100;EXCHANGE_LAST;;1;1;XEUR;12372482;688;
12.06.2025;07:52:13.644;FGBL SI 20250908 PS;SIMPLE_INSTRUMENT;EFS;EUR;29;131.01000000;420;EXCHANGE_LAST;;1;1;XEUR;12372482;688;
12.06.2025;07:52:13.689;FGBL SI 20250908 PS;SIMPLE_INSTRUMENT;EFS;EUR;30;131.03000000;420;EXCHANGE_LAST;;1;1;XEUR;12372482;688;
12.06.2025;07:52:18.640;FGBL SI 20250908 PS;SIMPLE_INSTRUMENT;EFS;EUR;31;131.01000000;420;EXCHANGE_LAST;;1;1;XEUR;12372482;688;
12.06.2025;07:53:58.122;FGBL SI 20250908 PS;SIMPLE_INSTRUMENT;EFP_FIN;EUR;32;131.06000000;1415;EXCHANGE_LAST;;1;1;XEUR;12372482;688;
12.06.2025;07:54:40.020;FGBL SI 20250908 PS;SIMPLE_INSTRUMENT;EFP_FIN;EUR;33;130.70000000;200;EXCHANGE_LAST;;1;1;XEUR;12372482;688;
12.06.2025;07:55:23.799;FGBL SI 20250908 PS;SIMPLE_INSTRUMENT;EFS;EUR;34;131.02000000;420;EXCHANGE_LAST;;1;1;XEUR;12372482;688;
12.06.2025;07:57:23.525;FGBL SI 20250908 PS;SIMPLE_INSTRUMENT;EFS;EUR;35;130.90000000;242;EXCHANGE_LAST;;1;1;XEUR;12372482;688;
12.06.2025;07:57:12.962;FGBL SI 20250908 PS;SIMPLE_INSTRUMENT;EFS;EUR;36;131.02000000;212;EXCHANGE_LAST;;1;1;XEUR;12372482;688;
12.06.2025;07:57:19.984;FGBL SI 20250908 PS;SIMPLE_INSTRUMENT;EFP_FIN;EUR;37;131.12000000;159;EXCHANGE_LAST;;1;1;XEUR;12372482;688;
12.06.2025;08:05:57.514;FGBL SI 20250908 PS;SIMPLE_INSTRUMENT;EFP_FIN;EUR;38;131.12000000;119;EXCHANGE_LAST;;1;1;XEUR;12372482;688;
12.06.2025;08:05:40.823;FGBL SI 20250908 PS;SIMPLE_INSTRUMENT;EFP_FIN;EUR;39;131.05000000;119;EXCHANGE_LAST;;1;1;XEUR;12372482;688;
12.06.2025;08:09:56.051;FGBL SI 20250908 PS;SIMPLE_INSTRUMENT;EFS;EUR;40;131.19000000;241;EXCHANGE_LAST;;1;1;XEUR;12372482;688;
12.06.2025;08:12:54.458;FGBL SI 20250908 PS;SIMPLE_INSTRUMENT;EFS;EUR;41;131.19000000;100;EXCHANGE_LAST;;1;1;XEUR;12372482;688;
12.06.2025;08:12:49.853;FGBL SI 20250908 PS;SIMPLE_INSTRUMENT;EFS;EUR;42;131.19000000;838;EXCHANGE_LAST;;1;1;XEUR;12372482;688;
12.06.2025;08:15:54.739;FGBL SI 20250908 PS;SIMPLE_INSTRUMENT;EFS;EUR;43;131.17000000;837;EXCHANGE_LAST;;1;1;XEUR;12372482;688;
12.06.2025;08:17:31.157;FGBL SI 20250908 PS;SIMPLE_INSTRUMENT;EFS;EUR;44;131.19000000;420;EXCHANGE_LAST;;1;1;XEUR;12372482;688;
12.06.2025;08:19:46.107;FGBL SI 20250908 PS;SIMPLE_INSTRUMENT;EFS;EUR;45;131.16000000;162;EXCHANGE_LAST;;1;1;XEUR;12372482;688;
12.06.2025;08:25:11.401;FGBL SI 20250908 PS;SIMPLE_INSTRUMENT;EFS;EUR;46;131.02000000;435;EXCHANGE_LAST;;1;1;XEUR;12372482;688;
12.06.2025;08:30:11.069;FGBL SI 20250908 PS;SIMPLE_INSTRUMENT;EFS;EUR;47;131.15000000;136;EXCHANGE_LAST;;1;1;XEUR;12372482;688;
12.06.2025;08:47:20.720;FGBL SI 20250908 PS;SIMPLE_INSTRUMENT;EFS;EUR;48;131.18000000;203;EXCHANGE_LAST;;1;1;XEUR;12372482;688;
12.06.2025;08:48:55.236;FGBL SI 20250908 PS;SIMPLE_INSTRUMENT;EFS;EUR;49;131.17000000;647;EXCHANGE_LAST;;1;1;XEUR;12372482;688;
12.06.2025;08:52:01.261;FGBL SI 20250908 PS;SIMPLE_INSTRUMENT;EFP_FIN;EUR;50;131.18000000;81;EXCHANGE_LAST;;1;1;XEUR;12372482;688;
12.06.2025;09:09:41.793;FGBL SI 20250908 PS;SIMPLE_INSTRUMENT;EFS;EUR;51;131.14000000;445;EXCHANGE_LAST;;1;1;XEUR;12372482;688;
12.06.2025;09:10:12.946;FGBL SI 20250908 PS;SIMPLE_INSTRUMENT;EFS;EUR;52;131.14000000;242;EXCHANGE_LAST;;1;1;XEUR;12372482;688;
12.06.2025;09:10:31.772;FGBL SI 20250908 PS;SIMPLE_INSTRUMENT;EFP_FIN;EUR;53;131.08000000;385;EXCHANGE_LAST;;1;1;XEUR;12372482;688;
12.06.2025;09:11:46.573;FGBL SI 20250908 PS;SIMPLE_INSTRUMENT;EFS;EUR;54;131.14000000;446;EXCHANGE_LAST;;1;1;XEUR;12372482;688;
12.06.2025;09:12:41.355;FGBL SI 20250908 PS;SIMPLE_INSTRUMENT;EFS;EUR;55;131.18000000;84;EXCHANGE_LAST;;1;1;XEUR;12372482;688;
12.06.2025;09:12:57.712;FGBL SI 20250908 PS;SIMPLE_INSTRUMENT;EFS;EUR;56;131.12000000;420;EXCHANGE_LAST;;1;1;XEUR;12372482;688;
12.06.2025;09:13:43.573;FGBL SI 20250908 PS;SIMPLE_INSTRUMENT;EFS;EUR;57;131.14000000;424;EXCHANGE_LAST;;1;1;XEUR;12372482;688;
12.06.2025;09:16:44.872;FGBL SI 20250908 PS;SIMPLE_INSTRUMENT;EFS;EUR;58;131.13000000;420;EXCHANGE_LAST;;1;1;XEUR;12372482;688;
12.06.2025;09:18:27.597;FGBL SI 20250908 PS;SIMPLE_INSTRUMENT;EFS;EUR;59;131.13000000;210;EXCHANGE_LAST;;1;1;XEUR;12372482;688;
12.06.2025;09:19:24.375;FGBL SI 20250908 PS;SIMPLE_INSTRUMENT;EFS;EUR;60;131.11000000;210;EXCHANGE_LAST;;1;1;XEUR;12372482;688;
12.06.2025;09:23:07.303;FGBL SI 20250908 PS;SIMPLE_INSTRUMENT;EFP_FIN;EUR;61;131.12000000;1540;EXCHANGE_LAST;;1;1;XEUR;12372482;688;
12.06.2025;09:33:13.513;FGBL SI 20250908 PS;SIMPLE_INSTRUMENT;EFS;EUR;62;131.24000000;419;EXCHANGE_LAST;;1;1;XEUR;12372482;688;
12.06.2025;09:37:45.028;FGBL SI 20250908 PS;SIMPLE_INSTRUMENT;EFS;EUR;63;131.23000000;420;EXCHANGE_LAST;;1;1;XEUR;12372482;688;
12.06.2025;09:59:11.533;FGBL SI 20250908 PS;SIMPLE_INSTRUMENT;EFS;EUR;64;131.37000000;300;EXCHANGE_LAST;;1;1;XEUR;12372482;688;
12.06.2025;10:07:26.790;FGBL SI 20250908 PS;SIMPLE_INSTRUMENT;EFS;EUR;65;131.37000000;241;EXCHANGE_LAST;;1;1;XEUR;12372482;688;
12.06.2025;10:09:40.769;FGBL SI 20250908 PS;SIMPLE_INSTRUMENT;EFP_FIN;EUR;66;131.30000000;231;EXCHANGE_LAST;;1;1;XEUR;12372482;688;
12.06.2025;10:14:45.820;FGBL SI 20250908 PS;SIMPLE_INSTRUMENT;EFS;EUR;67;131.36000000;419;EXCHANGE_LAST;;1;1;XEUR;12372482;688;
12.06.2025;10:18:50.635;FGBL SI 20250908 PS;SIMPLE_INSTRUMENT;EFS;EUR;68;131.36000000;210;EXCHANGE_LAST;;1;1;XEUR;12372482;688;
12.06.2025;10:19:31.917;FGBL SI 20250908 PS;SIMPLE_INSTRUMENT;EFS;EUR;69;131.35000000;210;EXCHANGE_LAST;;1;1;XEUR;12372482;688;
12.06.2025;10:26:30.847;FGBL SI 20250908 PS;SIMPLE_INSTRUMENT;EFS;EUR;70;131.28000000;417;EXCHANGE_LAST;;1;1;XEUR;12372482;688;
12.06.2025;10:32:31.387;FGBL SI 20250908 PS;SIMPLE_INSTRUMENT;EFS;EUR;71;131.32000000;330;EXCHANGE_LAST;;1;1;XEUR;12372482;688;
12.06.2025;10:31:16.348;FGBL SI 20250908 PS;SIMPLE_INSTRUMENT;EFS;EUR;72;131.34000000;150;EXCHANGE_LAST;;1;1;XEUR;12372482;688;
12.06.2025;10:59:46.044;FGBL SI 20250908 PS;SIMPLE_INSTRUMENT;EFS;EUR;73;131.38000000;416;EXCHANGE_LAST;;1;1;XEUR;12372482;688;
12.06.2025;11:09:42.763;FGBL SI 20250908 PS;SIMPLE_INSTRUMENT;EFS;EUR;74;131.42000000;1045;EXCHANGE_LAST;;1;1;XEUR;12372482;688;
12.06.2025;11:21:33.059;FGBL SI 20250908 PS;SIMPLE_INSTRUMENT;EFS;EUR;75;131.43000000;293;EXCHANGE_LAST;;1;1;XEUR;12372482;688;
12.06.2025;11:27:53.786;FGBL SI 20250908 PS;SIMPLE_INSTRUMENT;EFS;EUR;76;131.35000000;579;EXCHANGE_LAST;;1;1;XEUR;12372482;688;
12.06.2025;11:30:09.132;FGBL SI 20250908 PS;SIMPLE_INSTRUMENT;EFS;EUR;77;131.34000000;289;EXCHANGE_LAST;;1;1;XEUR;12372482;688;
12.06.2025;11:37:31.197;FGBL SI 20250908 PS;SIMPLE_INSTRUMENT;EFP_FIN;EUR;78;131.33000000;206;EXCHANGE_LAST;;1;1;XEUR;12372482;688;
12.06.2025;11:44:44.970;FGBL SI 20250908 PS;SIMPLE_INSTRUMENT;EFP_FIN;EUR;79;131.37000000;362;EXCHANGE_LAST;;1;1;XEUR;12372482;688;
12.06.2025;11:44:36.111;FGBL SI 20250908 PS;SIMPLE_INSTRUMENT;EFS;EUR;80;131.33000000;420;EXCHANGE_LAST;;1;1;XEUR;12372482;688;
12.06.2025;11:50:50.907;FGBL SI 20250908 PS;SIMPLE_INSTRUMENT;EFS;EUR;81;131.32000000;241;EXCHANGE_LAST;;1;1;XEUR;12372482;688;
12.06.2025;11:51:07.089;FGBL SI 20250908 PS;SIMPLE_INSTRUMENT;EFS;EUR;82;131.39000000;418;EXCHANGE_LAST;;1;1;XEUR;12372482;688;
12.06.2025;11:53:46.321;FGBL SI 20250908 PS;SIMPLE_INSTRUMENT;EFP_FIN;EUR;83;131.36000000;100;EXCHANGE_LAST;;1;1;XEUR;12372482;688;
12.06.2025;12:00:28.508;FGBL SI 20250908 PS;SIMPLE_INSTRUMENT;EFS;EUR;84;131.30000000;100;EXCHANGE_LAST;;1;1;XEUR;12372482;688;
12.06.2025;12:10:22.205;FGBL SI 20250908 PS;SIMPLE_INSTRUMENT;EFS;EUR;85;131.36000000;419;EXCHANGE_LAST;;1;1;XEUR;12372482;688;
12.06.2025;12:28:17.432;FGBL SI 20250908 PS;SIMPLE_INSTRUMENT;EFS;EUR;86;131.37000000;1928;EXCHANGE_LAST;;1;1;XEUR;12372482;688;
12.06.2025;12:30:18.696;FGBL SI 20250908 PS;SIMPLE_INSTRUMENT;EFS;EUR;87;131.33000000;964;EXCHANGE_LAST;;1;1;XEUR;12372482;688;
12.06.2025;12:31:12.058;FGBL SI 20250908 PS;SIMPLE_INSTRUMENT;EFS;EUR;88;131.34000000;482;EXCHANGE_LAST;;1;1;XEUR;12372482;688;
12.06.2025;12:36:58.556;FGBL SI 20250908 PS;SIMPLE_INSTRUMENT;EFS;EUR;89;131.35000000;419;EXCHANGE_LAST;;1;1;XEUR;12372482;688;
12.06.2025;12:39:35.520;FGBL SI 20250908 PS;SIMPLE_INSTRUMENT;EFS;EUR;90;131.39000000;420;EXCHANGE_LAST;;1;1;XEUR;12372482;688;
12.06.2025;12:39:47.992;FGBL SI 20250908 PS;SIMPLE_INSTRUMENT;EFS;EUR;91;131.39000000;419;EXCHANGE_LAST;;1;1;XEUR;12372482;688;
12.06.2025;12:40:30.596;FGBL SI 20250908 PS;SIMPLE_INSTRUMENT;EFS;EUR;92;131.38000000;420;EXCHANGE_LAST;;1;1;XEUR;12372482;688;
12.06.2025;12:43:05.184;FGBL SI 20250908 PS;SIMPLE_INSTRUMENT;EFS;EUR;93;131.35000000;419;EXCHANGE_LAST;;1;1;XEUR;12372482;688;
12.06.2025;12:43:37.539;FGBL SI 20250908 PS;SIMPLE_INSTRUMENT;EFP_FIN;EUR;94;131.33000000;108;EXCHANGE_LAST;;1;1;XEUR;12372482;688;
12.06.2025;12:45:50.825;FGBL SI 20250908 PS;SIMPLE_INSTRUMENT;EFS;EUR;95;131.41000000;210;EXCHANGE_LAST;;1;1;XEUR;12372482;688;
12.06.2025;12:53:14.723;FGBL SI 20250908 PS;SIMPLE_INSTRUMENT;EFP_FIN;EUR;96;131.34000000;385;EXCHANGE_LAST;;1;1;XEUR;12372482;688;
12.06.2025;12:49:07.243;FGBL SI 20250908 PS;SIMPLE_INSTRUMENT;EFS;EUR;97;131.40000000;834;EXCHANGE_LAST;;1;1;XEUR;12372482;688;
12.06.2025;12:58:55.486;FGBL SI 20250908 PS;SIMPLE_INSTRUMENT;EFS;EUR;98;131.35000000;834;EXCHANGE_LAST;;1;1;XEUR;12372482;688;
12.06.2025;13:01:15.833;FGBL SI 20250908 PS;SIMPLE_INSTRUMENT;EFS;EUR;99;131.33000000;500;EXCHANGE_LAST;;1;1;XEUR;12372482;688;
12.06.2025;13:02:35.980;FGBL SI 20250908 PS;SIMPLE_INSTRUMENT;EFS;EUR;100;131.34000000;419;EXCHANGE_LAST;;1;1;XEUR;12372482;688;
12.06.2025;13:07:32.206;FGBL SI 20250908 PS;SIMPLE_INSTRUMENT;EFS;EUR;101;131.40000000;418;EXCHANGE_LAST;;1;1;XEUR;12372482;688;
12.06.2025;13:09:02.054;FGBL SI 20250908 PS;SIMPLE_INSTRUMENT;EFP_FIN;EUR;102;131.34000000;96;EXCHANGE_LAST;;1;1;XEUR;12372482;688;
12.06.2025;13:09:16.761;FGBL SI 20250908 PS;SIMPLE_INSTRUMENT;EFP_FIN;EUR;103;131.34000000;96;EXCHANGE_LAST;;1;1;XEUR;12372482;688;
12.06.2025;13:12:57.479;FGBL SI 20250908 PS;SIMPLE_INSTRUMENT;EFP_FIN;EUR;104;131.39000000;212;EXCHANGE_LAST;;1;1;XEUR;12372482;688;
12.06.2025;13:15:32.616;FGBL SI 20250908 PS;SIMPLE_INSTRUMENT;EFS;EUR;105;131.44000000;222;EXCHANGE_LAST;;1;1;XEUR;12372482;688;
12.06.2025;13:19:08.301;FGBL SI 20250908 PS;SIMPLE_INSTRUMENT;EFS;EUR;106;131.40000000;838;EXCHANGE_LAST;;1;1;XEUR;12372482;688;
12.06.2025;13:20:18.358;FGBL SI 20250908 PS;SIMPLE_INSTRUMENT;EFS;EUR;107;131.41000000;838;EXCHANGE_LAST;;1;1;XEUR;12372482;688;
12.06.2025;13:20:28.368;FGBL SI 20250908 PS;SIMPLE_INSTRUMENT;EFS;EUR;108;131.39000000;419;EXCHANGE_LAST;;1;1;XEUR;12372482;688;
12.06.2025;13:20:48.386;FGBL SI 20250908 PS;SIMPLE_INSTRUMENT;EFS;EUR;109;131.39000000;419;EXCHANGE_LAST;;1;1;XEUR;12372482;688;
12.06.2025;13:26:26.364;FGBL SI 20250908 PS;SIMPLE_INSTRUMENT;EFS;EUR;110;131.36000000;241;EXCHANGE_LAST;;1;1;XEUR;12372482;688;
12.06.2025;13:27:47.973;FGBL SI 20250908 PS;SIMPLE_INSTRUMENT;EFS;EUR;111;130.66000000;424;EXCHANGE_LAST;;1;1;XEUR;12372482;688;
12.06.2025;13:36:45.578;FGBL SI 20250908 PS;SIMPLE_INSTRUMENT;EFS;EUR;112;131.32000000;210;EXCHANGE_LAST;;1;1;XEUR;12372482;688;
12.06.2025;13:39:58.963;FGBL SI 20250908 PS;SIMPLE_INSTRUMENT;EFS;EUR;113;131.32000000;419;EXCHANGE_LAST;;1;1;XEUR;12372482;688;
12.06.2025;13:41:03.116;FGBL SI 20250908 PS;SIMPLE_INSTRUMENT;EFS;EUR;114;131.32000000;210;EXCHANGE_LAST;;1;1;XEUR;12372482;688;
12.06.2025;13:45:05.331;FGBL SI 20250908 PS;SIMPLE_INSTRUMENT;EFS;EUR;115;131.33000000;416;EXCHANGE_LAST;;1;1;XEUR;12372482;688;
12.06.2025;13:47:24.916;FGBL SI 20250908 PS;SIMPLE_INSTRUMENT;EFP_FIN;EUR;116;131.34000000;326;EXCHANGE_LAST;;1;1;XEUR;12372482;688;
12.06.2025;13:47:44.605;FGBL SI 20250908 PS;SIMPLE_INSTRUMENT;EFP_FIN;EUR;117;131.34000000;237;EXCHANGE_LAST;;1;1;XEUR;12372482;688;
12.06.2025;13:51:43.513;FGBL SI 20250908 PS;SIMPLE_INSTRUMENT;EFS;EUR;118;131.33000000;386;EXCHANGE_LAST;;1;1;XEUR;12372482;688;
12.06.2025;13:56:22.885;FGBL SI 20250908 PS;SIMPLE_INSTRUMENT;EFS;EUR;119;131.32000000;419;EXCHANGE_LAST;;1;1;XEUR;12372482;688;
12.06.2025;14:00:06.956;FGBL SI 20250908 PS;SIMPLE_INSTRUMENT;EFS;EUR;120;131.28000000;419;EXCHANGE_LAST;;1;1;XEUR;12372482;688;
12.06.2025;14:06:03.405;FGBL SI 20250908 PS;SIMPLE_INSTRUMENT;EFS;EUR;121;131.28000000;420;EXCHANGE_LAST;;1;1;XEUR;12372482;688;
12.06.2025;14:07:23.459;FGBL SI 20250908 PS;SIMPLE_INSTRUMENT;EFS;EUR;122;131.28000000;420;EXCHANGE_LAST;;1;1;XEUR;12372482;688;
12.06.2025;14:07:32.370;FGBL SI 20250908 PS;SIMPLE_INSTRUMENT;EFS;EUR;123;131.31000000;210;EXCHANGE_LAST;;1;1;XEUR;12372482;688;
12.06.2025;14:08:06.011;FGBL SI 20250908 PS;SIMPLE_INSTRUMENT;EFS;EUR;124;131.32000000;210;EXCHANGE_LAST;;1;1;XEUR;12372482;688;
12.06.2025;14:11:23.518;FGBL SI 20250908 PS;SIMPLE_INSTRUMENT;EFS;EUR;125;131.28000000;419;EXCHANGE_LAST;;1;1;XEUR;12372482;688;
12.06.2025;14:12:19.273;FGBL SI 20250908 PS;SIMPLE_INSTRUMENT;EFS;EUR;126;131.30000000;241;EXCHANGE_LAST;;1;1;XEUR;12372482;688;
12.06.2025;14:13:18.689;FGBL SI 20250908 PS;SIMPLE_INSTRUMENT;EFS;EUR;127;131.30000000;839;EXCHANGE_LAST;;1;1;XEUR;12372482;688;
12.06.2025;14:23:38.739;FGBL SI 20250908 PS;SIMPLE_INSTRUMENT;EFP_FIN;EUR;128;131.29000000;75;EXCHANGE_LAST;;1;1;XEUR;12372482;688;
12.06.2025;14:23:59.807;FGBL SI 20250908 PS;SIMPLE_INSTRUMENT;EFS;EUR;129;131.31000000;1361;EXCHANGE_LAST;;1;1;XEUR;12372482;688;
12.06.2025;14:26:10.692;FGBL SI 20250908 PS;SIMPLE_INSTRUMENT;EFP_FIN;EUR;130;131.29000000;326;EXCHANGE_LAST;;1;1;XEUR;12372482;688;
12.06.2025;14:27:07.251;FGBL SI 20250908 PS;SIMPLE_INSTRUMENT;EFS;EUR;131;131.31000000;1000;EXCHANGE_LAST;;1;1;XEUR;12372482;688;
12.06.2025;14:29:10.428;FGBL SI 20250908 PS;SIMPLE_INSTRUMENT;EFS;EUR;132;131.31000000;420;EXCHANGE_LAST;;1;1;XEUR;12372482;688;
12.06.2025;14:29:29.477;FGBL SI 20250908 PS;SIMPLE_INSTRUMENT;EFP_FIN;EUR;133;131.30000000;326;EXCHANGE_LAST;;1;1;XEUR;12372482;688;
12.06.2025;14:37:48.288;FGBL SI 20250908 PS;SIMPLE_INSTRUMENT;EFS;EUR;134;131.30000000;419;EXCHANGE_LAST;;1;1;XEUR;12372482;688;
12.06.2025;14:39:10.614;FGBL SI 20250908 PS;SIMPLE_INSTRUMENT;EFS;EUR;135;131.29000000;419;EXCHANGE_LAST;;1;1;XEUR;12372482;688;
12.06.2025;14:41:55.148;FGBL SI 20250908 PS;SIMPLE_INSTRUMENT;EFS;EUR;136;131.30000000;210;EXCHANGE_LAST;;1;1;XEUR;12372482;688;
12.06.2025;14:42:00.999;FGBL SI 20250908 PS;SIMPLE_INSTRUMENT;EFS;EUR;137;131.25000000;420;EXCHANGE_LAST;;1;1;XEUR;12372482;688;
12.06.2025;14:43:51.085;FGBL SI 20250908 PS;SIMPLE_INSTRUMENT;EFS;EUR;138;131.26000000;420;EXCHANGE_LAST;;1;1;XEUR;12372482;688;
12.06.2025;14:49:42.347;FGBL SI 20250908 PS;SIMPLE_INSTRUMENT;EFS;EUR;139;131.27000000;420;EXCHANGE_LAST;;1;1;XEUR;12372482;688;
12.06.2025;14:50:02.824;FGBL SI 20250908 PS;SIMPLE_INSTRUMENT;EFP_FIN;EUR;140;131.29000000;302;EXCHANGE_LAST;;1;1;XEUR;12372482;688;
12.06.2025;14:55:09.290;FGBL SI 20250908 PS;SIMPLE_INSTRUMENT;EFP_FIN;EUR;142;131.30000000;200;EXCHANGE_LAST;;1;1;XEUR;12372482;688;
12.06.2025;14:52:37.463;FGBL SI 20250908 PS;SIMPLE_INSTRUMENT;EFS;EUR;143;131.28000000;420;EXCHANGE_LAST;;1;1;XEUR;12372482;688;
12.06.2025;14:55:29.894;FGBL SI 20250908 PS;SIMPLE_INSTRUMENT;EFP_FIN;EUR;144;131.29000000;200;EXCHANGE_LAST;;1;1;XEUR;12372482;688;
12.06.2025;14:56:15.353;FGBL SI 20250908 PS;SIMPLE_INSTRUMENT;EFP_FIN;EUR;145;131.29000000;80;EXCHANGE_LAST;;1;1;XEUR;12372482;688;
12.06.2025;14:56:57.559;FGBL SI 20250908 PS;SIMPLE_INSTRUMENT;EFS;EUR;146;131.26000000;419;EXCHANGE_LAST;;1;1;XEUR;12372482;688;
12.06.2025;14:57:07.679;FGBL SI 20250908 PS;SIMPLE_INSTRUMENT;EFS;EUR;147;131.27000000;419;EXCHANGE_LAST;;1;1;XEUR;12372482;688;
12.06.2025;14:58:32.355;FGBL SI 20250908 PS;SIMPLE_INSTRUMENT;EFS;EUR;148;131.28000000;241;EXCHANGE_LAST;;1;1;XEUR;12372482;688;
12.06.2025;14:59:08.431;FGBL SI 20250908 PS;SIMPLE_INSTRUMENT;EFS;EUR;149;131.27000000;243;EXCHANGE_LAST;;1;1;XEUR;12372482;688;
12.06.2025;14:59:37.112;FGBL SI 20250908 PS;SIMPLE_INSTRUMENT;EFS;EUR;150;131.27000000;419;EXCHANGE_LAST;;1;1;XEUR;12372482;688;
12.06.2025;14:59:43.808;FGBL SI 20250908 PS;SIMPLE_INSTRUMENT;EFS;EUR;151;131.28000000;210;EXCHANGE_LAST;;1;1;XEUR;12372482;688;
12.06.2025;14:59:56.506;FGBL SI 20250908 PS;SIMPLE_INSTRUMENT;EFS;EUR;152;131.27000000;419;EXCHANGE_LAST;;1;1;XEUR;12372482;688;
12.06.2025;15:01:03.895;FGBL SI 20250908 PS;SIMPLE_INSTRUMENT;EFS;EUR;153;131.28000000;210;EXCHANGE_LAST;;1;1;XEUR;12372482;688;
12.06.2025;15:01:18.910;FGBL SI 20250908 PS;SIMPLE_INSTRUMENT;EFS;EUR;154;131.28000000;420;EXCHANGE_LAST;;1;1;XEUR;12372482;688;
12.06.2025;15:06:09.220;FGBL SI 20250908 PS;SIMPLE_INSTRUMENT;EFS;EUR;155;131.27000000;100;EXCHANGE_LAST;;1;1;XEUR;12372482;688;
12.06.2025;15:14:53.740;FGBL SI 20250908 PS;SIMPLE_INSTRUMENT;EFS;EUR;156;131.31000000;419;EXCHANGE_LAST;;1;1;XEUR;12372482;688;
12.06.2025;15:20:09.806;FGBL SI 20250908 PS;SIMPLE_INSTRUMENT;EFS;EUR;157;131.33000000;420;EXCHANGE_LAST;;1;1;XEUR;12372482;688;
12.06.2025;15:20:34.436;FGBL SI 20250908 PS;SIMPLE_INSTRUMENT;EFS;EUR;158;131.31000000;1000;EXCHANGE_LAST;;1;1;XEUR;12372482;688;
12.06.2025;15:22:10.580;FGBL SI 20250908 PS;SIMPLE_INSTRUMENT;EFS;EUR;159;131.31000000;144;EXCHANGE_LAST;;1;1;XEUR;12372482;688;
12.06.2025;15:23:29.948;FGBL SI 20250908 PS;SIMPLE_INSTRUMENT;EFS;EUR;160;131.36000000;210;EXCHANGE_LAST;;1;1;XEUR;12372482;688;
12.06.2025;15:24:19.993;FGBL SI 20250908 PS;SIMPLE_INSTRUMENT;EFS;EUR;161;131.32000000;420;EXCHANGE_LAST;;1;1;XEUR;12372482;688;
12.06.2025;15:24:30.004;FGBL SI 20250908 PS;SIMPLE_INSTRUMENT;EFS;EUR;162;131.31000000;210;EXCHANGE_LAST;;1;1;XEUR;12372482;688;
12.06.2025;15:24:35.009;FGBL SI 20250908 PS;SIMPLE_INSTRUMENT;EFS;EUR;163;131.28000000;210;EXCHANGE_LAST;;1;1;XEUR;12372482;688;
12.06.2025;15:27:40.161;FGBL SI 20250908 PS;SIMPLE_INSTRUMENT;EFS;EUR;164;131.36000000;210;EXCHANGE_LAST;;1;1;XEUR;12372482;688;
12.06.2025;15:28:55.217;FGBL SI 20250908 PS;SIMPLE_INSTRUMENT;EFS;EUR;165;131.36000000;419;EXCHANGE_LAST;;1;1;XEUR;12372482;688;
12.06.2025;15:34:37.253;FGBL SI 20250908 PS;SIMPLE_INSTRUMENT;EFS;EUR;166;131.35000000;483;EXCHANGE_LAST;;1;1;XEUR;12372482;688;
12.06.2025;15:35:49.741;FGBL SI 20250908 PS;SIMPLE_INSTRUMENT;EFS;EUR;167;131.36000000;210;EXCHANGE_LAST;;1;1;XEUR;12372482;688;
12.06.2025;15:36:03.279;FGBL SI 20250908 PS;SIMPLE_INSTRUMENT;EFS;EUR;168;131.31000000;5000;EXCHANGE_LAST;;1;1;XEUR;12372482;688;
12.06.2025;15:36:20.138;FGBL SI 20250908 PS;SIMPLE_INSTRUMENT;EFS;EUR;169;131.36000000;210;EXCHANGE_LAST;;1;1;XEUR;12372482;688;
12.06.2025;15:57:25.955;FGBL SI 20250908 PS;SIMPLE_INSTRUMENT;EFS;EUR;170;131.36000000;100;EXCHANGE_LAST;;1;1;XEUR;12372482;688;
12.06.2025;15:56:29.359;FGBL SI 20250908 PS;SIMPLE_INSTRUMENT;EFS;EUR;171;131.35000000;294;EXCHANGE_LAST;;1;1;XEUR;12372482;688;
12.06.2025;16:01:04.555;FGBL SI 20250908 PS;SIMPLE_INSTRUMENT;EFS;EUR;172;131.35000000;420;EXCHANGE_LAST;;1;1;XEUR;12372482;688;
12.06.2025;16:01:14.565;FGBL SI 20250908 PS;SIMPLE_INSTRUMENT;EFS;EUR;173;131.36000000;210;EXCHANGE_LAST;;1;1;XEUR;12372482;688;
12.06.2025;16:08:54.151;FGBL SI 20250908 PS;SIMPLE_INSTRUMENT;EFS;EUR;174;131.35000000;193;EXCHANGE_LAST;;1;1;XEUR;12372482;688;
12.06.2025;07:05:25.231;FGBL SI 20250908 PS;SIMPLE_INSTRUMENT;VOLA;EUR;268435463;131.17000000;75;EXCHANGE_LAST;;1;1;XEUR;12372482;688;
12.06.2025;07:41:07.776;FGBL SI 20250908 PS;SIMPLE_INSTRUMENT;VOLA;EUR;268435467;131.15000000;139;EXCHANGE_LAST;;1;1;XEUR;12372482;688;
12.06.2025;07:41:22.777;FGBL SI 20250908 PS;SIMPLE_INSTRUMENT;VOLA;EUR;268435468;131.15000000;139;EXCHANGE_LAST;;1;1;XEUR;12372482;688;
12.06.2025;08:06:44.092;FGBL SI 20250908 PS;SIMPLE_INSTRUMENT;VOLA;EUR;268435475;131.12000000;180;EXCHANGE_LAST;;1;1;XEUR;12372482;688;
12.06.2025;08:07:14.097;FGBL SI 20250908 PS;SIMPLE_INSTRUMENT;VOLA;EUR;268435476;131.12000000;180;EXCHANGE_LAST;;1;1;XEUR;12372482;688;
12.06.2025;08:11:07.147;FGBL SI 20250908 PS;SIMPLE_INSTRUMENT;VOLA;EUR;268435481;131.10000000;44;EXCHANGE_LAST;;1;1;XEUR;12372482;688;
12.06.2025;08:11:49.153;FGBL SI 20250908 PS;SIMPLE_INSTRUMENT;VOLA;EUR;268435482;131.10000000;44;EXCHANGE_LAST;;1;1;XEUR;12372482;688;
12.06.2025;08:29:25.138;FGBL SI 20250908 PS;SIMPLE_INSTRUMENT;VOLA;EUR;268435492;131.12000000;10;EXCHANGE_LAST;;1;1;XEUR;12372482;688;
12.06.2025;09:01:21.634;FGBL SI 20250908 PS;SIMPLE_INSTRUMENT;VOLA;EUR;268435499;131.20000000;65;EXCHANGE_LAST;;1;1;XEUR;12372482;688;
12.06.2025;09:02:18.644;FGBL SI 20250908 PS;SIMPLE_INSTRUMENT;VOLA;EUR;268435500;131.20000000;65;EXCHANGE_LAST;;1;1;XEUR;12372482;688;
12.06.2025;11:34:51.908;FGBL SI 20250908 PS;SIMPLE_INSTRUMENT;VOLA;EUR;268435537;131.34000000;32;EXCHANGE_LAST;;1;1;XEUR;12372482;688;
12.06.2025;11:35:21.780;FGBL SI 20250908 PS;SIMPLE_INSTRUMENT;VOLA;EUR;268435538;131.34000000;33;EXCHANGE_LAST;;1;1;XEUR;12372482;688;
12.06.2025;12:08:20.275;FGBL SI 20250908 PS;SIMPLE_INSTRUMENT;VOLA;EUR;268435543;131.41000000;110;EXCHANGE_LAST;;1;1;XEUR;12372482;688;
12.06.2025;12:39:36.262;FGBL SI 20250908 PS;SIMPLE_INSTRUMENT;VOLA;EUR;268435547;131.38000000;35;EXCHANGE_LAST;;1;1;XEUR;12372482;688;
12.06.2025;14:13:19.780;FGBL SI 20250908 PS;SIMPLE_INSTRUMENT;VOLA;EUR;268435572;131.33000000;50;EXCHANGE_LAST;;1;1;XEUR;12372482;688;
12.06.2025;14:23:27.417;FGBL SI 20250908 PS;SIMPLE_INSTRUMENT;VOLA;EUR;268435577;131.32000000;56;EXCHANGE_LAST;;1;1;XEUR;12372482;688;
12.06.2025;06:55:48.929;FGBM SI 20250908 PS;SIMPLE_INSTRUMENT;EFS;EUR;1;118.04000000;883;EXCHANGE_LAST;;1;1;XEUR;12372483;689;
12.06.2025;07:20:50.156;FGBM SI 20250908 PS;SIMPLE_INSTRUMENT;EFS;EUR;2;118.05000000;1019;EXCHANGE_LAST;;1;1;XEUR;12372483;689;
12.06.2025;07:24:58.585;FGBM SI 20250908 PS;SIMPLE_INSTRUMENT;EFS;EUR;3;118.00000000;255;EXCHANGE_LAST;;1;1;XEUR;12372483;689;
12.06.2025;07:36:22.260;FGBM SI 20250908 PS;SIMPLE_INSTRUMENT;EFS;EUR;4;117.98000000;425;EXCHANGE_LAST;;1;1;XEUR;12372483;689;
12.06.2025;07:36:36.262;FGBM SI 20250908 PS;SIMPLE_INSTRUMENT;EFS;EUR;5;117.98000000;425;EXCHANGE_LAST;;1;1;XEUR;12372483;689;
12.06.2025;07:41:19.303;FGBM SI 20250908 PS;SIMPLE_INSTRUMENT;EFP_FIN;EUR;6;118.00000000;644;EXCHANGE_LAST;;1;1;XEUR;12372483;689;
12.06.2025;07:41:31.316;FGBM SI 20250908 PS;SIMPLE_INSTRUMENT;EFS;EUR;7;118.02000000;1019;EXCHANGE_LAST;;1;1;XEUR;12372483;689;
12.06.2025;07:53:33.667;FGBM SI 20250908 PS;SIMPLE_INSTRUMENT;EFS;EUR;8;118.01000000;850;EXCHANGE_LAST;;1;1;XEUR;12372483;689;
12.06.2025;08:09:16.577;FGBM SI 20250908 PS;SIMPLE_INSTRUMENT;EFS;EUR;9;118.01000000;1020;EXCHANGE_LAST;;1;1;XEUR;12372483;689;
12.06.2025;08:13:31.710;FGBM SI 20250908 PS;SIMPLE_INSTRUMENT;EFS;EUR;10;118.03000000;1697;EXCHANGE_LAST;;1;1;XEUR;12372483;689;
12.06.2025;08:18:49.184;FGBM SI 20250908 PS;SIMPLE_INSTRUMENT;EFS;EUR;11;118.05000000;441;EXCHANGE_LAST;;1;1;XEUR;12372483;689;
12.06.2025;08:21:23.719;FGBM SI 20250908 PS;SIMPLE_INSTRUMENT;EFP_FIN;EUR;12;118.05000000;429;EXCHANGE_LAST;;1;1;XEUR;12372483;689;
12.06.2025;08:21:28.094;FGBM SI 20250908 PS;SIMPLE_INSTRUMENT;EFS;EUR;13;118.05000000;1696;EXCHANGE_LAST;;1;1;XEUR;12372483;689;
12.06.2025;08:22:01.940;FGBM SI 20250908 PS;SIMPLE_INSTRUMENT;EFP_FIN;EUR;14;118.00000000;429;EXCHANGE_LAST;;1;1;XEUR;12372483;689;
12.06.2025;08:27:08.613;FGBM SI 20250908 PS;SIMPLE_INSTRUMENT;EFP_FIN;EUR;15;118.05000000;1865;EXCHANGE_LAST;;1;1;XEUR;12372483;689;
12.06.2025;08:28:32.775;FGBM SI 20250908 PS;SIMPLE_INSTRUMENT;EFS;EUR;16;118.05000000;661;EXCHANGE_LAST;;1;1;XEUR;12372483;689;
12.06.2025;08:29:12.677;FGBM SI 20250908 PS;SIMPLE_INSTRUMENT;EFP_FIN;EUR;17;118.05000000;488;EXCHANGE_LAST;;1;1;XEUR;12372483;689;
12.06.2025;08:30:50.269;FGBM SI 20250908 PS;SIMPLE_INSTRUMENT;EFS;EUR;18;118.05000000;661;EXCHANGE_LAST;;1;1;XEUR;12372483;689;
12.06.2025;08:46:42.340;FGBM SI 20250908 PS;SIMPLE_INSTRUMENT;EFS;EUR;19;118.03000000;1957;EXCHANGE_LAST;;1;1;XEUR;12372483;689;
12.06.2025;08:46:35.816;FGBM SI 20250908 PS;SIMPLE_INSTRUMENT;EFS;EUR;20;118.05000000;409;EXCHANGE_LAST;;1;1;XEUR;12372483;689;
12.06.2025;08:54:00.024;FGBM SI 20250908 PS;SIMPLE_INSTRUMENT;EFP_FIN;EUR;21;118.05000000;69;EXCHANGE_LAST;;1;1;XEUR;12372483;689;
12.06.2025;08:56:23.276;FGBM SI 20250908 PS;SIMPLE_INSTRUMENT;EFP_FIN;EUR;22;118.05000000;166;EXCHANGE_LAST;;1;1;XEUR;12372483;689;
12.06.2025;08:58:19.867;FGBM SI 20250908 PS;SIMPLE_INSTRUMENT;EFS;EUR;23;117.98000000;850;EXCHANGE_LAST;;1;1;XEUR;12372483;689;
12.06.2025;09:00:55.432;FGBM SI 20250908 PS;SIMPLE_INSTRUMENT;EFP_FIN;EUR;24;118.00000000;858;EXCHANGE_LAST;;1;1;XEUR;12372483;689;
12.06.2025;09:04:04.644;FGBM SI 20250908 PS;SIMPLE_INSTRUMENT;EFS;EUR;25;118.01000000;2736;EXCHANGE_LAST;;1;1;XEUR;12372483;689;
12.06.2025;09:04:18.533;FGBM SI 20250908 PS;SIMPLE_INSTRUMENT;EFS;EUR;26;118.04000000;882;EXCHANGE_LAST;;1;1;XEUR;12372483;689;
12.06.2025;09:05:17.955;FGBM SI 20250908 PS;SIMPLE_INSTRUMENT;EFP_FIN;EUR;27;117.99000000;858;EXCHANGE_LAST;;1;1;XEUR;12372483;689;
12.06.2025;09:05:26.651;FGBM SI 20250908 PS;SIMPLE_INSTRUMENT;EFP_FIN;EUR;28;117.99000000;858;EXCHANGE_LAST;;1;1;XEUR;12372483;689;
12.06.2025;09:08:26.740;FGBM SI 20250908 PS;SIMPLE_INSTRUMENT;EFP_FIN;EUR;29;118.00000000;157;EXCHANGE_LAST;;1;1;XEUR;12372483;689;
12.06.2025;09:07:43.524;FGBM SI 20250908 PS;SIMPLE_INSTRUMENT;EFP_FIN;EUR;30;118.00000000;867;EXCHANGE_LAST;;1;1;XEUR;12372483;689;
12.06.2025;09:07:57.668;FGBM SI 20250908 PS;SIMPLE_INSTRUMENT;EFS;EUR;31;118.03000000;882;EXCHANGE_LAST;;1;1;XEUR;12372483;689;
12.06.2025;09:10:47.791;FGBM SI 20250908 PS;SIMPLE_INSTRUMENT;EFS;EUR;32;118.01000000;882;EXCHANGE_LAST;;1;1;XEUR;12372483;689;
12.06.2025;09:12:05.824;FGBM SI 20250908 PS;SIMPLE_INSTRUMENT;EFS;EUR;33;118.01000000;489;EXCHANGE_LAST;;1;1;XEUR;12372483;689;
12.06.2025;09:15:21.491;FGBM SI 20250908 PS;SIMPLE_INSTRUMENT;EFS;EUR;34;118.00000000;441;EXCHANGE_LAST;;1;1;XEUR;12372483;689;
12.06.2025;09:17:33.269;FGBM SI 20250908 PS;SIMPLE_INSTRUMENT;EFS;EUR;35;118.00000000;112;EXCHANGE_LAST;;1;1;XEUR;12372483;689;
12.06.2025;09:17:17.615;FGBM SI 20250908 PS;SIMPLE_INSTRUMENT;EFS;EUR;36;118.00000000;882;EXCHANGE_LAST;;1;1;XEUR;12372483;689;
12.06.2025;09:19:12.463;FGBM SI 20250908 PS;SIMPLE_INSTRUMENT;EFP_FIN;EUR;37;118.01000000;464;EXCHANGE_LAST;;1;1;XEUR;12372483;689;
12.06.2025;09:20:34.632;FGBM SI 20250908 PS;SIMPLE_INSTRUMENT;EFS;EUR;38;118.00000000;1323;EXCHANGE_LAST;;1;1;XEUR;12372483;689;
12.06.2025;09:30:43.062;FGBM SI 20250908 PS;SIMPLE_INSTRUMENT;EFP_FIN;EUR;39;118.00000000;488;EXCHANGE_LAST;;1;1;XEUR;12372483;689;
12.06.2025;09:36:13.197;FGBM SI 20250908 PS;SIMPLE_INSTRUMENT;EFS;EUR;40;118.02000000;195;EXCHANGE_LAST;;1;1;XEUR;12372483;689;
12.06.2025;09:46:25.729;FGBM SI 20250908 PS;SIMPLE_INSTRUMENT;EFS;EUR;41;118.06000000;892;EXCHANGE_LAST;;1;1;XEUR;12372483;689;
12.06.2025;09:57:00.904;FGBM SI 20250908 PS;SIMPLE_INSTRUMENT;EFP_FIN;EUR;42;118.06000000;858;EXCHANGE_LAST;;1;1;XEUR;12372483;689;
12.06.2025;10:10:01.424;FGBM SI 20250908 PS;SIMPLE_INSTRUMENT;EFS;EUR;43;118.15000000;2931;EXCHANGE_LAST;;1;1;XEUR;12372483;689;
12.06.2025;10:34:48.833;FGBM SI 20250908 PS;SIMPLE_INSTRUMENT;EFS;EUR;44;118.13000000;403;EXCHANGE_LAST;;1;1;XEUR;12372483;689;
12.06.2025;10:35:14.718;FGBM SI 20250908 PS;SIMPLE_INSTRUMENT;EFS;EUR;45;118.11000000;441;EXCHANGE_LAST;;1;1;XEUR;12372483;689;
12.06.2025;10:36:25.112;FGBM SI 20250908 PS;SIMPLE_INSTRUMENT;EFS;EUR;46;118.11000000;441;EXCHANGE_LAST;;1;1;XEUR;12372483;689;
12.06.2025;10:37:34.508;FGBM SI 20250908 PS;SIMPLE_INSTRUMENT;EFS;EUR;47;118.11000000;881;EXCHANGE_LAST;;1;1;XEUR;12372483;689;
12.06.2025;11:15:01.467;FGBM SI 20250908 PS;SIMPLE_INSTRUMENT;EFS;EUR;48;118.12000000;1322;EXCHANGE_LAST;;1;1;XEUR;12372483;689;
12.06.2025;11:15:10.211;FGBM SI 20250908 PS;SIMPLE_INSTRUMENT;EFS;EUR;49;118.12000000;1322;EXCHANGE_LAST;;1;1;XEUR;12372483;689;
12.06.2025;11:05:57.797;FGBM SI 20250908 PS;SIMPLE_INSTRUMENT;BLOCK;EUR;50;118.11000000;4292;EXCHANGE_LAST;;1;1;XEUR;12372483;689;
12.06.2025;11:15:47.896;FGBM SI 20250908 PS;SIMPLE_INSTRUMENT;EFS;EUR;51;118.16000000;1763;EXCHANGE_LAST;;1;1;XEUR;12372483;689;
12.06.2025;11:16:24.492;FGBM SI 20250908 PS;SIMPLE_INSTRUMENT;EFS;EUR;52;118.14000000;250;EXCHANGE_LAST;;1;1;XEUR;12372483;689;
12.06.2025;11:37:14.534;FGBM SI 20250908 PS;SIMPLE_INSTRUMENT;EFS;EUR;53;118.12000000;1264;EXCHANGE_LAST;;1;1;XEUR;12372483;689;
12.06.2025;12:16:48.487;FGBM SI 20250908 PS;SIMPLE_INSTRUMENT;EFP_FIN;EUR;54;118.11000000;299;EXCHANGE_LAST;;1;1;XEUR;12372483;689;
12.06.2025;12:19:41.141;FGBM SI 20250908 PS;SIMPLE_INSTRUMENT;EFP_FIN;EUR;55;118.08000000;571;EXCHANGE_LAST;;1;1;XEUR;12372483;689;
12.06.2025;12:23:17.803;FGBM SI 20250908 PS;SIMPLE_INSTRUMENT;EFS;EUR;56;118.10000000;882;EXCHANGE_LAST;;1;1;XEUR;12372483;689;
12.06.2025;12:24:37.871;FGBM SI 20250908 PS;SIMPLE_INSTRUMENT;EFS;EUR;57;118.10000000;882;EXCHANGE_LAST;;1;1;XEUR;12372483;689;
12.06.2025;12:39:30.706;FGBM SI 20250908 PS;SIMPLE_INSTRUMENT;EFP_FIN;EUR;58;118.10000000;529;EXCHANGE_LAST;;1;1;XEUR;12372483;689;
12.06.2025;12:41:39.289;FGBM SI 20250908 PS;SIMPLE_INSTRUMENT;EFP_FIN;EUR;59;118.12000000;858;EXCHANGE_LAST;;1;1;XEUR;12372483;689;
12.06.2025;12:51:05.331;FGBM SI 20250908 PS;SIMPLE_INSTRUMENT;EFP_FIN;EUR;60;118.13000000;407;EXCHANGE_LAST;;1;1;XEUR;12372483;689;
12.06.2025;12:51:42.412;FGBM SI 20250908 PS;SIMPLE_INSTRUMENT;EFP_FIN;EUR;61;118.11000000;636;EXCHANGE_LAST;;1;1;XEUR;12372483;689;
12.06.2025;12:59:42.440;FGBM SI 20250908 PS;SIMPLE_INSTRUMENT;EFS;EUR;62;118.13000000;882;EXCHANGE_LAST;;1;1;XEUR;12372483;689;
12.06.2025;13:13:09.421;FGBM SI 20250908 PS;SIMPLE_INSTRUMENT;EFS;EUR;63;118.15000000;440;EXCHANGE_LAST;;1;1;XEUR;12372483;689;
12.06.2025;13:25:11.527;FGBM SI 20250908 PS;SIMPLE_INSTRUMENT;EFS;EUR;64;118.15000000;425;EXCHANGE_LAST;;1;1;XEUR;12372483;689;
12.06.2025;13:25:14.158;FGBM SI 20250908 PS;SIMPLE_INSTRUMENT;EFS;EUR;65;118.15000000;425;EXCHANGE_LAST;;1;1;XEUR;12372483;689;
12.06.2025;13:25:57.253;FGBM SI 20250908 PS;SIMPLE_INSTRUMENT;EFS;EUR;66;118.12000000;661;EXCHANGE_LAST;;1;1;XEUR;12372483;689;
12.06.2025;13:33:26.381;FGBM SI 20250908 PS;SIMPLE_INSTRUMENT;EFS;EUR;67;118.11000000;220;EXCHANGE_LAST;;1;1;XEUR;12372483;689;
12.06.2025;13:37:29.801;FGBM SI 20250908 PS;SIMPLE_INSTRUMENT;EFP_FIN;EUR;68;118.12000000;413;EXCHANGE_LAST;;1;1;XEUR;12372483;689;
12.06.2025;13:51:05.653;FGBM SI 20250908 PS;SIMPLE_INSTRUMENT;EFS;EUR;69;118.10000000;882;EXCHANGE_LAST;;1;1;XEUR;12372483;689;
12.06.2025;13:57:20.662;FGBM SI 20250908 PS;SIMPLE_INSTRUMENT;EFS;EUR;70;118.09000000;1392;EXCHANGE_LAST;;1;1;XEUR;12372483;689;
12.06.2025;14:00:18.463;FGBM SI 20250908 PS;SIMPLE_INSTRUMENT;EFS;EUR;71;118.12000000;371;EXCHANGE_LAST;;1;1;XEUR;12372483;689;
12.06.2025;14:05:09.923;FGBM SI 20250908 PS;SIMPLE_INSTRUMENT;EFS;EUR;72;118.09000000;725;EXCHANGE_LAST;;1;1;XEUR;12372483;689;
12.06.2025;14:13:32.500;FGBM SI 20250908 PS;SIMPLE_INSTRUMENT;EFS;EUR;73;118.10000000;782;EXCHANGE_LAST;;1;1;XEUR;12372483;689;
12.06.2025;14:13:43.708;FGBM SI 20250908 PS;SIMPLE_INSTRUMENT;EFS;EUR;74;118.08000000;882;EXCHANGE_LAST;;1;1;XEUR;12372483;689;
12.06.2025;14:21:14.084;FGBM SI 20250908 PS;SIMPLE_INSTRUMENT;EFS;EUR;75;118.08000000;250;EXCHANGE_LAST;;1;1;XEUR;12372483;689;
12.06.2025;14:23:27.551;FGBM SI 20250908 PS;SIMPLE_INSTRUMENT;EFS;EUR;76;118.08000000;850;EXCHANGE_LAST;;1;1;XEUR;12372483;689;
12.06.2025;14:23:27.551;FGBM SI 20250908 PS;SIMPLE_INSTRUMENT;EFS;EUR;77;118.09000000;489;EXCHANGE_LAST;;1;1;XEUR;12372483;689;
12.06.2025;14:37:58.203;FGBM SI 20250908 PS;SIMPLE_INSTRUMENT;EFS;EUR;78;118.12000000;841;EXCHANGE_LAST;;1;1;XEUR;12372483;689;
12.06.2025;14:49:07.321;FGBM SI 20250908 PS;SIMPLE_INSTRUMENT;EFS;EUR;79;118.07000000;882;EXCHANGE_LAST;;1;1;XEUR;12372483;689;
12.06.2025;14:50:48.845;FGBM SI 20250908 PS;SIMPLE_INSTRUMENT;EFP_FIN;EUR;80;118.09000000;116;EXCHANGE_LAST;;1;1;XEUR;12372483;689;
12.06.2025;14:53:31.216;FGBM SI 20250908 PS;SIMPLE_INSTRUMENT;EFS;EUR;81;118.10000000;3374;EXCHANGE_LAST;;1;1;XEUR;12372483;689;
12.06.2025;14:55:05.618;FGBM SI 20250908 PS;SIMPLE_INSTRUMENT;EFS;EUR;82;118.06000000;2532;EXCHANGE_LAST;;1;1;XEUR;12372483;689;
12.06.2025;14:59:49.548;FGBM SI 20250908 PS;SIMPLE_INSTRUMENT;EFS;EUR;83;118.08000000;338;EXCHANGE_LAST;;1;1;XEUR;12372483;689;
12.06.2025;15:09:39.352;FGBM SI 20250908 PS;SIMPLE_INSTRUMENT;EFS;EUR;84;118.10000000;441;EXCHANGE_LAST;;1;1;XEUR;12372483;689;
12.06.2025;15:23:50.971;FGBM SI 20250908 PS;SIMPLE_INSTRUMENT;EFS;EUR;85;118.10000000;441;EXCHANGE_LAST;;1;1;XEUR;12372483;689;
12.06.2025;15:35:05.940;FGBM SI 20250908 PS;SIMPLE_INSTRUMENT;EFS;EUR;86;118.10000000;2900;EXCHANGE_LAST;;1;1;XEUR;12372483;689;
12.06.2025;07:08:08.887;FGBS SI 20250908 PS;SIMPLE_INSTRUMENT;EFS;EUR;1;107.32000000;946;EXCHANGE_LAST;;1;1;XEUR;12372484;690;
12.06.2025;07:28:47.332;FGBS SI 20250908 PS;SIMPLE_INSTRUMENT;EFP_FIN;EUR;2;107.31000000;3616;EXCHANGE_LAST;;1;1;XEUR;12372484;690;
12.06.2025;07:33:11.248;FGBS SI 20250908 PS;SIMPLE_INSTRUMENT;EFS;EUR;3;107.31000000;1194;EXCHANGE_LAST;;1;1;XEUR;12372484;690;
12.06.2025;07:33:47.251;FGBS SI 20250908 PS;SIMPLE_INSTRUMENT;EFS;EUR;4;107.31000000;1194;EXCHANGE_LAST;;1;1;XEUR;12372484;690;
12.06.2025;07:53:37.991;FGBS SI 20250908 PS;SIMPLE_INSTRUMENT;EFS;EUR;5;107.31500000;2388;EXCHANGE_LAST;;1;1;XEUR;12372484;690;
12.06.2025;08:02:40.287;FGBS SI 20250908 PS;SIMPLE_INSTRUMENT;EFP_FIN;EUR;6;107.31000000;991;EXCHANGE_LAST;;1;1;XEUR;12372484;690;
12.06.2025;08:03:21.818;FGBS SI 20250908 PS;SIMPLE_INSTRUMENT;EFS;EUR;7;107.31500000;3786;EXCHANGE_LAST;;1;1;XEUR;12372484;690;
12.06.2025;08:11:07.342;FGBS SI 20250908 PS;SIMPLE_INSTRUMENT;EFP_FIN;EUR;8;107.31500000;107;EXCHANGE_LAST;;1;1;XEUR;12372484;690;
12.06.2025;08:21:56.457;FGBS SI 20250908 PS;SIMPLE_INSTRUMENT;EFS;EUR;9;107.32500000;842;EXCHANGE_LAST;;1;1;XEUR;12372484;690;
12.06.2025;08:22:17.942;FGBS SI 20250908 PS;SIMPLE_INSTRUMENT;EFS;EUR;10;107.33000000;824;EXCHANGE_LAST;;1;1;XEUR;12372484;690;
12.06.2025;08:29:26.566;FGBS SI 20250908 PS;SIMPLE_INSTRUMENT;EFS;EUR;11;107.34000000;769;EXCHANGE_LAST;;1;1;XEUR;12372484;690;
12.06.2025;08:32:58.946;FGBS SI 20250908 PS;SIMPLE_INSTRUMENT;EFP_FIN;EUR;12;107.33000000;1233;EXCHANGE_LAST;;1;1;XEUR;12372484;690;
12.06.2025;08:36:24.747;FGBS SI 20250908 PS;SIMPLE_INSTRUMENT;EFS;EUR;13;107.33500000;4745;EXCHANGE_LAST;;1;1;XEUR;12372484;690;
12.06.2025;08:45:52.069;FGBS SI 20250908 PS;SIMPLE_INSTRUMENT;EFS;EUR;14;107.32500000;5449;EXCHANGE_LAST;;1;1;XEUR;12372484;690;
12.06.2025;08:48:54.438;FGBS SI 20250908 PS;SIMPLE_INSTRUMENT;EFS;EUR;16;107.33000000;5449;EXCHANGE_LAST;;1;1;XEUR;12372484;690;
12.06.2025;08:53:15.572;FGBS SI 20250908 PS;SIMPLE_INSTRUMENT;EFS;EUR;17;107.33000000;5449;EXCHANGE_LAST;;1;1;XEUR;12372484;690;
12.06.2025;08:57:38.521;FGBS SI 20250908 PS;SIMPLE_INSTRUMENT;EFP_FIN;EUR;18;107.33500000;139;EXCHANGE_LAST;;1;1;XEUR;12372484;690;
12.06.2025;09:05:54.108;FGBS SI 20250908 PS;SIMPLE_INSTRUMENT;EFS;EUR;19;107.33000000;1635;EXCHANGE_LAST;;1;1;XEUR;12372484;690;
12.06.2025;09:11:31.957;FGBS SI 20250908 PS;SIMPLE_INSTRUMENT;EFS;EUR;20;107.32000000;992;EXCHANGE_LAST;;1;1;XEUR;12372484;690;
12.06.2025;09:17:24.549;FGBS SI 20250908 PS;SIMPLE_INSTRUMENT;EFS;EUR;21;107.33000000;1635;EXCHANGE_LAST;;1;1;XEUR;12372484;690;
12.06.2025;09:22:27.301;FGBS SI 20250908 PS;SIMPLE_INSTRUMENT;EFS;EUR;22;107.31500000;557;EXCHANGE_LAST;;1;1;XEUR;12372484;690;
12.06.2025;09:36:28.198;FGBS SI 20250908 PS;SIMPLE_INSTRUMENT;EFS;EUR;23;107.32000000;543;EXCHANGE_LAST;;1;1;XEUR;12372484;690;
12.06.2025;09:40:23.841;FGBS SI 20250908 PS;SIMPLE_INSTRUMENT;EFS;EUR;24;107.31500000;2479;EXCHANGE_LAST;;1;1;XEUR;12372484;690;
12.06.2025;09:53:27.955;FGBS SI 20250908 PS;SIMPLE_INSTRUMENT;EFP_FIN;EUR;25;107.33000000;1755;EXCHANGE_LAST;;1;1;XEUR;12372484;690;
12.06.2025;10:02:18.733;FGBS SI 20250908 PS;SIMPLE_INSTRUMENT;EFP_FIN;EUR;26;107.33000000;837;EXCHANGE_LAST;;1;1;XEUR;12372484;690;
12.06.2025;10:08:38.795;FGBS SI 20250908 PS;SIMPLE_INSTRUMENT;EFS;EUR;27;107.36000000;1362;EXCHANGE_LAST;;1;1;XEUR;12372484;690;
12.06.2025;10:09:44.905;FGBS SI 20250908 PS;SIMPLE_INSTRUMENT;EFP_FIN;EUR;28;107.36000000;932;EXCHANGE_LAST;;1;1;XEUR;12372484;690;
12.06.2025;10:33:07.867;FGBS SI 20250908 PS;SIMPLE_INSTRUMENT;EFS;EUR;29;107.34500000;708;EXCHANGE_LAST;;1;1;XEUR;12372484;690;
12.06.2025;10:33:25.868;FGBS SI 20250908 PS;SIMPLE_INSTRUMENT;EFS;EUR;30;107.34500000;237;EXCHANGE_LAST;;1;1;XEUR;12372484;690;
12.06.2025;10:48:01.364;FGBS SI 20250908 PS;SIMPLE_INSTRUMENT;EFS;EUR;31;107.35000000;1175;EXCHANGE_LAST;;1;1;XEUR;12372484;690;
12.06.2025;10:49:06.338;FGBS SI 20250908 PS;SIMPLE_INSTRUMENT;EFS;EUR;32;107.34500000;2500;EXCHANGE_LAST;;1;1;XEUR;12372484;690;
12.06.2025;10:59:08.749;FGBS SI 20250908 PS;SIMPLE_INSTRUMENT;EFP_FIN;EUR;33;107.36000000;662;EXCHANGE_LAST;;1;1;XEUR;12372484;690;
12.06.2025;11:05:44.022;FGBS SI 20250908 PS;SIMPLE_INSTRUMENT;EFS;EUR;34;107.36000000;576;EXCHANGE_LAST;;1;1;XEUR;12372484;690;
12.06.2025;11:17:23.620;FGBS SI 20250908 PS;SIMPLE_INSTRUMENT;EFP_FIN;EUR;35;107.36000000;930;EXCHANGE_LAST;;1;1;XEUR;12372484;690;
12.06.2025;11:19:54.267;FGBS SI 20250908 PS;SIMPLE_INSTRUMENT;EFS;EUR;36;107.36000000;704;EXCHANGE_LAST;;1;1;XEUR;12372484;690;
12.06.2025;11:38:05.582;FGBS SI 20250908 PS;SIMPLE_INSTRUMENT;EFP_FIN;EUR;37;107.35000000;558;EXCHANGE_LAST;;1;1;XEUR;12372484;690;
12.06.2025;11:51:39.091;FGBS SI 20250908 PS;SIMPLE_INSTRUMENT;EFS;EUR;38;107.34500000;2363;EXCHANGE_LAST;;1;1;XEUR;12372484;690;
12.06.2025;11:57:19.391;FGBS SI 20250908 PS;SIMPLE_INSTRUMENT;EFP_FIN;EUR;39;107.34000000;465;EXCHANGE_LAST;;1;1;XEUR;12372484;690;
12.06.2025;11:59:21.952;FGBS SI 20250908 PS;SIMPLE_INSTRUMENT;EFP_FIN;EUR;40;107.34000000;465;EXCHANGE_LAST;;1;1;XEUR;12372484;690;
12.06.2025;12:14:46.489;FGBS SI 20250908 PS;SIMPLE_INSTRUMENT;EFP_FIN;EUR;41;107.34000000;247;EXCHANGE_LAST;;1;1;XEUR;12372484;690;
12.06.2025;12:52:44.961;FGBS SI 20250908 PS;SIMPLE_INSTRUMENT;EFP_FIN;EUR;42;107.34000000;265;EXCHANGE_LAST;;1;1;XEUR;12372484;690;
12.06.2025;13:15:14.411;FGBS SI 20250908 PS;SIMPLE_INSTRUMENT;EFS;EUR;43;107.35500000;5000;EXCHANGE_LAST;;1;1;XEUR;12372484;690;
12.06.2025;13:23:55.807;FGBS SI 20250908 PS;SIMPLE_INSTRUMENT;EFS;EUR;44;107.36000000;1193;EXCHANGE_LAST;;1;1;XEUR;12372484;690;
12.06.2025;13:23:59.788;FGBS SI 20250908 PS;SIMPLE_INSTRUMENT;EFS;EUR;45;107.36000000;1193;EXCHANGE_LAST;;1;1;XEUR;12372484;690;
12.06.2025;13:26:42.083;FGBS SI 20250908 PS;SIMPLE_INSTRUMENT;EFP_FIN;EUR;46;107.35000000;205;EXCHANGE_LAST;;1;1;XEUR;12372484;690;
12.06.2025;13:45:05.331;FGBS SI 20250908 PS;SIMPLE_INSTRUMENT;EFS;EUR;47;107.35000000;2350;EXCHANGE_LAST;;1;1;XEUR;12372484;690;
12.06.2025;14:00:51.591;FGBS SI 20250908 PS;SIMPLE_INSTRUMENT;EFS;EUR;48;107.34000000;1193;EXCHANGE_LAST;;1;1;XEUR;12372484;690;
12.06.2025;14:13:14.632;FGBS SI 20250908 PS;SIMPLE_INSTRUMENT;EFS;EUR;49;107.34000000;2458;EXCHANGE_LAST;;1;1;XEUR;12372484;690;
12.06.2025;14:16:31.658;FGBS SI 20250908 PS;SIMPLE_INSTRUMENT;EFP_FIN;EUR;50;107.36000000;176;EXCHANGE_LAST;;1;1;XEUR;12372484;690;
12.06.2025;14:23:13.374;FGBS SI 20250908 PS;SIMPLE_INSTRUMENT;EFS;EUR;51;107.33500000;2458;EXCHANGE_LAST;;1;1;XEUR;12372484;690;
12.06.2025;14:23:27.551;FGBS SI 20250908 PS;SIMPLE_INSTRUMENT;EFS;EUR;52;107.34000000;2388;EXCHANGE_LAST;;1;1;XEUR;12372484;690;
12.06.2025;14:23:27.510;FGBS SI 20250908 PS;SIMPLE_INSTRUMENT;EFS;EUR;53;107.33500000;1362;EXCHANGE_LAST;;1;1;XEUR;12372484;690;
12.06.2025;14:23:46.595;FGBS SI 20250908 PS;SIMPLE_INSTRUMENT;EFP_FIN;EUR;54;107.33000000;1233;EXCHANGE_LAST;;1;1;XEUR;12372484;690;
12.06.2025;14:26:01.312;FGBS SI 20250908 PS;SIMPLE_INSTRUMENT;EFS;EUR;55;107.33500000;2724;EXCHANGE_LAST;;1;1;XEUR;12372484;690;
12.06.2025;14:30:06.843;FGBS SI 20250908 PS;SIMPLE_INSTRUMENT;EFP_FIN;EUR;56;107.34000000;1233;EXCHANGE_LAST;;1;1;XEUR;12372484;690;
12.06.2025;14:53:41.082;FGBS SI 20250908 PS;SIMPLE_INSTRUMENT;EFP_FIN;EUR;57;107.33000000;1106;EXCHANGE_LAST;;1;1;XEUR;12372484;690;
12.06.2025;14:59:49.384;FGBS SI 20250908 PS;SIMPLE_INSTRUMENT;EFP_FIN;EUR;58;107.33500000;868;EXCHANGE_LAST;;1;1;XEUR;12372484;690;
12.06.2025;15:01:58.341;FGBS SI 20250908 PS;SIMPLE_INSTRUMENT;EFS;EUR;59;107.34000000;1500;EXCHANGE_LAST;;1;1;XEUR;12372484;690;
12.06.2025;15:02:37.111;FGBS SI 20250908 PS;SIMPLE_INSTRUMENT;EFP_FIN;EUR;60;107.33500000;763;EXCHANGE_LAST;;1;1;XEUR;12372484;690;
12.06.2025;15:02:58.455;FGBS SI 20250908 PS;SIMPLE_INSTRUMENT;EFS;EUR;61;107.33500000;4703;EXCHANGE_LAST;;1;1;XEUR;12372484;690;
12.06.2025;15:06:41.667;FGBS SI 20250908 PS;SIMPLE_INSTRUMENT;EFP_FIN;EUR;62;107.34000000;1456;EXCHANGE_LAST;;1;1;XEUR;12372484;690;
12.06.2025;15:18:03.081;FGBS SI 20250908 PS;SIMPLE_INSTRUMENT;EFS;EUR;63;107.34500000;1634;EXCHANGE_LAST;;1;1;XEUR;12372484;690;
12.06.2025;15:33:22.325;FGBS SI 20250908 PS;SIMPLE_INSTRUMENT;EFS;EUR;64;107.34000000;2724;EXCHANGE_LAST;;1;1;XEUR;12372484;690;
12.06.2025;15:50:41.764;FGBS SI 20250908 PS;SIMPLE_INSTRUMENT;EFP_FIN;EUR;65;107.34000000;273;EXCHANGE_LAST;;1;1;XEUR;12372484;690;
12.06.2025;15:52:10.282;FGBS SI 20250908 PS;SIMPLE_INSTRUMENT;EFP_FIN;EUR;66;107.34000000;327;EXCHANGE_LAST;;1;1;XEUR;12372484;690;
12.06.2025;15:53:46.843;FGBS SI 20250908 PS;SIMPLE_INSTRUMENT;EFP_FIN;EUR;67;107.34000000;1331;EXCHANGE_LAST;;1;1;XEUR;12372484;690;
12.06.2025;16:00:07.876;FGBS SI 20250908 PS;SIMPLE_INSTRUMENT;EFP_FIN;EUR;68;107.34000000;352;EXCHANGE_LAST;;1;1;XEUR;12372484;690;
12.06.2025;16:00:29.905;FGBS SI 20250908 PS;SIMPLE_INSTRUMENT;EFP_FIN;EUR;69;107.34000000;808;EXCHANGE_LAST;;1;1;XEUR;12372484;690;
12.06.2025;13:44:39.283;FGBS SI 20250908 PS;SIMPLE_INSTRUMENT;VOLA;EUR;268435565;107.37500000;125;EXCHANGE_LAST;;1;1;XEUR;12372484;690;
12.06.2025;06:55:16.806;FGBX SI 20250908 PS;SIMPLE_INSTRUMENT;EFS;EUR;1;120.84000000;447;EXCHANGE_LAST;;1;1;XEUR;12372485;691;
12.06.2025;07:09:20.277;FGBX SI 20250908 PS;SIMPLE_INSTRUMENT;EFS;EUR;2;120.80000000;825;EXCHANGE_LAST;;1;1;XEUR;12372485;691;
12.06.2025;07:14:58.779;FGBX SI 20250908 PS;SIMPLE_INSTRUMENT;EFS;EUR;3;121.80000000;354;EXCHANGE_LAST;;1;1;XEUR;12372485;691;
12.06.2025;07:17:05.786;FGBX SI 20250908 PS;SIMPLE_INSTRUMENT;EFS;EUR;4;121.80000000;183;EXCHANGE_LAST;;1;1;XEUR;12372485;691;
12.06.2025;07:20:07.844;FGBX SI 20250908 PS;SIMPLE_INSTRUMENT;EFS;EUR;5;121.76000000;354;EXCHANGE_LAST;;1;1;XEUR;12372485;691;
12.06.2025;07:23:26.678;FGBX SI 20250908 PS;SIMPLE_INSTRUMENT;BLOCK;EUR;6;122.06000000;212;EXCHANGE_LAST;;1;1;XEUR;12372485;691;
12.06.2025;07:24:41.320;FGBX SI 20250908 PS;SIMPLE_INSTRUMENT;EFS;EUR;7;121.84000000;442;EXCHANGE_LAST;;1;1;XEUR;12372485;691;
12.06.2025;07:24:52.769;FGBX SI 20250908 PS;SIMPLE_INSTRUMENT;BLOCK;EUR;8;121.76000000;530;EXCHANGE_LAST;;1;1;XEUR;12372485;691;
12.06.2025;07:25:19.811;FGBX SI 20250908 PS;SIMPLE_INSTRUMENT;EFS;EUR;9;121.96000000;177;EXCHANGE_LAST;;1;1;XEUR;12372485;691;
12.06.2025;07:26:32.808;FGBX SI 20250908 PS;SIMPLE_INSTRUMENT;EFS;EUR;10;121.78000000;440;EXCHANGE_LAST;;1;1;XEUR;12372485;691;
12.06.2025;07:28:11.802;FGBX SI 20250908 PS;SIMPLE_INSTRUMENT;EFS;EUR;11;121.76000000;815;EXCHANGE_LAST;;1;1;XEUR;12372485;691;
12.06.2025;07:30:33.474;FGBX SI 20250908 PS;SIMPLE_INSTRUMENT;EFS;EUR;12;121.80000000;815;EXCHANGE_LAST;;1;1;XEUR;12372485;691;
12.06.2025;07:30:44.540;FGBX SI 20250908 PS;SIMPLE_INSTRUMENT;EFS;EUR;13;121.82000000;177;EXCHANGE_LAST;;1;1;XEUR;12372485;691;
12.06.2025;07:42:14.077;FGBX SI 20250908 PS;SIMPLE_INSTRUMENT;EFS;EUR;15;121.48000000;545;EXCHANGE_LAST;;1;1;XEUR;12372485;691;
12.06.2025;07:43:28.803;FGBX SI 20250908 PS;SIMPLE_INSTRUMENT;BLOCK;EUR;16;121.60000000;212;EXCHANGE_LAST;;1;1;XEUR;12372485;691;
12.06.2025;07:58:52.969;FGBX SI 20250908 PS;SIMPLE_INSTRUMENT;EFS;EUR;18;121.24000000;90;EXCHANGE_LAST;;1;1;XEUR;12372485;691;
12.06.2025;08:07:44.039;FGBX SI 20250908 PS;SIMPLE_INSTRUMENT;EFS;EUR;19;121.46000000;355;EXCHANGE_LAST;;1;1;XEUR;12372485;691;
12.06.2025;08:09:26.825;FGBX SI 20250908 PS;SIMPLE_INSTRUMENT;EFS;EUR;20;121.58000000;214;EXCHANGE_LAST;;1;1;XEUR;12372485;691;
12.06.2025;08:09:38.944;FGBX SI 20250908 PS;SIMPLE_INSTRUMENT;EFS;EUR;21;121.46000000;355;EXCHANGE_LAST;;1;1;XEUR;12372485;691;
12.06.2025;08:20:39.312;FGBX SI 20250908 PS;SIMPLE_INSTRUMENT;EFS;EUR;22;121.60000000;69;EXCHANGE_LAST;;1;1;XEUR;12372485;691;
12.06.2025;08:27:49.409;FGBX SI 20250908 PS;SIMPLE_INSTRUMENT;EFS;EUR;23;121.28000000;185;EXCHANGE_LAST;;1;1;XEUR;12372485;691;
12.06.2025;08:49:02.299;FGBX SI 20250908 PS;SIMPLE_INSTRUMENT;EFP_FIN;EUR;24;121.80000000;1613;EXCHANGE_LAST;;1;1;XEUR;12372485;691;
12.06.2025;08:52:16.338;FGBX SI 20250908 PS;SIMPLE_INSTRUMENT;EFS;EUR;25;121.62000000;274;EXCHANGE_LAST;;1;1;XEUR;12372485;691;
12.06.2025;10:33:05.678;FGBX SI 20250908 PS;SIMPLE_INSTRUMENT;EFP_FIN;EUR;35;121.60000000;403;EXCHANGE_LAST;;1;1;XEUR;12372485;691;
12.06.2025;11:54:46.197;FGBX SI 20250908 PS;SIMPLE_INSTRUMENT;EFS;EUR;41;122.22000000;203;EXCHANGE_LAST;;1;1;XEUR;12372485;691;
12.06.2025;13:07:47.613;FGBX SI 20250908 PS;SIMPLE_INSTRUMENT;EFP_FIN;EUR;47;122.26000000;53;EXCHANGE_LAST;;1;1;XEUR;12372485;691;
12.06.2025;13:50:15.031;FGBX SI 20250908 PS;SIMPLE_INSTRUMENT;EFS;EUR;49;122.30000000;203;EXCHANGE_LAST;;1;1;XEUR;12372485;691;
12.06.2025;14:30:42.978;FGBX SI 20250908 PS;SIMPLE_INSTRUMENT;EFP_FIN;EUR;51;122.16000000;92;EXCHANGE_LAST;;1;1;XEUR;12372485;691;
12.06.2025;14:28:28.617;FGBX SI 20250908 PS;SIMPLE_INSTRUMENT;EFP_FIN;EUR;52;122.16000000;62;EXCHANGE_LAST;;1;1;XEUR;12372485;691;
12.06.2025;14:31:50.866;FGBX SI 20250908 PS;SIMPLE_INSTRUMENT;EFP_FIN;EUR;54;122.16000000;308;EXCHANGE_LAST;;1;1;XEUR;12372485;691;
12.06.2025;15:19:37.195;FGBX SI 20250908 PS;SIMPLE_INSTRUMENT;EFP_FIN;EUR;57;122.30000000;693;EXCHANGE_LAST;;1;1;XEUR;12372485;691;
12.06.2025;15:27:54.992;FGBX SI 20250908 PS;SIMPLE_INSTRUMENT;EFP_FIN;EUR;58;122.30000000;211;EXCHANGE_LAST;;1;1;XEUR;12372485;691;
12.06.2025;15:28:39.222;FGBX SI 20250908 PS;SIMPLE_INSTRUMENT;EFP_FIN;EUR;59;122.24000000;486;EXCHANGE_LAST;;1;1;XEUR;12372485;691;
12.06.2025;16:08:37.448;FGBX SI 20250908 PS;SIMPLE_INSTRUMENT;EFS;EUR;60;122.38000000;81;EXCHANGE_LAST;;1;1;XEUR;12372485;691;
12.06.2025;16:08:54.151;FGBX SI 20250908 PS;SIMPLE_INSTRUMENT;EFS;EUR;61;122.40000000;81;EXCHANGE_LAST;;1;1;XEUR;12372485;691;
12.06.2025;13:58:02.738;FGDV.S.JUN25.SEP25.SPD;FUTURES_SPREAD;BLOCK;EUR;31;24.50000000;1500;EXCHANGE_LAST;;1;1;XEUR;72262047366119502;47603;
12.06.2025;13:58:02.738;FGDV SI 20250922 CS;SIMPLE_INSTRUMENT;BLOCK;EUR;31;3045.50000000;1500;PRC_DECOMP_MEMBER;;;;XEUR;12516371;47603;MEMBER
12.06.2025;13:58:02.738;FGDV SI 20250623 CS;SIMPLE_INSTRUMENT;BLOCK;EUR;31;3070.00000000;1500;PRC_DECOMP_MEMBER;;;;XEUR;11947830;47603;MEMBER
12.06.2025;13:57:54.990;FGDV.S.JUN25.SEP25.SPD;FUTURES_SPREAD;BLOCK;EUR;32;24.50000000;1500;EXCHANGE_LAST;;1;1;XEUR;72262047366119502;47603;
12.06.2025;13:57:54.990;FGDV SI 20250922 CS;SIMPLE_INSTRUMENT;BLOCK;EUR;32;3045.50000000;1500;PRC_DECOMP_MEMBER;;;;XEUR;12516371;47603;MEMBER
12.06.2025;13:57:54.990;FGDV SI 20250623 CS;SIMPLE_INSTRUMENT;BLOCK;EUR;32;3070.00000000;1500;PRC_DECOMP_MEMBER;;;;XEUR;11947830;47603;MEMBER
12.06.2025;13:57:45.799;FGDV.S.JUN25.SEP25.SPD;FUTURES_SPREAD;BLOCK;EUR;33;24.50000000;160;EXCHANGE_LAST;;1;1;XEUR;72262047366119502;47603;
12.06.2025;13:57:45.799;FGDV SI 20250623 CS;SIMPLE_INSTRUMENT;BLOCK;EUR;33;3070.00000000;160;PRC_DECOMP_MEMBER;;;;XEUR;11947830;47603;MEMBER
12.06.2025;13:57:45.799;FGDV SI 20250922 CS;SIMPLE_INSTRUMENT;BLOCK;EUR;33;3045.50000000;160;PRC_DECOMP_MEMBER;;;;XEUR;12516371;47603;MEMBER
12.06.2025;14:04:57.645;FGDV.S.JUN25.SEP25.SPD;FUTURES_SPREAD;BLOCK;EUR;34;24.50000000;1375;EXCHANGE_LAST;;3;4;XEUR;72262047366119502;47603;
12.06.2025;14:04:57.645;FGDV SI 20250922 CS;SIMPLE_INSTRUMENT;BLOCK;EUR;34;3045.50000000;1375;PRC_DECOMP_MEMBER;;;;XEUR;12516371;47603;MEMBER
12.06.2025;14:04:57.645;FGDV SI 20250623 CS;SIMPLE_INSTRUMENT;BLOCK;EUR;34;3070.00000000;1375;PRC_DECOMP_MEMBER;;;;XEUR;11947830;47603;MEMBER
12.06.2025;11:00:03.612;FIA5 SI 20250619 PS AM P 9.00 0;SIMPLE_INSTRUMENT;BLOCK;EUR;7;0.31500000;2000;EXCHANGE_LAST;;1;1;XEUR;11340121;48227;
12.06.2025;14:04:13.015;FIN SI 20261218 PS AM P 48.00 0;SIMPLE_INSTRUMENT;BLOCK;CHF;63;2.65000000;500;EXCHANGE_LAST;;1;1;XEUR;12442150;671;
12.06.2025;08:13:42.333;FMAU SI 20250620 CS;SIMPLE_INSTRUMENT;BLOCK;USD;65;6120.00000000;2451;EXCHANGE_LAST;;1;3;XEUR;7939462;45287;
12.06.2025;08:13:32.999;FMAU SI 20250919 CS;SIMPLE_INSTRUMENT;BLOCK;USD;66;6187.93200000;2424;EXCHANGE_LAST;;3;1;XEUR;8428451;45287;
12.06.2025;08:17:37.861;FMAU SI 20250620 CS;SIMPLE_INSTRUMENT;BLOCK;USD;70;6113.00000000;1846;EXCHANGE_LAST;;1;1;XEUR;7939462;45287;
12.06.2025;08:18:15.723;FMAU SI 20250919 CS;SIMPLE_INSTRUMENT;BLOCK;USD;71;6180.85400000;1826;EXCHANGE_LAST;;1;1;XEUR;8428451;45287;
12.06.2025;14:20:38.379;FMBZ.S.JUN25.SEP25.SPD;FUTURES_SPREAD;BLOCK;USD;155;-6.04000000;174;EXCHANGE_LAST;;1;1;XEUR;73788079311159699;402910;
12.06.2025;14:20:38.379;FMBZ SI 20250919 CS;SIMPLE_INSTRUMENT;BLOCK;USD;155;558.07000000;174;PRC_DECOMP_EXCHANGE;;;;XEUR;8429950;402910;EXCHANGE
12.06.2025;14:20:38.379;FMBZ SI 20250620 CS;SIMPLE_INSTRUMENT;BLOCK;USD;155;552.03000000;174;PRC_DECOMP_EXCHANGE;;;;XEUR;7940814;402910;EXCHANGE
12.06.2025;00:37:32.431;FMCH SI 20250620 CS;SIMPLE_INSTRUMENT;BLOCK;USD;2;603.92500000;2057;EXCHANGE_LAST;;1;1;XEUR;7940815;402909;
12.06.2025;03:49:26.123;FMCH SI 20250919 CS;SIMPLE_INSTRUMENT;BLOCK;USD;12;608.32100000;1645;EXCHANGE_LAST;;1;1;XEUR;8429949;402909;
12.06.2025;03:49:38.482;FMCH SI 20250620 CS;SIMPLE_INSTRUMENT;BLOCK;USD;13;602.00000000;1662;EXCHANGE_LAST;;1;1;XEUR;7940815;402909;
12.06.2025;04:23:42.636;FMCH SI 20250620 CS;SIMPLE_INSTRUMENT;BLOCK;USD;14;602.10000000;5959;EXCHANGE_LAST;;2;3;XEUR;7940815;402909;
12.06.2025;04:18:40.017;FMCH SI 20250620 CS;SIMPLE_INSTRUMENT;BLOCK;USD;15;602.05000000;1661;EXCHANGE_LAST;;1;1;XEUR;7940815;402909;
12.06.2025;04:23:57.601;FMCH SI 20250919 CS;SIMPLE_INSTRUMENT;BLOCK;USD;16;608.42200000;5899;EXCHANGE_LAST;;3;2;XEUR;8429949;402909;
